1962 3334
264 285 377 329 ,1490
679 283 1010 318 APOCALYPSIS
1041 286 1342 319 EXPLICATA.

439 407 518 429 cum
533 397 617 437 Ipso
631 397 853 438 loquentes.’'
872 423 879 430 .
895 423 902 430 .
916 423 923 430 .
938 423 945 431 .
955 398 1062 430 Petro
1075 399 1217 431 “adhuc
1226 400 1404 442 loquente,
1415 411 1495 433 ecce
1508 402 1622 434 nubes
1635 401 1755 435 lucida

440 442 667 473 obumbravit
690 442 782 480 illos,
800 448 835 473 et
855 452 936 473 ecce
957 452 1027 473 vox
1047 453 1066 474 e
1086 444 1180 475 nube
1199 444 1332 482 dicens,
1356 444 1426 476 Hic
1446 452 1501 477 est
1522 445 1633 478 Filius
1653 456 1755 478 meus

439 483 618 523 dilectus„
634 510 641 517 .
655 510 662 517 .
677 510 684 517 .
695 485 818 526 Ipsum
835 486 957 518 audite
968 485 986 498 ”
1002 485 1145 527 (Matth.
1159 487 1243 519 xvii.
1261 496 1364 526 1-10;
1388 489 1500 521 Marc.
1515 489 1560 521 ix.
1577 489 1675 530 1-11)
1689 499 1696 528 ;

265 572 311 608 et
337 567 456 620 apud
481 566 659 616 Lucam,

332 649 441 681 Petro
454 650 474 664 ‘¹
485 650 572 681 haec
590 650 769 691 loquente,
784 648 880 682 faeta
897 656 952 683 est
970 652 1093 690 nubes,
1106 657 1142 683 et
1159 652 1389 684 obumbravit
1403 652 1483 684 illos
1498 662 1505 691 ;
1529 653 1625 685 unde
1642 654 1756 686 territi

440 699 534 731 sunt,
555 694 638 725 dum
660 694 814 734 ingressi
835 700 919 726 sunt
943 695 979 726 in
1001 696 1153 730 nubem:
1182 696 1245 727 sed
1265 706 1335 727 vox
1354 694 1450 728 faeta
1466 702 1520 728 est
1543 707 1563 728 e
1587 698 1682 729 nube
1706 697 1758 729 di-

439 747 535 775 cens,
559 737 628 769 Hic
645 744 701 769 est
720 738 830 769 Filius
848 748 950 770 meus
963 737 1125 778 dilectus,
1146 738 1253 771 Hunc
1270 740 1390 771 audite
1401 739 1419 751 '’
1436 739 1494 780 (ix.
1512 748 1563 779 34,
1582 739 1657 781 35):

267 834 489 876 Dominus
515 836 558 875 in
584 835 669 876 hac
697 836 1097 877 transformatione
1123 837 1261 877 etiam
1289 838 1649 890 repraesentavit
1675 837 1757 878 Di-

265 898 419 938 vinum
438 897 623 946 Verum,
644 899 764 952 quod
782 905 853 939 est
868 899 1070 940 Verbum
1090 913 1098 950 ;
1132 913 1237 939 nam
1255 900 1476 940 Dominus
1496 900 1758 942 Humanum

265 974 408 1010 suum,
429 975 530 1002 cum
548 962 591 1002 in
610 962 780 1003 mundo
796 961 891 1010 fuit,
911 962 1017 1003 fecit
1036 962 1250 1003 Divinum
1269 962 1455 1011 Verum,
1476 969 1523 1004 et
1540 976 1641 1004 cum
1660 964 1759 1004 exi·

265 1024 333 1064 vit
353 1038 377 1064 e
400 1025 569 1065 mundo
586 1025 692 1065 fecit
713 1024 974 1065 Humanum
993 1038 1123 1065 suum
1140 1025 1352 1066 Divinum
1371 1025 1546 1066 Bonum
1561 1040 1639 1079 per
1661 1027 1758 1066 uni—

266 1088 439 1128 tionem
462 1101 564 1128 cum
586 1089 683 1141 ipso
707 1087 886 1136 Divino,
907 1088 1026 1141 quod
1048 1088 1094 1128 in
1118 1088 1223 1141 Ipso
1245 1088 1325 1128 fuit
1348 1102 1407 1129 ex
1431 1089 1756 1142 conceptione:

267 1149 371 1186 (quod
394 1150 552 1179 Dominus
577 1151 767 1179 Humanum
790 1159 883 1179 suum
906 1151 1013 1179 fecerit
1036 1150 1187 1179 Divinum
1209 1151 1331 1179 Verum
1354 1160 1427 1180 cum
1449 1151 1506 1180 fuit
1527 1151 1559 1179 in
1581 1152 1713 1185 mundo,
1729 1155 1760 1180 et

264 1200 376 1232 postea
399 1195 550 1224 Divinum
575 1196 712 1230 Bonum,
728 1196 873 1225 videatur
891 1196 922 1224 in
940 1196 1099 1224 Dollrina
1114 1197 1224 1225 Novae
1239 1197 1484 1233 Hierosolymae,
1500 1205 1530 1225 n.
1547 1197 1703 1233 303-306:
1729 1201 1761 1225 et

259 1245 355 1286 ⁴quod
371 1245 530 1274 Dominus
545 1246 583 1274 sit
595 1246 793 1279 Verbum,n.
808 1246 900 1284 263:)
932 1235 1038 1275 inde
1061 1241 1132 1275 est
1159 1235 1280 1288 quod
1303 1235 1498 1288 singula,
1522 1249 1637 1288 quae
1662 1235 1759 1275 visa

268 1301 374 1336 sunt
393 1296 498 1336 dum
518 1296 879 1344 transformatus,
900 1295 1158 1349 significent
1174 1296 1387 1344 Divinum
1406 1295 1576 1337 Verum
1600 1309 1758 1349 proce-

267 1357 380 1399 dens
395 1372 454 1399 ex
468 1358 632 1399 Divino
645 1359 773 1399 Bono
785 1359 981 1399 Domini.
1033 1359 1245 1399 Divinum
1259 1359 1433 1409 Bonum
1448 1359 1598 1399 Divini
1611 1358 1756 1400 Amo-

267 1422 339 1470 ris,
357 1421 476 1476 quod
493 1423 537 1462 in
554 1422 673 1475 Ipso,
693 1436 718 1462 a
737 1436 825 1476 quo
841 1422 931 1475 Ipsi
949 1423 992 1462 in
1010 1421 1224 1463 Humano
1241 1422 1454 1462 Divinum
1471 1421 1641 1462 Verum
1659 1422 1757 1470 fuit,

266 1492 658 1538 repraesentatum
677 1492 746 1526 est
762 1499 841 1539 per
858 1485 977 1539 quod
995 1484 1311 1539 “splenduerit
1327 1485 1463 1526 facies
1482 1485 1627 1538 Ipsius
1642 1485 1757 1526 sicut

268 1548 337 1589 sol
354 1548 389 1589 :”
419 1548 554 1589 facies
578 1549 697 1589 enim
715 1554 1029 1602 repraesentat
1051 1549 1279 1596 interiora,
1299 1562 1435 1602 quare
1458 1547 1570 1588 haec
1595 1562 1673 1601 per
1693 1548 1758 1589 sa-

265 1610 382 1650 ciem
408 1609 591 1650 elucent
614 1624 622 1659 ;
655 1615 701 1650 et
727 1609 834 1650 “sol
861 1609 1086 1663 significat
1114 1609 1329 1649 Divinum
1355 1608 1580 1650 Amorem
1602 1619 1762 1657 (videatur

264 1689 370 1718 supra,
386 1690 418 1710 n.
434 1680 581 1721 401[b],
596 1669 807 1720 [¹1412[b]):
837 1669 1053 1710 Divinum
1075 1669 1249 1709 Verum
1272 1674 1670 1722 repraesentatum
1687 1674 1758 1709 est

265 1745 344 1785 per
365 1732 656 1779 vestimenta,
677 1730 798 1784 quod
820 1729 938 1771 saeta
960 1731 1050 1771 sint
1074 1731 1188 1771 sicut
1208 1730 1286 1770 lux
1306 1745 1314 1779 ;
1351 1731 1663 1771 “vestimenta
1678 1729 1698 1745 ”
1714 1730 1759 1770 in

265 1793 422 1835 Verbo
449 1793 707 1847 significant
734 1807 854 1842 vera,
883 1807 935 1834 ac
966 1794 1282 1834 “vestimenta
1306 1792 1520 1833 Domini”
1543 1792 1757 1833 Divinum

265 1855 439 1896 Verum
456 1866 614 1905 (videatur
629 1866 723 1894 etiam
739 1875 845 1903 supra,
861 1875 891 1895 n.
907 1854 976 1906 64,
994 1865 1091 1907 271,
1110 1863 1263 1906 395[d])
1281 1868 1290 1904 ;
1322 1859 1601 1907 quapropter
1618 1854 1757 1894 etiam

264 1923 568 1971 apparuerunt
595 1917 747 1957 “sicut
772 1916 850 1956 lux
870 1916 903 1967 ;”
926 1929 1030 1956 nam
1054 1916 1265 1956 Divinum
1290 1915 1459 1956 Verum
1482 1915 1588 1955 facit
1612 1914 1757 1956 lucem

264 1981 306 2021 in
347 1980 476 2021 caelo
513 1980 738 2034 angelico,
779 1986 825 2021 et
863 1979 967 2020 inde
1002 1978 1152 2019 “lux'’
1183 1979 1227 2019 in
1260 1978 1415 2018 Verbo
1451 1978 1495 2018 id
1533 1977 1758 2030 significat

265 2052 321 2090 (de
340 2061 405 2089 qua
423 2061 456 2081 re
475 2052 507 2081 in
527 2061 623 2089 opere
646 2053 695 2080 De
717 2052 807 2081 Caelo
826 2055 856 2080 et
870 2051 1007 2090 lnferno,
1023 2060 1054 2080 n.
1073 2050 1238 2088 126-140).
1299 2038 1526 2092 Quoniam
1552 2038 1757 2079 Verbum

263 2103 385 2158 quod
415 2109 485 2144 est
513 2102 725 2143 Divinum
753 2101 939 2150 Verum,
968 2107 1360 2155 repraesentatum
1393 2106 1477 2148 est,
1506 2099 1608 2140 ideo
1638 2100 1757 2140 “visi

263 2172 368 2207 sunt
393 2165 547 2206 Moses
570 2171 616 2206 et
640 2165 765 2205 Elias
788 2178 890 2205 cum
916 2165 1022 2218 Ipso
1046 2164 1285 2217 loquentes
1306 2163 1339 2213 ;‘’
1366 2177 1444 2216 per
1463 2161 1694 2203 “Mosen”
1711 2169 1759 2203 et

264 2243 343 2283 per
373 2228 597 2269 “Eliam”
624 2227 904 2281 significatur
936 2227 1154 2275 Verbum,
1188 2240 1267 2280 per
1295 2226 1496 2266 “Mosen
1509 2225 1528 2240 ”
1554 2225 1758 2266 Verbum

265 2291 544 2332 Historicum
578 2298 624 2332 et
657 2305 735 2345 per
763 2289 983 2331 “Eliam”
1009 2289 1212 2330 Verbum
1246 2288 1580 2342 Propheticum.
1640 2287 1757 2328 Ver-

262 2355 368 2395 bum
410 2361 563 2395 autem
602 2355 646 2394 in
688 2353 842 2395 littera
882 2358 1274 2407 repraesentatum
1312 2357 1382 2392 est
1423 2364 1502 2404 per
1525 2349 1759 2391 “nubem’'

261 2431 376 2471 quae
403 2417 691 2458 obumbravit
718 2415 978 2470 discipulos,
1007 2422 1053 2457 et
1085 2416 1129 2456 in
1161 2428 1295 2468 quam
1328 2413 1535 2467 discipuli
1566 2414 1758 2467 ingressi
1802 2443 1804 2446 -

261 2486 393 2531 sunt;
441 2494 520 2533 per
561 2479 806 2533 discipulos
847 2480 966 2520 enim
1013 2479 1057 2518 in
1099 2478 1255 2519 Verbo
1295 2482 1642 2530 repraesentata
1686 2483 1757 2518 est

261 2542 469 2592 ecclesia,
505 2556 619 2596 quae
659 2557 713 2583 eo
751 2548 957 2596 tempore
995 2548 1042 2582 et
1079 2547 1241 2595 postea
1279 2540 1426 2581 solum
1464 2540 1507 2580 in
1544 2540 1660 2580 veris
1697 2553 1757 2580 ex

261 2619 395 2646 sensu
432 2605 614 2646 litterae
648 2605 819 2656 fuerat;
863 2611 909 2646 et
946 2605 1049 2658 quia
1080 2603 1285 2645 revelata
1317 2610 1363 2644 et
1395 2616 1613 2656 responsa
1644 2602 1757 2644 fiunt

261 2682 341 2722 per
377 2668 590 2709 Divinum
625 2668 796 2708 Verum
835 2668 878 2708 in
919 2668 1103 2715 ultimis,
1143 2673 1191 2707 ut
1232 2667 1276 2706 in
1314 2666 1529 2719 superiori
1565 2665 1756 2707 articulo

261 2730 430 2773 dictum
458 2737 543 2779 est,
573 2737 618 2771 et
652 2731 737 2771 hoc
766 2743 921 2771 verum
954 2736 1025 2771 est
1057 2729 1189 2783 quale
1216 2735 1286 2770 est
1313 2742 1469 2769 verum
1496 2742 1653 2770 sensus
1680 2728 1755 2769 lit-

261 2800 387 2835 terae
415 2793 569 2842 Verbi,
598 2794 700 2834 ideo
726 2792 892 2834 factum
919 2799 989 2834 est
1017 2793 1135 2846 quod
1163 2796 1291 2832 “vox
1315 2805 1338 2832 e
1362 2791 1478 2832 nube
1504 2791 1659 2831 audita
1680 2791 1753 2839 sit,
1785 2815 1791 2823 ι

261 2857 431 2904 dicens,
463 2856 549 2896 Hic
577 2862 646 2897 est
680 2856 820 2896 Filius
847 2869 973 2896 meus
1005 2853 1209 2902 dileetus,
1240 2854 1392 2908 Ipsum
1425 2853 1578 2894 audite
1595 2852 1629 2904 ;‘'
1665 2851 1752 2893 hoc

260 2925 345 2968 est,
373 2919 493 2973 quod
523 2919 625 2972 Ipse
653 2920 710 2960 sit
739 2919 951 2959 Divinum
979 2918 1150 2959 Verum
1177 2931 1255 2958 seu
1287 2917 1504 2958 Verbum.
