1962 3334
303 293 411 347 1506
714 302 1046 336 APOCALYPSIS
1078 303 1377 336 EXPLICATA.

294 419 360 458 ita
391 430 550 458 omnes
583 431 716 470 super
747 432 860 471 quos
888 417 1102 471 judicium
1141 417 1302 459 ultimo
1335 424 1542 471 tempore
1573 417 1794 459 ecclesiae

294 479 489 521 futurum
517 487 613 531 est;
648 494 752 521 nam
779 494 937 521 omnes
964 482 1038 535 qui
1064 482 1107 522 in
1135 481 1256 522 bono
1282 482 1447 522 amoris
1473 481 1518 522 in
1546 481 1792 522 Dominum

295 551 342 585 et
373 545 477 585 inde
509 545 554 584 in
586 545 707 585 bono
739 544 978 585 charitatis
1010 551 1056 586 et
1089 544 1192 586 fidei
1221 545 1416 594 suerunt,
1444 551 1554 586 ante
1586 544 1795 586 ultimum

289 606 505 660 judicium
542 609 587 648 in
624 608 801 649 caelum
835 608 1003 649 sublati
1031 615 1169 659 sunt;
1211 615 1258 650 et
1286 622 1445 650 omnes
1476 610 1550 662 qui
1586 610 1631 649 in
1670 608 1795 649 nullo

296 672 418 712 bono
445 672 684 712 charitatis
711 678 757 712 et
784 672 888 713 inde
911 671 1013 720 fide,
1037 673 1226 725 proinde
1253 685 1411 713 omnes
1437 674 1512 726 qui
1538 673 1726 714 interius
1747 678 1795 713 et

296 735 427 775 simul
469 736 672 776 exterius
714 735 820 776 mali
861 735 1054 784 fuerunt,
1090 737 1135 776 in
1175 736 1396 777 infernum
1437 742 1546 777 ante
1586 736 1795 777 ultimum

290 798 505 851 judicium
543 797 736 851 conjecti
774 805 905 850 sunt;
952 806 1000 840 at
1038 801 1111 853 qui
1153 800 1341 840 interius
1377 800 1484 841 boni
1515 800 1709 848 suerunt,
1747 805 1795 840 et

296 874 387 902 non
414 875 555 915 aeque
588 863 805 910 exterius,
834 869 880 902 et
914 863 987 916 qui
1019 863 1206 903 interius
1239 862 1345 903 mali
1371 862 1550 903 suerunt
1581 869 1628 903 at
1660 868 1795 903 exte-

294 925 384 964 rius
410 925 454 964 in
481 925 616 972 bono,
645 938 804 965 omnes
831 924 894 965 illi
926 923 1069 966 relicti
1097 931 1201 965 sunt
1234 925 1291 965 ad
1319 925 1528 966 ultimum
1551 924 1794 978 judicium;

294 993 402 1028 tunc
435 988 508 1041 qui
540 988 727 1028 interius
760 987 866 1028 boni
897 987 1091 1036 fuerunt,
1120 987 1287 1029 sublati
1320 994 1425 1028 sunt
1457 989 1502 1028 in
1529 987 1720 1036 caelum,
1747 988 1802 1028 et¹

293 1049 368 1101 qui
393 1049 580 1089 interius
613 1048 720 1088 mali
750 1048 946 1096 fuerunt,
974 1049 1172 1101 conjecti
1199 1055 1306 1089 sunt
1337 1049 1381 1089 in
1411 1049 1636 1089 infernum
1662 1059 1718 1097 (de
1732 1068 1798 1096 qua

293 1122 326 1142 re
346 1113 515 1142 videantur
534 1122 617 1149 quae
638 1122 677 1141 ex
698 1113 770 1141 visis
790 1117 821 1141 et
836 1113 953 1142 auditis
973 1113 1060 1142 didta
1078 1117 1153 1142 sunt
1172 1113 1204 1142 in
1225 1113 1382 1150 opusculo
1403 1114 1454 1142 De
1479 1114 1596 1142 Ultimo
1619 1113 1766 1153 Judicio)
1783 1115 1792 1142 ἰ

293 1177 351 1204 ex
385 1162 472 1204 illis
511 1170 724 1204 constare
758 1170 914 1216 potest
952 1163 1073 1217 quod
1111 1177 1191 1217 per
1225 1163 1446 1204 “hircos”
1477 1163 1796 1217 intelligantur

292 1226 356 1266 illi
379 1227 452 1279 qui
476 1227 519 1266 in
538 1226 624 1267 fide
643 1233 857 1279 separata
879 1240 905 1267 a
923 1226 1151 1267 charitate
1168 1226 1375 1286 >fuerunt;
1409 1226 1794 1280 quemadmodum

294 1289 436 1330 etiam
465 1303 543 1342 per

358 1378 568 1429 “Hircums’
598 1379 694 1462 ap13d
721 1379 902 1410 Danielem
932 1378 1021 1420 (cap.
1047 1379 1121 1411 viii.
1149 1378 1257 1418 5-25),
1283 1385 1319 1411 et
1347 1378 1444 1419 apud
1467 1378 1675 1410 Ezechielem
1700 1376 1791 1419 (cap.

472 1432 592 1454 xxxnv.
615 1430 652 1461 17
669 1447 676 1454 .

289 1510 404 1551 Inde
443 1517 656 1551 constare
691 1517 847 1564 potest
887 1511 1007 1564 quod
1046 1525 1125 1564 per
1164 1510 1458 1559 “dextram,''
1490 1510 1563 1551 ubi
1603 1509 1794 1559 “oves,”

290 1573 577 1626 intelligatur
603 1574 773 1613 bonum
800 1573 1039 1614 charitatis
1066 1580 1112 1614 et
1140 1574 1244 1614 inde
1270 1573 1399 1624 fidei;
1439 1579 1485 1614 et
1517 1587 1596 1627 per
1624 1573 1793 1613 “sinis-

289 1635 449 1683 tram,‘’
472 1636 545 1675 ubi
575 1635 764 1683 “hirci‚’'
792 1635 1080 1689 intelligatur
1112 1635 1223 1676 fides
1256 1642 1468 1689 separata
1499 1649 1525 1676 a
1551 1635 1792 1676 charitate.

290 1697 425 1751 Quod
452 1698 611 1738 ovibus
638 1696 808 1738 dictum
836 1699 893 1739 sit
922 1699 1042 1752 quod
1069 1699 1397 1752 “possiderent
1421 1704 1638 1751 tanquam
1662 1697 1792 1738 here-

289 1761 484 1801 ditatem
522 1767 732 1814 paratum
771 1760 858 1801 illis
896 1774 1087 1814 regnum
1127 1775 1152 1801 a
1189 1761 1456 1802 fundatione
1495 1759 1691 1808 mundi‚''
1722 1766 1793 1800 est

289 1824 392 1877 quia
423 1824 467 1864 in
501 1823 639 1864 caelis
667 1838 692 1864 a
725 1824 904 1864 dextris
937 1831 1006 1865 est
1034 1825 1259 1873 meridies,
1287 1824 1360 1865 ubi
1392 1830 1498 1865 sunt
1530 1836 1688 1864 omnes
1719 1823 1794 1876 qui

289 1886 334 1926 in
361 1887 477 1927 veris
505 1901 564 1927 ex
592 1887 714 1927 bono
742 1893 846 1928 sunt
868 1901 876 1937 ;
916 1887 961 1927 in
988 1888 1085 1940 ipsa
1111 1888 1231 1928 enim
1259 1886 1540 1927 meridionali
1566 1892 1696 1940 parte
1721 1891 1793 1926 est

289 1949 435 2002 ipsum
463 1949 676 1990 Divinum
701 1950 953 2002 procedens
978 1949 1086 1998 tale,
1111 1949 1231 2003 quod
1255 1949 1526 2003 intelligitur
1548 1963 1627 2003 per
1651 1952 1792 2001 “reg-

290 2023 396 2052 num
419 2019 628 2066 paratum
655 2026 680 2052 a
707 2012 975 2053 fundatione
1000 2013 1156 2052 mundi
1174 2012 1209 2052 :'’
1241 2013 1344 2053 ideo
1371 2026 1548 2066 quoque
1571 2018 1794 2053 vocantur

286 2071 558 2115 '“benediffi
592 2075 737 2115 Patris
777 2074 917 2125 mei;”
963 2089 1042 2128 per
1077 2074 1329 2115 “Patrem''
1361 2074 1633 2128 intelligitur
1665 2074 1792 2115 Divi-

290 2150 395 2178 num
421 2137 611 2186 Bonum,
638 2152 696 2178 ex
721 2151 809 2191 quo
837 2138 990 2178 omnia
1017 2137 1145 2178 caeli.
1208 2137 1274 2178 At
1299 2137 1354 2178 de
1378 2137 1527 2186 hircis,
1552 2135 1630 2191 qui'
1652 2151 1678 2178 a
1700 2138 1791 2178 sin-

289 2200 426 2248 istris,
470 2213 560 2240 non
607 2201 772 2240 dicitur
815 2203 1063 2253 “paratum
1101 2214 1127 2240 a
1171 2200 1435 2240 fundatione
1476 2199 1671 2248 mundi‚”
1711 2200 1791 2241 sed

292 2263 449 2316 “ignis
489 2270 702 2303 aeternus
745 2270 930 2316 paratus
973 2262 1157 2303 diabolo
1198 2269 1244 2303 et
1286 2263 1460 2316 angelis
1502 2262 1594 2316 ejus
1613 2262 1647 2313 ;'’
1689 2264 1792 2316 quia

289 2325 396 2366 mali
434 2326 517 2366 sibi
555 2327 662 2378 ipsis
703 2332 866 2379 parant
905 2326 1138 2366 infernum.
1213 2325 1452 2368 Vocantur
1491 2324 1791 2367 “maledicti'’

289 2388 392 2442 quia
414 2402 493 2442 per
518 2392 543 2408 “
558 2387 826 2429 maledictos
840 2388 859 2403 ’'
883 2389 927 2428 in
948 2388 1105 2429 Verbo
1128 2387 1448 2441 intelliguntur
1465 2401 1624 2429 omnes
1647 2389 1720 2442 qui
1743 2402 1790 2429 se

282 2457 502 2504 ¹avertunt
530 2465 555 2491 a
584 2451 795 2500 Domino,
822 2464 928 2491 nam
956 2450 1020 2491 illi
1047 2450 1252 2503 rejiciunt
1281 2450 1554 2491 charitatem
1581 2457 1627 2491 et
1655 2450 1788 2491 fidem

289 2513 522 2555 ecclesiae.
586 2513 706 2566 Quid
726 2528 805 2567 per
826 2515 1017 2567 “ignem
1037 2520 1272 2555 aeternum
1285 2513 1304 2528 '¹
1322 2513 1615 2566 significatur,
1635 2514 1790 2554 videa-

289 2581 363 2616 tur
387 2575 431 2615 in
457 2589 595 2628 opere
621 2575 692 2615 De
720 2575 851 2616 Caelo
874 2582 918 2615 et
940 2575 1124 2626 Inferno
1150 2585 1194 2623 (n.
1215 2585 1384 2623 566-575)·
1443 2574 1527 2615 Per

355 2664 374 2678 ‘⁴
386 2663 498 2695 Binos
512 2663 707 2701 latrones,”
722 2673 875 2704 quorum
889 2673 982 2694 unus
997 2673 1018 2693 a
1034 2662 1170 2694 dextris
1187 2668 1222 2693 et
1238 2662 1330 2694 alter
1343 2673 1364 2693 a
1377 2662 1535 2694 sinistris
1550 2662 1698 2694 Domini
1713 2672 1790 2694 cru-

463 2707 557 2738 cifixi
575 2707 722 2738 fuerunt
739 2707 882 2747 (Mattlc.
901 2707 1009 2738 xxvii.
1027 2707 1089 2745 38;
1114 2707 1225 2738 [Πανί.
1246 2716 1302 2738 xv.
1322 2714 1362 2745 27
1379 2716 1386 2745 ;
1410 2707 1493 2738 Luc.
1508 2707 1605 2738 xxiii.
1624 2706 1754 2747 39-43)‚

289 2795 458 2837 similes
485 2796 805 2849 intelliguntur
831 2795 904 2849 qui
937 2809 1016 2849 per
1051 2799 1197 2836 “oves
1213 2794 1233 2810 ''
1259 2800 1306 2836 et
1339 2795 1412 2849 qui
1439 2809 1518 2849 per
1547 2795 1734 2836 “hircos
1753 2794 1787 2845 ;'’

289 2873 425 2913 quare
458 2859 546 2907 uni,
575 2860 648 2912 qui
680 2859 870 2911 agnovit
900 2858 1159 2906 Dominum,
1188 2856 1357 2898 dictum
1387 2864 1472 2907 est,
1501 2858 1622 2912 quod
1647 2861 1785 2902 “cum

287 2921 397 2980 lpso
422 2926 544 2963 esset
571 2922 615 2961 in
643 2921 893 2962 Paradiso.‘’
953 2920 1091 2974 Apud
1119 2920 1386 2970 Jolzannem,
