1962 3334
295 254 399 306 1782
705 262 1035 295 APOCALYPSIS
1066 264 1364 296 EXPLICATA.

289 376 560 417 instauratio
583 389 728 417 novae
754 376 974 418 ecclesiae
1001 391 1079 430 per
1104 378 1447 431 inspirationem
1471 391 1615 419 novae
1641 379 1776 428 vitae,

288 453 366 481 seu
398 453 477 492 per
508 440 919 492 regenerationem,
953 440 1222 480 describitur
1254 454 1332 493 per
1367 440 1608 489 “nervos,’'
1641 444 1777 482 “car-

289 502 426 543 nem''
448 508 494 542 et
521 506 546 521 ‘⁴
562 501 755 550 cutem,‘'
777 502 937 555 quibus
960 503 1118 543 induta
1141 508 1187 543 et
1211 501 1515 543 circumducta
1537 509 1640 544 sunt
1659 517 1776 552 ossa,

288 571 334 605 et
366 565 583 618 imprimis
615 578 693 618 per
728 564 1007 618 “spiritum''
1040 565 1114 618 qui
1145 565 1331 605 intravit
1363 565 1407 605 in
1444 565 1560 613 illos,
1594 580 1653 606 ex
1690 579 1779 619 quo

288 629 528 678 vixerunt;
573 642 652 681 per
695 628 972 681 “spiritum”
1012 628 1055 668 in
1097 627 1184 668 illis
1225 629 1363 668 etiam
1403 627 1462 668 ibi
1502 627 1779 681 significatur

288 691 491 743 receptio
514 690 708 730 influxus
732 690 882 731 Divini
901 690 1024 740 Veri,
1044 697 1090 731 et
1113 690 1217 730 inde
1239 691 1333 731 vita
1355 691 1624 743 spiritualis:
1657 691 1778 744 quod

289 754 515 807 propheta
543 754 715 794 diceret
738 753 795 793 ad
819 760 1022 802 ventum,
1050 753 1134 793 “A
1157 759 1349 806 quatuor
1370 755 1519 794 ventis
1544 754 1660 802 veni,
1687 754 1777 807 spi-

288 815 439 864 ritus,”
458 822 528 857 est
552 817 654 869 quia
677 830 757 869 per
782 819 1013 869 “quatuor
1034 822 1198 856 ventos
1214 815 1233 830 ''
1255 815 1565 868 significantur
1586 822 1778 869 quatuor

288 879 451 932 plagae
483 880 527 919 in
561 879 730 919 mundo
762 878 997 931 spirituali,
1031 885 1077 919 et
1116 892 1194 931 per
1229 882 1460 931 “quatuor
1495 877 1686 931 plagas'’
1718 878 1777 918 ibi

288 940 598 994 significantur
625 941 745 981 bona
770 942 937 981 amoris
970 947 1016 982 et
1043 955 1149 982 vera
1175 938 1407 981 doctrinae
1434 941 1477 981 in
1505 941 1626 981 omni
1652 953 1776 981 com-

288 1002 429 1055 plexu
470 1013 525 1051 (de
548 1022 612 1050 qua
635 1022 743 1041 earum
767 1013 1000 1050 significatione
1023 1013 1168 1041 videatur
1190 1021 1295 1050 supra,
1319 1021 1350 1042 n.
1370 1011 1466 1054 417.
1485 1003 1777 1054 418‚.4I9[d,e]‚

285 1066 368 1106 422
386 1075 391 1101 ;
417 1070 448 1095 et
463 1066 494 1094 in
510 1075 606 1103 opere
623 1067 673 1095 De
693 1067 782 1095 Caelo
797 1069 827 1094 et
842 1066 980 1104 Inferna,
995 1075 1025 1095 n.
1042 1063 1241 1104 141—UJ150).

367 1129 510 1170 666.
549 1129 626 1168 “ft
647 1131 855 1168 steret-uni
876 1141 1001 1180 supet·
1014 1127 1183 1180 pedibus
1206 1126 1530 1180 suis.''—Quod
1553 1126 1776 1180 significet

287 1189 426 1230 vitam
448 1203 617 1239 novam,
642 1189 789 1243 qualis
810 1196 876 1230 est
896 1189 1066 1229 lzomz‘nz'
1085 1188 1284 1229 ecclesiae
1305 1195 1572 1241 regenerato,
1593 1195 1776 1229 constat

287 1266 347 1292 ex
374 1252 706 1305 significatione
736 1256 761 1272 “
778 1252 939 1301 stare,”
967 1252 1086 1305 quod
1115 1253 1172 1292 sit
1200 1266 1298 1292 esse
1330 1258 1377 1292 et
1403 1252 1566 1300 vivere,
1593 1257 1639 1292 et
1666 1265 1776 1304 quo-

287 1327 374 1366 que
399 1314 624 1354 sustinere
655 1325 710 1362 (de
725 1333 789 1361 qua
803 1333 908 1361 supra,
925 1324 1096 1365 n.414);
1125 1319 1172 1353 et
1203 1327 1263 1352 ex
1294 1311 1626 1365 significatione
1655 1317 1775 1365 “pe-

288 1375 433 1423 dum,”
452 1376 572 1429 quod
599 1376 688 1416 sint
712 1375 932 1423 naturale,
952 1375 1071 1428 quod
1094 1381 1164 1415 est
1190 1374 1397 1414 ultimum
1421 1374 1587 1414 ordinis
1611 1374 1774 1423 Divini,

288 1443 335 1478 et
367 1438 487 1478 basis
520 1439 588 1478 cui
621 1439 767 1491 priora
799 1452 876 1478 seu
903 1438 1132 1491 superiora
1159 1438 1425 1485 innituntur,
1454 1444 1499 1478 et
1532 1451 1663 1490 super
1688 1451 1776 1491 qua

288 1496 544 1539 SUbSiS‘tfint
568 1510 623 1547 (de
640 1519 704 1547 qua
718 1510 813 1538 etiam
829 1518 934 1547 supra,
950 1518 982 1538 n.
1000 1499 1067 1551 69,
1082 1499 1232 1547 600[a]‚
1248 1498 1347 1547 606)
1365 1512 1373 1548 ζ
1405 1499 1509 1539 inde
1536 1512 1614 1551 per
1642 1503 1667 1519 ‘⁴
1680 1505 1774 1540 Ste-

288 1566 442 1600 terunt
481 1575 613 1614 super
645 1560 866 1614 pedibus''
899 1560 1179 1613 significatur
1210 1561 1305 1600 vita
1340 1561 1384 1599 in
1421 1560 1557 1613 pleno
1594 1561 1696 1614 quia
1731 1561 1775 1600 in

290 1622 478 1674 ultimo;
512 1624 631 1677 quod
659 1623 937 1676 significetur
962 1623 1057 1663 vita
1083 1636 1214 1671 nova,
1243 1629 1312 1663 est
1340 1623 1442 1676 quia
1471 1622 1694 1670 “testes,’'
1719 1623 1775 1663 de

288 1687 447 1740 quibus
473 1688 636 1740 agitur,
665 1687 838 1727 “occisi
864 1692 969 1727 sunt
996 1693 1042 1726 et
1065 1686 1326 1726 revixerunt
1344 1685 1378 1725 :”
1409 1686 1528 1739 quod
1556 1685 1659 1726 talis
1681 1686 1777 1726 vita

287 1750 359 1790 hic
387 1763 465 1803 per
494 1755 653 1791 “stare
686 1764 818 1803 super
843 1748 1065 1803 pedibus'’
1091 1748 1388 1801 intelligatur,
1416 1748 1559 1802 qualis
1591 1755 1660 1789 est
1693 1748 1775 1789 ho-

288 1813 395 1853 mini
436 1812 655 1854 ecclesiae
687 1818 973 1865 regenerato,
1007 1817 1077 1852 est
1119 1812 1221 1865 quia
1261 1811 1372 1852 haec
1415 1810 1535 1852 dicta
1574 1817 1677 1852 sunt
1719 1811 1775 1852 de

290 1876 503 1916 “duobus
542 1875 777 1924 testibus,’'
810 1889 888 1928 per
924 1889 1036 1928 quos
1073 1874 1390 1927 intelliguntur
1427 1887 1584 1915 omnes
1621 1875 1695 1927 qui
1731 1875 1775 1914 in

287 1939 418 1980 bonis
446 1940 611 1979 amoris
643 1953 721 1992 per
752 1952 857 1979 vera
889 1936 1120 1978 doctrinae
1153 1944 1271 1986 sunt,
1300 1938 1373 1990 qui
1405 1943 1508 1977 sunt
1540 1937 1614 1990 qui
1644 1950 1774 1990 rege-

289 2002 462 2052 nerati;
501 2008 598 2042 tum
630 2002 733 2055 quia
765 2014 866 2041 cum
893 2000 1116 2049 naturale,
1141 2000 1260 2053 quod
1294 2014 1372 2053 per
1401 2000 1577 2053 “pedes
1590 1999 1609 2014 '’
1635 2000 1774 2052 signi-

288 2064 461 2114 ficatur,
502 2071 821 2118 regeneratum
859 2070 944 2112 est,
985 2070 1112 2104 totus
1154 2063 1292 2103 homo
1329 2064 1485 2112 vitam,
1524 2062 1667 2116 qualis
1704 2069 1775 2103 est

287 2134 573 2180 regenerato,
602 2127 756 2176 habet,
785 2126 1032 2167 secundum
1066 2126 1248 2166 Domini
1279 2126 1416 2166 verba
1447 2126 1565 2178 apud
1598 2125 1775 2173 Jolzan-

288 2202 396 2238 nem,

354 2294 480 2326 “Dixit
496 2294 600 2336 Jesus
618 2294 691 2326 ad¹¹
712 2295 866 2333 Petrum,
882 2294 979 2335 “Qui
996 2295 1090 2326 lotus
1107 2300 1171 2332 est,
1190 2304 1261 2325 non
1280 2304 1369 2334 opus
1386 2294 1501 2332 habet,
1520 2294 1588 2325 nisi
1605 2299 1643 2325 ut
1660 2294 1776 2335 quoad

462 2339 570 2378 pedes
588 2338 734 2377 lavetur,
752 2345 786 2370 et
803 2339 957 2369 mundus
974 2345 1028 2369 est
1044 2345 1139 2369 totus
1151 2338 1168 2350 ’⁸
1187 2338 1270 2378 (xiii.
1292 2338 1363 2378 10):

288 2465 367 2505 per
395 2450 604 2491 “lavari”
632 2450 911 2503 significatur
942 2449 1161 2504 purificari
1193 2463 1218 2490 a
1250 2449 1379 2490 malis
1410 2455 1456 2490 et
1489 2448 1624 2497 falsis,
1653 2449 1775 2502 quod

288 2521 358 2555 est
385 2515 667 2566 regenerari;
706 2528 843 2567 quare
872 2513 999 2566 “Qui
1027 2514 1148 2554 lotus
1174 2513 1276 2554 est’'
1304 2512 1527 2566 significat
1555 2514 1629 2566 qui
1655 2513 1774 2566 puri-

287 2577 461 2625 ficatus,
496 2577 581 2617 hoc
620 2584 704 2625 est,
744 2584 1038 2630 regeneratus
1075 2583 1145 2618 est
1183 2576 1330 2630 quoad
1370 2576 1614 2629 spirituale,
1654 2576 1774 2629 quod

288 2646 358 2681 est
391 2641 559 2680 bonum
591 2642 756 2680 amoris
788 2647 834 2681 et
861 2654 1015 2681 verum
1042 2639 1288 2688 dofflinae,
1317 2653 1430 2692 quae
1462 2640 1652 2692 primum
1679 2652 1775 2679 me-

288 2703 430 2744 moria
455 2709 501 2743 et
529 2702 765 2743 intellefflm
791 2703 1062 2756 recipienda,
1091 2703 1177 2743 hoc
1210 2709 1295 2750 est,
1324 2702 1507 2742 scienda
1529 2708 1574 2742 et
1607 2714 1774 2754 agnos-

287 2767 458 2817 cenda;
498 2770 627 2806 “non
661 2780 772 2819 opus
805 2766 944 2807 habet
978 2767 1061 2806 nisi
1093 2766 1241 2819 quoad
1274 2766 1414 2818 pedes
1442 2764 1618 2805 lavetur
1637 2765 1655 2780 '’
1682 2765 1774 2817 sig—

287 2829 440 2871 nificat
463 2830 583 2883 quod
602 2830 819 2870 naturalis
842 2844 919 2871 seu
942 2836 1160 2870 externus
1183 2829 1321 2869 homo
1343 2835 1450 2869 tunc
1475 2827 1774 2881 purificandus

287 2908 365 2935 seu
392 2893 727 2947 regenerandus
754 2894 826 2944 sit,
855 2893 975 2947 quod
1007 2892 1056 2934 fit
1089 2907 1167 2947 per
1197 2893 1338 2934 vitam
1366 2892 1611 2933 secundum
1644 2904 1773 2945 prae-
