1962 3334
558 269 663 303 cAP.
687 269 769 310 XL,
792 270 930 302 VERS.
958 261 1128 302 16.—N.
1149 259 1319 314 687[a].
1479 263 1482 265 ·
1575 260 1680 312 1827

795 423 932 446 vlmsus
951 415 1001 453 16,
1025 422 1075 453 17.

272 486 412 529 686·
449 501 508 527 “ft
522 501 625 534 vlylnti
637 502 669 527 et
682 502 806 534 quatuor
819 501 960 532 seniores,
976 501 1027 534 qul
1038 508 1135 527 eoram
1151 501 1207 527 Deo
1221 501 1360 527 sedentes
1375 507 1464 532 super
1478 499 1593 526 thronis
1607 499 1681 529 suis.

193 539 358 566 oeciderunt
370 548 459 572 super
469 540 568 573 faeie-s
584 548 656 567 suas
674 543 705 567 et
721 541 916 567 adoraverunt
929 541 1023 567 Deum.
1061 540 1203 571 Dic-entes,
1221 538 1338 566 oratius
1355 540 1468 572 aqimus
1486 540 1549 570 ribi,
1566 539 1684 566 Domine

193 577 268 604 Deus
285 579 474 610 omnipotens,
494 579 544 611 qm*
560 586 602 610 es,
622 579 672 611 qui
691 586 767 610 ems.
787 581 819 606 et
839 579 889 612 qul
907 581 1044 606 venturus
1065 586 1108 609 es.
1128 579 1203 612 quod
1220 579 1345 610 adeptus
1360 578 1404 605 ele
1421 578 1583 610 potenttam
1601 579 1682 604 tuam

193 622 334 648 mannam,
350 618 382 643 et
394 624 511 650 reanum
526 617 662 644 Ιηῐονίε.”

219 687 269 719 16.
303 688 366 722 “ft
390 688 509 732 viginti
529 692 566 722 et
585 692 733 732 quatuor
755 689 922 726 seniores,
940 689 1001 733 qui
1020 699 1136 723 coram
1161 689 1229 723 Deo
1244 689 1407 723 sedentes
1429 698 1537 731 super·
1551 689 1683 722 thronis

367 733 472 770 sui8,”
488 733 651 775 significat
667 735 768 765 caelos
781 734 962 775 superiores
977 735 1014 765 in
1038 735 1110 765 luce
1124 739 1155 765 et
1161 735 1311 775 potentia
1327 745 1348 764 a
1364 734 1512 765 Domino
1535 734 1584 764 ad
1595 739 1683 775 sepa-

369 779 518 808 randum
542 779 645 809 malos
667 789 688 808 a
712 778 804 809 bonis
825 783 904 809 ante
925 779 1012 809 diem
1035 779 1152 809 ultimi
1155 779 1287 820 judicii
1307 778 1404 808 brevi
1423 783 1608 808 venturum
1629 778 1681 820 [n.

369 821 452 863 687]
463 833 473 859 ;
500 821 716 855 “cecidet-vni
731 831 838 864 supet·
851 821 960 856 facies
972 832 1059 855 suas
1075 825 1112 855 et
1124 822 1359 855 adoraverunt
1370 822 1505 858 oeum‚·’
1518 821 1684 863 significat

369 866 595 896 adorationem
611 866 758 897 Domini
771 868 865 908 apud
878 867 949 897 illos
960 878 1002 897 ex
1017 867 1210 897 humillimo
1226 868 1319 897 corde
1337 865 1503 908 [n..688].

207 918 268 968 ⁷17.
302 928 489 965 vascentes
504 929 640 972 ‚qr-arms
663 929 797 972 aqimus
817 929 892 967 ribi,
911 929 1049 962 Domine
1072 929 1164 962 Deus
1187 928 1429 971 omnipotens?
1446 928 1610 971 significat
1626 941 1682 971 agr-

369 974 528 1004 nitionem
535 975 634 1023 'quod
652 985 746 1004 omne
761 985 832 1011 esse,
849 975 910 1004 viz
912 985 966 1004 ere
987 979 1019 1004 et
1025 979 1116 1014 posse
1130 975 1174 1004 ,πί
1194 985 1215 1004 α
1231 974 1380 1004 Domino
1400 973 1450 1024 [¹¹5
1467 973 1574 1015 689];
1605 972 1688 1016 “qu

369 1026 410 1050 es
426 1019 460 1050 el
483 1017 543 1060 qm'
556 1027 638 1051 eras
661 1020 698 1050 et
717 1017 778 1061 qm'
793 1020 958 1051 venturus
975 1027 1024 1055 es,
1026 1017 1223 1059 ”significat
1239 1018 1279 1048 ab
1296 1019 1369 1059 Ipso
1385 1019 1446 1059 qui
1467 1023 1513 1049 est
1533 1029 1628 1048 omne
1643 1019 1682 1048 in

369 1062 520 1092 ommbus
532 1063 615 1092 caeli
625 1067 656 1092 et
665 1062 811 1092 ecclesme
823 1063 864 1092 ab
874 1067 1006 1093 aeterno
1020 1063 1058 1093 in
1071 1067 1244 1093 aeternum
1258 1061 1309 1104 [n.
1324 1061 1428 1103 690];
1455 1061 1567 1104 “quod
1574 1062 1682 1104 adep·

370 1107 428 1138 tus
439 1105 492 1138 sis
505 1105 690 1148 potentiam
707 1108 801 1138 tuam
818 1116 986 1149 magnam.
1005 1109 1042 1139 et
1055 1115 1198 1149 regnum
1214 1105 1344 1142 inieris,
1347 1106 1538 1147 ”significat
1554 1107 1683 1137 instau-

369 1150 532 1180 ratwnem
548 1161 628 1181 novt
645 1151 729 1181 caeli
748 1155 779 1181 et
800 1161 907 1181 novae
921 1151 1077 1187 ecclesiae,
1094 1152 1258 1181 destruc'lo
1265 1151 1383 1192 priora
1404 1155 1434 1181 et
1448 1151 1534 1182 caelo
1548 1155 1580 1181 el
1590 1151 1682 1181 eccle-

367 1194 418 1224 sia
438 1193 490 1236 [n.
508 1193 605 1236 691].

273 1287 486 1341 687[a].
516 1298 622 1337 [Vers.
641 1299 702 1338 16.]
733 1289 811 1329 “ft
829 1289 967 1343 viqinti
980 1293 1026 1330 et
1042 1293 1218 1343 quarum·
1235 1290 1437 1336 seniores,
1454 1289 1526 1343 qui
1541 1303 1683 1330 eor-am

195 1347 279 1388 Deo
309 1348 502 1388 sedentes
535 1361 661 1400 supet·
697 1348 852 1389 thronis
885 1349 1246 1402 suis.”—[¹¹Quod
1280 1349 1508 1402 significet
1542 1349 1682 1390 caelos

194 1410 447 1460 superiores
483 1408 529 1449 in
563 1409 653 1450 luce
689 1416 731 1450 et
763 1411 966 1463 potentia
1001 1425 1030 1451 a
1069 1411 1255 1451 Domino
1294 1411 1359 1451 ad
1383 1411 1683 1463 separandum

195 1471 335 1512 malos
359 1486 387 1512 a
412 1471 534 1512 bonis
555 1479 657 1512 ante
679 1473 794 1513 diem
819 1473 968 1514 ultimi
973 1473 1142 1527 judicii
1159 1474 1285 1514 brevi
1301 1480 1547 1521 venturum,
1572 1487 1680 1514 con·
1719 1516 1730 1526 ,

196 1540 290 1574 stat
316 1548 375 1574 ex
402 1534 730 1587 significatione
756 1537 954 1588 “viginti
981 1543 1027 1577 et
1053 1543 1246 1590 quatuor
1271 1536 1537 1584 seniorum‚”
1561 1537 1681 1590 quod

195 1596 287 1636 sint
326 1596 441 1636 caeli
480 1597 736 1649 superiores
762 1608 817 1645 (de
840 1617 905 1645 qua
926 1617 1032 1646 supra.
1053 1618 1084 1638 n.
1110 1607 1241 1649 [21322‚
1268 1598 1360 1649 362.
1381 1597 1508 1649 462);
1549 1605 1596 1638 et
1621 1612 1680 1638 ex

197 1656 525 1710 significatione
570 1659 766 1699 “sedere
812 1672 943 1711 super
982 1660 1197 1707 thronis,”
1238 1661 1358 1713 quod
1399 1661 1457 1700 sit
1499 1673 1596 1700 esse
1638 1660 1682 1700 in

196 1715 331 1772 Opere
371 1720 428 1760 ad
465 1719 770 1772 judicandum,
815 1735 918 1762 nam
960 1735 1038 1774 per
1081 1722 1337 1762 “thronos''
1374 1722 1683 1775 significantur

196 1782 322 1830 caeli,
349 1796 400 1823 ac
433 1796 511 1835 per
539 1783 735 1824 “sedere
761 1797 892 1836 super
923 1784 1127 1824 thronis”
1153 1784 1430 1838 significatur
1455 1785 1681 1838 judicare;

196 1851 242 1886 et
279 1846 381 1898 quia
411 1845 561 1898 angeli
594 1845 706 1886 caeli
738 1860 828 1887 non
856 1847 1072 1899 judicant,
1101 1847 1180 1887 sed
1213 1847 1334 1887 solus
1367 1848 1602 1895 Dominus,
1636 1855 1682 1889 et

196 1908 299 1961 quia
331 1907 551 1948 Dominus
577 1909 774 1961 disponit
806 1909 908 1949 illos
935 1909 1086 1950 caelos
1118 1923 1196 1962 per
1225 1909 1442 1950 influxum
1475 1917 1520 1950 et
1553 1924 1681 1964 prae-

195 1971 388 2011 sentiam
420 1971 476 2011 ad
507 1972 759 2012 faciendum
791 1973 895 2013 inde
931 1972 1143 2025 judicium
1175 1986 1307 2025 super
1337 1973 1437 2013 illos
1468 1973 1541 2026 qui
1573 1974 1683 2026 infra

196 2033 346 2074 caelos
364 2036 630 2087 congregati
654 2042 772 2083 sunt,
792 2035 894 2076 ideo
917 2049 995 2088 per
1016 2035 1092 2075 illa
1113 2036 1251 2076 verba
1268 2035 1544 2088 significatur
1560 2038 1681 2090 quod

196 2097 444 2149 superiores
467 2097 577 2137 caeli
603 2098 646 2137 in
670 2098 766 2138 luce
791 2105 837 2138 et
864 2099 1070 2150 potentia
1092 2099 1181 2139 sint
1203 2113 1229 2139 a
1252 2099 1448 2140 Domino
1471 2100 1527 2140 ad
1550 2113 1680 2152 sepa-

196 2159 385 2199 randum
409 2160 552 2200 malos
574 2174 599 2200 a
626 2161 754 2201 bonis
780 2167 886 2201 ante
913 2161 1032 2201 diem
1058 2161 1203 2201 ultimi
1224 2161 1388 2214 judieii.
1450 2161 1584 2214 Quod
1610 2163 1680 2203 hic

197 2235 354 2262 sensus
380 2223 581 2262 internus
604 2223 780 2263 illorum
803 2224 1040 2263 verborum
1068 2225 1139 2272 sit,
1164 2231 1346 2265 constat
1372 2239 1432 2265 ex
1459 2225 1545 2265 illis
1567 2239 1681 2279 quae

196 2285 240 2324 in
265 2284 350 2325 hoc
377 2286 524 2337 capite
549 2293 807 2339 sequuntur,
835 2293 931 2326 tum
958 2301 1016 2326 ex
1044 2286 1130 2326 inis
1152 2301 1266 2340 quae
1292 2288 1347 2328 de
1372 2288 1456 2328 hac
1480 2302 1526 2328 re
1548 2302 1682 2341 supra

197 2346 317 2388 di&a
348 2355 466 2388 sunt.
524 2348 600 2388 Ex
636 2349 729 2389 illis
761 2363 871 2402 quae
905 2349 950 2389 in
986 2349 1064 2390 lzoc
1097 2350 1239 2402 capite
1267 2358 1520 2404 sequuntur,
1554 2359 1681 2404 patet

197 2410 318 2463 quod
350 2410 461 2451 caeli
488 2412 737 2463 superiores
769 2413 811 2451 in
845 2411 942 2452 luce
974 2419 1020 2452 et
1053 2413 1259 2464 potentia
1290 2414 1378 2454 sint
1410 2428 1435 2454 a
1468 2414 1679 2462 Domino,

197 2484 301 2513 nam
319 2480 557 2525 propterea
574 2475 869 2515 “ceciderunt
891 2488 1022 2527 super
1039 2475 1171 2515 facies
1189 2489 1290 2516 suas
1311 2483 1357 2517 et
1380 2477 1681 2518 adoraverunt

198 2535 456 2583 Dominum,
485 2543 530 2577 et
557 2538 726 2589 gratias
752 2545 942 2588 egerunt
969 2538 1088 2590 quod
1115 2539 1306 2591 adeptus
1338 2541 1395 2580 sit
1427 2541 1680 2592 potentiam

198 2611 323 2638 suam
356 2611 568 2651 magnam
600 2607 646 2639 et
684 2600 803 2652 quod
841 2600 986 2640 inierit
1023 2601 1250 2653 regnum,”
1284 2609 1329 2642 et
1371 2610 1530 2655 postea
1561 2603 1680 2655 quod

201 2664 443 2712 “apertum
475 2662 531 2701 sit
563 2662 782 2714 templum
815 2662 857 2701 in
890 2662 1031 2710 caelo,
1059 2677 1111 2704 ac
1143 2665 1237 2704 visa
1268 2666 1325 2705 sit
1357 2679 1459 2705 arca
1489 2665 1680 2706 foederis

197 2723 241 2763 in
274 2722 446 2775 templo
463 2723 496 2772 ;”
528 2736 605 2776 per
641 2724 751 2764 haec
790 2724 1065 2776 significatur
1101 2725 1179 2766 lux
1214 2727 1287 2775 ibi,
1329 2734 1375 2767 et
1417 2741 1494 2780 per
1535 2729 1680 2780 priora

198 2787 403 2838 potentia
423 2786 482 2826 ibi
503 2799 529 2826 a
549 2786 647 2826 solo
666 2787 885 2827 Domino:
920 2788 1038 2840 quod
1061 2789 1118 2829 sit
1141 2789 1197 2829 ad
1220 2791 1517 2842 separandum
1536 2790 1680 2831 malos

197 2861 223 2888 a
248 2847 377 2888 bonis
402 2855 508 2888 ante
535 2849 652 2889 diem
680 2849 823 2890 ultimi
851 2849 1015 2902 judicii,
1043 2852 1179 2891 etiam
1215 2860 1356 2905 patet,
1386 2866 1489 2892 nam
1516 2853 1680 2893 dicitur

198 2910 318 2963 quod
354 2914 553 2964 “gentes
593 2912 731 2953 iratae
771 2912 899 2962 sint,‘'
931 2919 976 2954 et
1017 2914 1136 2967 quod
1176 2916 1380 2955 “veniat·
1405 2916 1467 2955 ira
1508 2921 1598 2963 tua,
1632 2922 1678 2956 et
