1962 3334
279 302 384 347 1492
687 302 1020 336 APOCALYPSIS
1051 304 1352 338 EXPLICATA.

274 428 354 468 per
382 414 723 468 “Aegyptum”
748 416 808 457 ibi
834 430 925 458 non
951 416 1221 471 intelligitur
1243 417 1502 472 Aegyptus,
1527 418 1607 460 sed
1633 426 1766 460 natu-

273 476 380 516 ralis
418 476 555 518 homo
596 485 832 532 separatus
866 493 892 520 a
929 481 1178 534 spirituali;
1222 482 1294 535 qui
1332 489 1439 522 tunc
1479 483 1523 522 in
1560 481 1683 523 falsis
1720 489 1767 524 et

274 539 404 580 malis
430 544 512 588 est,
546 547 590 581 et
623 555 702 594 per
733 541 811 582 illa
837 543 1056 596 pervertit
1083 544 1234 584 omnia
1259 558 1366 585 vera
1398 551 1444 585 et
1470 545 1591 585 bona
1616 544 1767 586 eccle-

274 603 392 652 siae;
439 603 559 656 quod
600 604 714 645 falsa
759 611 806 646 et
852 605 972 646 mala
1015 606 1093 646 illa
1132 607 1372 648 destruant
1418 607 1543 648 illum
1585 607 1768 661 quando

274 666 416 707 influit
439 680 595 707 verum
618 681 678 708 ex
701 668 823 709 bono
845 682 872 709 a
898 668 1403 718 Domino‚ssdescribitur
1427 683 1505 723 per
1530 670 1607 711 illa
1629 671 1768 711 verba

275 728 531 783 Prophetae
562 730 607 770 in
639 744 773 771 sensu
805 732 986 772 interno
1017 730 1281 773 intelle&a:
1322 733 1441 786 quod
1466 733 1672 786 Jehovah
1699 733 1767 774 di-

274 798 402 833 catur
440 794 680 846 “equitare
725 808 857 847 super
902 795 1019 836 nube
1065 795 1190 836 levi''
1231 795 1456 848 significat
1497 796 1617 850 quod
1663 809 1767 838 cum

275 855 497 896 Dominus
528 856 727 898 illustrat
758 856 1044 899 intellectum
1076 859 1218 909 veris;
1263 859 1544 913 “equitare,‘'
1576 872 1678 900 cum
1710 859 1768 900 de

271 918 477 971 Jehovah
511 933 588 960 seu
628 920 839 969 Domino,
874 920 1099 974 significat
1131 921 1356 962 illustrare
1388 920 1686 971 intellectum,
1720 928 1768 963 et

276 981 457 1022 “nubes
495 981 637 1022 levis’'
674 982 899 1036 significat
936 997 1116 1024 verum:
1160 984 1281 1038 quod
1319 991 1428 1025 tunc
1465 989 1768 1026 “commove-

274 1051 408 1086 antur
444 1045 566 1086 idola
603 1045 825 1100 Aegypti,
860 1053 906 1088 et
944 1060 1021 1088 cor
1058 1045 1317 1101 [¹¹Aegyptii
1354 1047 1593 1101 liquefiat,”
1629 1048 1768 1101 signi-

275 1107 380 1149 ficat
412 1109 532 1161 quod
565 1115 673 1149 tunc
707 1109 948 1151 destruant
981 1109 1107 1151 illum
1139 1110 1251 1151 falsa
1282 1116 1328 1151 et
1362 1110 1484 1151 mala
1515 1125 1631 1165 quae
1662 1116 1769 1152 sunt

275 1171 492 1212 naturalis
519 1171 713 1213 hominis
737 1173 934 1226 separati
961 1187 987 1213 a
1013 1173 1258 1227 spirituali;
1295 1173 1485 1214 “idola”
1509 1180 1613 1215 sunt
1639 1173 1767 1223 falsa,

277 1234 425 1275 “cor''
466 1241 570 1275 sunt
618 1235 752 1284 mala,
795 1242 842 1277 et
885 1235 1204 1290 “Aegyptus'’
1245 1242 1315 1277 est
1357 1236 1575 1277 naturalis
1615 1236 1767 1277 homo.

275 1296 415 1351 Apud
440 1298 608 1347 Mosen,

340 1387 452 1419 “Non
474 1388 568 1420 sicut
594 1388 691 1420 Deus
711 1388 925 1431 Jeschurum
946 1389 1112 1430 equitans
1133 1389 1168 1420 in
1190 1390 1306 1421 caelo.
1322 1415 1329 1422 .
1344 1415 1367 1427 .,
1388 1396 1423 1421 et
1443 1390 1480 1421 in
1501 1389 1771 1430 magnificentia

448 1441 515 1463 sua
534 1442 641 1472 super
659 1433 813 1464 nubibus
829 1442 836 1471 ;
861 1433 1106 1464 habitaculum
1127 1433 1194 1465 Dei
1214 1434 1448 1474 antiquitatis,
1466 1439 1501 1465 et
1520 1433 1670 1465 inferius
1691 1434 1770 1465 bra-

447 1475 527 1507 chia
544 1476 667 1507 mundi
681 1475 699 1487 ’¹
717 1476 853 1516 (Deutr.
871 1477 993 1508 xxxiii.
1012 1477 1063 1515 26,
1082 1477 1156 1517 27):

273 1562 344 1604 hic
372 1570 549 1617 quoque
576 1578 655 1618 per
683 1565 924 1618 “equitare
956 1564 999 1605 in
1031 1564 1160 1606 caelo
1187 1578 1319 1618 super
1346 1565 1536 1606 nubibus
1549 1564 1568 1579 ’‘
1594 1563 1767 1618 signifi-

275 1633 403 1668 catur
429 1626 653 1668 illustrare
679 1625 962 1669 intellectum
989 1642 1067 1682 per
1092 1628 1310 1668 influxum
1333 1628 1425 1669 veri
1452 1628 1696 1681 spiritualis
1722 1628 1768 1668 in

274 1703 430 1731 verum
463 1690 685 1739 naturale,
719 1691 839 1744 quod
880 1697 951 1732 est
989 1704 1144 1732 verum
1182 1705 1340 1732 sensus
1379 1690 1559 1732 litterae
1596 1690 1767 1741 Verbi;

273 1755 377 1808 quia
410 1753 622 1794 Divinum
650 1753 821 1795 Verum
853 1754 897 1794 in
929 1754 1067 1795 caelis
1099 1761 1170 1795 est
1202 1754 1447 1808 spirituale,
1476 1760 1522 1795 et
1556 1753 1769 1795 Divinum

273 1816 446 1858 Verum
473 1817 517 1857 in
544 1817 675 1858 terris
707 1823 778 1858 est
811 1816 1035 1866 naturale,
1064 1823 1110 1858 et
1143 1817 1229 1858 hoc
1258 1817 1508 1858 illustratur
1533 1831 1611 1871 per
1641 1816 1767 1866 illud,

273 1880 376 1920 ideo
402 1880 565 1920 dicitur
593 1880 674 1920 “in
698 1878 1038 1933 magnificentia
1065 1894 1143 1920 sua
1167 1894 1298 1933 super
1325 1880 1514 1921 nubibus
1531 1879 1565 1920 :''
1599 1879 1768 1920 “habi-

274 1942 475 1984 taculum
504 1942 588 1983 Dei
614 1942 902 1996 antiquitatis
914 1942 933 1957 ”
959 1949 1030 1983 est
1059 1942 1272 1983 Divinum
1297 1942 1468 1984 Verum
1501 1943 1574 1983 ubi
1600 1941 1767 1995 angeli,

273 2011 320 2046 et
349 2005 571 2046 “brachia
603 2004 788 2046 mundi'’
814 2011 919 2046 sunt
953 2005 1119 2046 Divina
1144 2019 1250 2046 vera
1282 2006 1355 2046 ubi
1387 2005 1624 2056 homines;
1661 2018 1770 2046 vera

273 2081 432 2109 sensus
470 2067 650 2109 litterae
687 2067 828 2109 Verbi
865 2075 970 2109 sunt
1007 2082 1122 2122 quae
1158 2068 1477 2122 intelliguntur
1508 2082 1587 2122 per
1620 2068 1768 2109 “bra-

274 2130 377 2172 chia
400 2130 593 2179 mundi,”
614 2130 690 2172 ille
713 2131 832 2172 enim
855 2144 1014 2172 sensus
1037 2137 1108 2172 est
1131 2132 1277 2185 ipsum
1299 2132 1433 2172 robur
1456 2131 1607 2172 Divini
1629 2131 1738 2172 Veri
1752 2145 1766 2182 ,ς

277 2197 302 2213 ‘⁴
316 2192 504 2233 brachia
516 2191 536 2207 ⁷⁹
562 2191 824 2245 Significant
850 2192 1001 2233 robur.
1051 2203 1173 2241 ,(Quod
1188 2203 1219 2232 in
1235 2212 1330 2232 sensu
1345 2203 1468 2232 litterae
1482 2203 1522 2233 sit
1535 2204 1635 2233 robur
1651 2203 1759 2235 Divini

264 2255 359 2291 Veri,
375 2256 520 2285 videatur
531 2255 564 2284 in
579 2265 655 2285 mox
670 2256 825 2294 superiori
837 2255 998 2295 articulo.)
1056 2246 1199 2299 Apud
1223 2245 1462 2295 Davidem,

348 2338 446 2370 Deus
467 2338 668 2379 “equitavit
685 2347 792 2378 super
807 2338 965 2369 cherubo
985 2343 1020 2370 et
1036 2337 1182 2375 volavit,
1200 2347 1242 2369 ac
1262 2336 1386 2369 vectus
1403 2343 1457 2369 est
1476 2348 1583 2378 super
1599 2338 1666 2370 alis
1683 2348 1770 2370 ven-

449 2382 485 2419 ti,
499 2382 621 2422 posuit
637 2382 806 2413 tenebras
819 2381 1006 2413 latibulum
1025 2391 1140 2419 suum,
1155 2381 1323 2413 circuitus
1341 2391 1426 2412 suos
1441 2379 1634 2413 tentorium
1649 2392 1767 2420 suum,

450 2423 653 2457 12Jtenebras
678 2435 861 2466 aquarum,
887 2426 1000 2456 nubes
1028 2425 1234 2460 caelorum:
1265 2434 1287 2455 a
1310 2425 1502 2464 splendore
1528 2431 1612 2456 ante
1643 2425 1767 2466 Ipsum

449 2469 578 2500 nubes.
593 2469 831 2501 ‚transierunt
843 2468 861 2480 ”
878 2468 950 2509 (Ps.
968 2468 1064 2500 xviii.
1085 2476 1189 2507 11-13
1210 2466 1269 2510 [B.
1283 2469 1328 2500 A.
1349 2465 1505 2509 10-12]):

274 2557 346 2598 hic
371 2571 558 2611 'quoque
590 2557 859 2598 describitur
890 2556 1135 2598 illustratio
1166 2555 1308 2597 Verbi
1341 2562 1387 2597 et
1420 2557 1481 2597 sic
1514 2556 1766 2608 ecclesiae;

273 2620 519 2662 illustratio
556 2634 635 2674 per
671 2620 890 2661 influxum
929 2620 1081 2660 Divini
1112 2619 1222 2660 Veri
1254 2633 1278 2660 e
1316 2619 1453 2660 caelis
1490 2619 1769 2673 significatur

274 2698 354 2737 per
379 2683 500 2738 quod
529 2683 696 2724 “Deus
723 2683 945 2737 equitavit
972 2697 1105 2737 super
1131 2682 1331 2724 cherubo
1358 2689 1404 2723 et
1431 2682 1602 2723 volavit
1620 2682 1655 2733 ;’'
1686 2683 1767 2724 Di-

273 2748 427 2788 vinum
454 2746 626 2787 Verum
654 2748 699 2787 in
731 2747 903 2788 ultimis
935 2746 1056 2800 quod
1089 2745 1355 2794 illustratur,
1384 2744 1663 2798 significatur
1688 2759 1768 2800 per

277 2810 411 2851 “alas
455 2809 622 2859 venti,”
665 2809 918 2851 “tenebras
963 2807 1219 2862 aquarum,”
1262 2809 1441 2849 “nubes
1487 2808 1715 2849 caelorum
1734 2808 1768 2857 ;’'

274 2873 384 2914 varii
420 2873 587 2926 gradus
625 2870 886 2913 intellectus
917 2872 1176 2925 recipientis
1208 2871 1559 2912 illustrationem
1596 2869 1766 2924 signifi-

275 2942 435 2977 cantur
461 2949 540 2990 per
570 2936 673 2988 illa;
712 2936 832 2990 quod
859 2936 1051 2976 obscura
1083 2935 1200 2976 illius
1228 2948 1386 2976 sensus
1413 2935 1515 2975 inde
1542 2935 1764 2988 dissipen-
