1962 3334
275 283 380 327 1352
684 283 1017 316 APOCALYPSIS
1050 284 1350 316 EXPLICATA.

275 399 441 437 “cutes
469 402 651 437 nostrae
678 397 793 438 sicut
817 395 1054 437 [¹³clibanus
1077 396 1343 449 denigratae
1370 395 1515 445 sunt‚''
1538 396 1765 450 significat

270 459 390 512 quod
417 459 633 499 naturalis
660 459 798 500 homo
825 459 993 512 absque
1021 459 1119 500 luce
1146 461 1237 500 veri
1265 460 1336 508 sit,
1362 465 1408 500 et
1435 460 1538 500 inde
1565 460 1608 500 in
1635 466 1764 501 tene-

270 522 360 562 bris
400 522 524 573 salsi;
571 523 710 563 etiam
750 523 820 563 hic
862 523 1133 565 “clibanus”
1171 522 1396 576 significat
1436 521 1766 564 confectionem

271 583 507 623 doctrinae
533 597 591 623 ex
618 583 740 623 falsis
771 590 818 624 et
849 597 941 624 non
971 598 1031 624 ex
1059 584 1178 624 veris
1210 595 1280 633 (sed
1295 594 1440 623 videatur
1454 603 1559 632 supra,
1574 603 1606 624 n.
1624 583 1766 636 386[e],

270 647 325 675 ubi
339 647 419 675 haec
434 647 570 684 amplius
590 647 748 684 explicata
762 647 865 685 sunt).

354 695 439 749 [b].
479 696 620 749 Apud
649 696 938 745 Ezechielem,

338 785 356 798 ‘⁴
368 782 466 816 Faffi
483 791 569 816 sunt
587 785 676 816 Mihi
694 785 824 816 domus
843 785 989 816 Israelis
1007 786 1043 816 in
1062 786 1227 824 scoriam,
1246 796 1374 818 omnes
1392 786 1442 817 illi
1463 796 1524 818 aes
1542 791 1578 818 et
1594 792 1766 818 stannum

445 834 480 859 et
493 828 624 859 ferrum
639 834 675 859 et
687 829 871 868 plumbum
884 829 920 859 in
933 829 1053 860 medio
1065 829 1222 861 fornacis
1237 840 1243 866 ;
1261 831 1399 861 scoriae
1411 831 1550 870 argenti
1562 829 1647 861 facti
1659 836 1744 861 sunt
1758 841 1764 861 :

451 897 458 903 .
473 897 480 903 .
495 897 501 903 .
517 882 613 903 .ecce
633 872 708 912 Ego
723 882 950 912 congregans
965 882 1030 904 vos
1049 873 1084 904 in
1103 873 1260 904 medium
1278 873 1556 914 Hierosolymae
1570 883 1768 913 congrega-

445 916 581 946 tionem
596 917 736 955 argenti
748 922 783 947 et
796 917 889 947 aeris
904 922 939 947 et
953 916 1036 947 ferri
1049 922 1084 947 et
1096 917 1232 956 plumbi
1247 922 1282 948 et
1296 918 1417 948 stanni
1429 917 1446 928 ’¹
1459 918 1688 957 congregabo
1700 926 1767 948 vos

447 960 503 990 “in
515 960 672 990 medium
682 959 850 997 fornacis,
861 960 906 990 ad
917 960 1134 991 sufflandum
1147 970 1255 1000 super
1267 961 1327 991 illo
1339 961 1458 1000 ignem
1472 961 1517 992 ad
1526 961 1766 996 fundendum:

446 1003 496 1034 sic
514 1003 744 1043 congregabo
762 1003 797 1034 in
817 1003 868 1034 ira
886 1013 967 1034 mea
984 1009 1019 1034 et
1036 1004 1072 1034 in
1090 1004 1392 1035 excandescentia
1410 1014 1500 1042 mea,
1513 1010 1548 1035 et
1564 1003 1766 1044 relinquam

446 1052 482 1078 et
502 1046 651 1077 fundam
672 1056 738 1078 vos
753 1056 775 1083 ;.
791 1071 798 1078 .
813 1072 820 1078 .
835 1046 952 1086 .juxta
977 1047 1138 1078 fusuram
1159 1048 1300 1087 argenti
1325 1048 1361 1078 in
1382 1048 1501 1078 medio
1525 1047 1694 1086 fornacis,
1714 1048 1767 1079 sic

446 1090 647 1121 fundemini
667 1090 703 1120 in
722 1090 841 1121 medio
860 1090 939 1130 ejus
954 1090 971 1102 ”
989 1091 1084 1131 (xxii.
1106 1092 1244 1131 18—22):

272 1190 351 1230 per
372 1176 483 1216 haec
508 1176 823 1217 describuntur
845 1176 956 1217 falsa
978 1175 1245 1218 do&rinalia
1268 1191 1381 1231 quae
1398 1177 1555 1230 Judaei
1578 1183 1624 1218 et
1648 1178 1767 1218 Isra-

273 1239 408 1281 elitae
431 1246 760 1292 compegerunt
783 1254 842 1280 ex
867 1253 1001 1280 sensu
1024 1240 1204 1280 litterae
1220 1240 1374 1288 Verbi,
1395 1254 1528 1293 quern
1555 1240 1637 1280 sibi
1660 1239 1768 1280 solis

275 1309 321 1343 et
363 1302 589 1342 amoribus
631 1303 721 1342 suis
763 1303 1103 1356 applicuerunt;
1149 1317 1263 1356 quae
1307 1304 1518 1344 “scoriae
1559 1303 1767 1356 argenti’'

274 1371 510 1413 vocantur,
554 1366 655 1418 quia
699 1369 978 1418 “argentum
991 1366 1009 1381 ’'
1051 1366 1276 1419 significat
1321 1379 1475 1406 verum
1517 1366 1672 1414 Verbi,
1714 1379 1766 1407 ac

279 1429 492 1470 “scoria''
519 1429 628 1469 nihil
661 1430 754 1469 veri
787 1443 864 1469 seu
896 1428 1174 1470 abstracftum
1205 1444 1230 1470 a
1261 1444 1368 1470 vero
1401 1430 1519 1483 quod
1546 1429 1766 1482 rejicitur:

274 1493 352 1534 illa
373 1507 487 1546 quae
511 1506 668 1533 sensus
694 1493 875 1533 litterae
898 1493 1038 1533 Verbi
1062 1500 1180 1542 sunt,
1202 1492 1511 1546 significantur
1533 1507 1612 1546 per
1636 1497 1765 1541 “aes,

276 1563 504 1604 stannum,
533 1555 695 1595 ferrum
728 1562 773 1596 et
806 1555 1079 1608 plumbum‚'’
1105 1557 1207 1609 quia
1239 1570 1318 1610 per
1349 1556 1426 1596 illa
1456 1555 1768 1609 significantur

275 1620 396 1660 bona
421 1625 466 1659 et
494 1632 599 1659 vera
631 1618 849 1658 naturalis
876 1618 1084 1667 hominis,
1113 1633 1193 1672 pro
1220 1633 1307 1673 quo
1340 1618 1523 1659 homine
1555 1625 1659 1659 sunt
1690 1617 1769 1658 illa

276 1682 416 1723 Verbi
443 1695 557 1735 quae
584 1682 877 1722 continentur
902 1682 946 1720 in
974 1695 1107 1722 sensu
1134 1682 1316 1722 litterae
1349 1681 1469 1734 ejus;
1493 1687 1540 1722 et
1580 1681 1683 1734 quia
1707 1694 1768 1721 ex

275 1745 353 1786 illo
386 1751 716 1798 compegerunt
748 1758 827 1784 sua
859 1743 1128 1785 doctrinalia
1159 1745 1286 1794 falsa,
1321 1759 1435 1798 quae
1473 1750 1602 1785 erant
1636 1747 1767 1784 “tra-

276 1808 510 1857 ditiones,‘'
533 1809 696 1848 dicitur
718 1808 838 1861 quod
863 1808 1146 1848 “fundentur
1172 1821 1259 1848 una
1275 1808 1309 1848 :'’
1342 1815 1388 1849 et
1415 1809 1518 1861 quia
1539 1807 1769 1861 applicata

276 1878 406 1912 erant
443 1871 669 1911 amoribus
707 1870 876 1920 eorum,
915 1872 988 1924 qui
1027 1877 1155 1911 erant
1194 1885 1369 1912 amores
1410 1872 1476 1911 sui
1515 1877 1562 1912 et
1599 1870 1766 1917 mundi,

277 1935 441 1975 dicitur
477 1935 597 1988 quod
638 1938 982 1987 “congregaret
1021 1934 1123 1974 illos
1164 1936 1208 1975 in
1250 1935 1446 1975 medium
1483 1933 1675 1974 fornacis
1710 1932 1768 1973 ad

277 1997 546 2038 sufflandum
574 2012 705 2051 super
730 1997 807 2038 illa
833 1998 985 2050 ignem
1012 1998 1068 2037 ad
1095 1997 1371 2038 fundendum
1393 1997 1425 2048 ;'’
1464 1998 1618 2050 “ignis
1631 1996 1650 2012 ''
1676 1997 1767 2049 sig·

278 2060 429 2101 nificat
455 2060 557 2101 illos
583 2074 784 2101 amores:
826 2067 871 2101 et
898 2061 1001 2114 quia
1033 2061 1349 2113 intelliguntur
1374 2059 1641 2102 dofflinalia
1667 2060 1768 2101 illo-

277 2137 388 2171 rum,
418 2124 593 2172 dicitur,
622 2124 742 2177 quod
767 2127 1170 2177 “congregaturus
1200 2137 1278 2164 eos
1310 2124 1353 2164 in
1381 2124 1576 2163 medium
1606 2123 1768 2164 Hiero-

278 2186 482 2238 solymae
502 2187 534 2237 ;‘’
561 2201 639 2240 per
657 2191 681 2207 “
697 2187 1099 2239 Hierosolymam”
1115 2186 1393 2239 significatur
1411 2185 1603 2226 ecclesia
1621 2186 1770 2240 quoad

279 2248 544 2298 doctrinam,
573 2251 636 2290 ita
662 2263 838 2303 quoque
865 2248 1069 2290 doctrina
1096 2249 1327 2290 ecclesiae.
1390 2248 1529 2302 Apud
1552 2249 1720 2295 Mosen,

346 2338 437 2370 “Sol
458 2338 596 2376 occidit,
614 2344 649 2369 et
669 2339 786 2378 caligo
807 2337 903 2370 facta
923 2344 988 2376 est,
1007 2344 1042 2369 et
1062 2348 1143 2369 ecce
1164 2338 1291 2369 furnus
1311 2337 1400 2369 fumi
1420 2343 1455 2369 et
1474 2337 1535 2368 fax
1555 2337 1658 2378 ignis,
1680 2347 1770 2378 quae

453 2382 621 2414 transivit
638 2382 732 2413 inter
749 2388 938 2422 segmenta
955 2381 1045 2413 illa’'
1059 2382 1154 2421 (Gen.
1167 2392 1223 2413 xv.
1240 2382 1311 2421 17)‘.

276 2467 400 2522 quod
414 2467 526 2508 falsa
542 2467 708 2508 maliet
726 2467 844 2507 mala
862 2467 961 2508 falsi
977 2467 1271 2508 scaturientia
1286 2481 1343 2507 ex
1359 2467 1528 2520 spurcis
1544 2467 1769 2507 amoribus

281 2530 399 2584 apud
431 2537 620 2583 gentem
650 2530 886 2582 Judaicam
923 2537 969 2571 et
1007 2530 1304 2570 Israeliticam
1337 2529 1407 2570 hic
1446 2543 1526 2583 per
1558 2529 1769 2569 “furnum

281 2593 417 2634 fumi’'
440 2600 485 2634 et
513 2608 590 2647 per
615 2588 796 2634 “facem
823 2594 954 2646 ignis,
979 2607 1093 2646 quae
1117 2593 1324 2633 transivit
1350 2593 1467 2633 inter
1490 2592 1769 2646 segmenta‚”

279 2657 609 2709 intelligantur,
626 2657 831 2697 videatur
849 2657 892 2696 in
916 2657 1130 2710 superiori
1148 2655 1365 2697 articulo:
1395 2655 1631 2696 Abraham
1650 2657 1769 2697 enim

280 2720 449 2772 cupivit
468 2726 515 2760 ut
538 2720 785 2773 posteritas
804 2733 884 2759 sua
901 2719 1189 2760 dominatura
1207 2720 1264 2759 sit
1284 2733 1416 2772 super
1434 2725 1583 2759 totam
1602 2725 1768 2759 terram

282 2781 569 2832 Canaanem;
612 2789 658 2823 et
696 2783 798 2835 quia
829 2782 1051 2835 praevidit
1085 2782 1306 2822 Dominus
1338 2782 1458 2836 quod
1490 2782 1607 2835 apud
1644 2781 1768 2822 illam

279 2852 469 2898 gentem
492 2845 685 2886 ecclesia
706 2845 1033 2894 institueretur,
1057 2845 1159 2885 ideo
1182 2845 1353 2898 pepigit
1377 2858 1479 2886 cum
1501 2844 1769 2885 Abrahamo

282 2908 465 2950 foedus:
501 2908 580 2949 sed
607 2921 746 2961 usque
770 2907 925 2961 quales
952 2907 1016 2948 illi
1041 2907 1173 2949 futuri
1196 2914 1364 2958 essent,
1390 2922 1468 2962 per
1493 2907 1602 2949 illud
1624 2908 1765 2949 visum
