1962 3334
268 275 376 319 1370
447 322 454 330 .
680 275 1014 311 APOCALvPffls
1044 278 1343 312 EXPLICATA.

259 385 425 440 judicio
451 387 683 444 polleant;
722 390 802 431 sed
833 404 1095 434 asseverare
1119 406 1302 447 possum
1330 394 1450 448 quod
1476 394 1587 435 nihil
1613 394 1750 437 intel·

261 447 405 491 lectus
430 458 476 492 et
504 450 657 504 judicii
689 452 777 494 illis
803 454 877 503 sit,
905 454 985 495 sed
1017 456 1137 509 quod
1169 462 1350 497 tantum
1382 457 1551 510 stupidi
1583 458 1672 498 sint
1704 458 1749 498 in

260 511 426 554 talibus
452 527 567 567 quae
594 515 855 557 essentialia
880 515 983 558 fidei
1010 524 1056 558 et
1082 518 1203 559 vitae
1230 526 1348 566 sunt,
1373 525 1593 572 quantum
1620 520 1748 572 inge-

260 575 373 617 niosi
409 583 515 618 sunt
557 577 614 618 ad
656 578 1009 621 machinandum
1047 580 1167 622 mala
1204 588 1251 622 et
1289 582 1346 622 ad
1386 582 1748 635 persuadendum

259 638 398 680 falsa:
432 645 479 681 et
506 640 694 690 malitia,
719 648 767 683 ut
791 649 951 684 notum
973 649 1060 692 est,
1085 657 1175 684 non
1197 651 1267 685 est
1291 645 1539 698 sapientia;
1573 645 1750 698 sapien·

259 702 323 742 tia
346 703 466 743 enim
489 709 559 744 est
581 705 673 744 veri
696 718 756 745 ex
779 705 915 754 bono,
939 712 988 747 at
1015 706 1188 747 malitia
1210 714 1279 748 est
1306 707 1405 748 falsi
1431 722 1490 748 ex
1514 707 1661 759 malo;
1693 721 1745 749 ac

258 763 419 805 falsum
438 779 496 806 ex
515 766 637 807 malo
655 767 848 808 destruit
866 782 1020 809 verum
1039 783 1098 810 ex
1120 769 1255 819 bono,
1276 771 1378 824 quia
1397 777 1502 811 sunt
1521 771 1748 824 opposita,

259 833 306 868 et
333 829 594 881 oppositum
621 829 827 871 destruit.

336 907 469 952 545.
492 909 598 947 [Vers.
614 910 658 948 4.]
681 899 759 940 “Et
772 900 920 940 dictum
936 901 1015 941 illis
1033 905 1100 942 osi
1116 915 1167 942 ne
1182 902 1399 943 laederent
1407 916 1581 956 gramen
1596 906 1753 952 ter-rae,

259 969 389 1010 neque
418 959 541 998 ullum
578 959 714 1006 vit-ide,
744 973 876 1013 neque
911 961 1032 1001 ullam
1068 962 1491 1015 arborem.'¹—Quod
1527 962 1752 1016 significet

261 1018 381 1070 quod
397 1033 479 1059 non
501 1020 660 1061 damno
677 1021 898 1075 afficerent
917 1022 1054 1063 ullum
1071 1023 1352 1078 scientificum
1369 1038 1522 1065 verum
1542 1030 1585 1064 et
1603 1023 1753 1065 vivum

257 1094 313 1120 ex
338 1095 469 1123 sensu
493 1083 670 1124 litterae
686 1086 688 1089 '
703 1084 845 1134 Verbi,
874 1098 947 1125 nec
970 1085 1149 1139 aliquas
1175 1086 1438 1140 cognitiones
1464 1086 1563 1127 veri
1585 1093 1627 1127 et
1657 1086 1754 1127 boni

257 1143 332 1193 ibi,
353 1152 538 1187 constat
565 1161 624 1188 ex
651 1146 987 1201 significatione
1015 1153 1145 1190 “non
1173 1149 1393 1198 laedere‚'’
1420 1150 1540 1203 quod
1572 1151 1629 1191 sit
1662 1163 1751 1191 non

258 1207 426 1249 damno
442 1209 647 1261 afficere;
673 1225 732 1251 ex
749 1210 1123 1264 significatione“
1139 1212 1373 1265 graminis’
1377 1212 1518 1266 ’quod
1533 1213 1591 1253 sit
1607 1213 1752 1253 scien-

258 1269 428 1312 tificum
440 1286 610 1322 verum,
625 1279 671 1314 et
687 1287 746 1314 ex
762 1273 1093 1327 significatione
1108 1275 1312 1317 “viridis’'
1324 1276 1444 1329 quod
1460 1276 1517 1316 sit
1532 1274 1804 1326 scientifi-k.

258 1345 361 1372 cum
386 1333 537 1374 vivum
562 1344 616 1382 (de
631 1345 747 1382 quibus
761 1354 868 1383 supra,
882 1355 912 1375 n.
930 1345 1055 1388 507)·
1047 1369 1056 1386 ,
1089 1342 1135 1376 et
1161 1337 1264 1389 quia
1290 1350 1426 1377 omne
1452 1335 1749 1377 scientificum

260 1406 415 1434 verum
433 1401 479 1435 et
494 1395 643 1436 vivum
659 1410 717 1436 ex
734 1395 889 1437 Verbo
907 1403 992 1443 est,
1010 1397 1113 1437 inde
1131 1411 1210 1450 per
1224 1401 1249 1417 “
1264 1411 1353 1438 non
1371 1397 1549 1438 laedere
1563 1410 1751 1450 gramen

258 1462 405 1498 terrae
432 1471 576 1512 neque
609 1458 748 1499 ullum
775 1459 944 1500 viride”
967 1459 1246 1513 significatur
1272 1459 1569 1501 scientificum
1595 1473 1749 1500 verum

258 1526 305 1560 et
327 1521 477 1561 vivum
504 1536 564 1562 ex
588 1522 769 1563 Verbo:
804 1529 850 1564 et
877 1537 937 1564 ex
963 1523 1294 1576 significatione
1322 1522 1610 1572 “arborum,’'
1631 1523 1751 1577 quod

257 1583 348 1623 sint
379 1584 671 1636 cognitiones
701 1585 794 1624 veri
825 1591 871 1625 et
902 1584 1025 1633 boni,
1052 1585 1191 1625 etiam
1217 1599 1275 1625 ex
1308 1585 1465 1626 Verbo
1497 1595 1551 1634 (de
1567 1604 1751 1632 quasupra,

256 1663 287 1683 n.
310 1653 398 1695 109
413 1653 527 1694 420).
586 1643 669 1684 Per
700 1643 951 1685 scientifica
976 1658 1036 1684 ex
1063 1643 1221 1685 Verbo
1251 1645 1574 1697 intelliguntur
1599 1645 1752 1684 omnia

258 1717 415 1745 sensus
443 1703 625 1745 litterae
657 1705 730 1754 ibi,
758 1706 802 1745 in
834 1705 993 1759 quibus
1021 1719 1110 1746 non
1137 1713 1327 1759 apparet
1359 1704 1636 1756 ἀοᾶτίη316;
1674 1719 1753 1759 per

258 1767 545 1820 cognitiones
568 1774 722 1808 autem
744 1769 837 1808 veri
868 1774 914 1809 et
941 1769 1048 1809 boni
1074 1769 1390 1822 intelliguntur
1415 1769 1567 1809 omnia
1593 1781 1750 1809 sensus

258 1830 438 1871 litterae
465 1829 619 1879 Verbi,
648 1831 692 1871 in
718 1831 876 1884 quibus
902 1837 949 1872 et
978 1845 1038 1872 ex
1065 1832 1222 1885 quibus
1250 1838 1319 1872 est
1346 1829 1608 1872 doetrinale.
1632 1855 1638 1861 ·
1669 1831 1751 1872 Per

259 1893 363 1941 hoc,
380 1893 499 1946 quod
525 1906 615 1933 non
640 1894 808 1934 damno
826 1893 1059 1935 afficerent
1078 1894 1259 1948 aliquod
1284 1893 1578 1935 scientificum
1596 1907 1750 1935 verum

259 1963 307 1997 et
329 1957 494 2005 vivum,
524 1969 607 1997 nec
641 1957 927 2010 cognitiones
958 1958 1051 1998 veri
1083 1964 1129 1998 et
1161 1958 1267 1998 boni
1299 1971 1358 1998 ex
1385 1957 1555 2006 Verbo,
1582 1956 1750 1998 intelli-

258 2020 393 2073 gitur,
433 2019 552 2072 quod
594 2019 814 2060 sensualis
855 2020 992 2061 homo
1033 2034 1111 2074 per
1151 2034 1278 2060 suum
1316 2020 1622 2074 persuasivum
1659 2031 1750 2060 non

259 2088 490 2136 pervertet
527 2082 722 2136 aliquem
760 2096 941 2124 sensum
979 2083 1160 2125 litterae
1193 2083 1346 2132 Verbi,
1382 2083 1595 2136 negando
1630 2082 1750 2137 quod

258 2159 411 2187 verum
435 2146 519 2196 sit3
554 2158 658 2185 nam
685 2146 720 2186 si
746 2145 832 2186 hoc
856 2146 978 2195 facit,
1003 2145 1152 2187 actum
1175 2153 1245 2187 est
1268 2159 1369 2187 cum
1396 2146 1488 2194 illo,
1513 2146 1615 2199 quia
1641 2152 1748 2186 tunc

259 2221 350 2249 non
377 2207 526 2262 aliqua
557 2222 659 2261 spes
686 2208 1017 2249 reformationis
1049 2209 1141 2262 ejus
1173 2215 1256 2257 est,
1286 2222 1367 2249 nec
1395 2208 1587 2249 facultas
1613 2207 1748 2250 intel-

261 2271 431 2324 ligendi
467 2284 622 2311 verum
663 2271 908 2312 ecclesiae:
956 2272 1030 2325 qui
1071 2272 1189 2313 enim
1232 2278 1372 2324 negat
1410 2271 1612 2312 Verbum
1651 2285 1749 2312 esse

262 2334 474 2375 Divinum
501 2335 544 2374 in
568 2335 690 2374 omni
716 2348 851 2375 sensu
873 2334 1069 2383 litterae,
1093 2336 1257 2388 rumpit
1282 2347 1451 2375 nexum
1477 2347 1578 2375 cum
1605 2334 1748 2382 caelo,

259 2398 472 2451 quoniam
511 2397 829 2451 per-Verbum
866 2404 936 2439 est
973 2396 1230 2451 conjunctio
1267 2397 1438 2438 homini
1478 2410 1580 2438 cum
1620 2397 1749 2438 caelo

261 2470 463 2507 (videaturin
476 2479 572 2507 opere
586 2470 635 2498 De
651 2470 742 2499 Caelo
754 2473 784 2498 et
795 2470 930 2509 Inferna,
941 2479 974 2499 n.
990 2470 1159 2508 303-310).
1201 2459 1486 2499 Descrlbltul'
1506 2459 1578 2499 hic
1601 2458 1748 2512 qualis

259 2526 408 2562 status
439 2520 635 2561 hominis
666 2520 886 2561 ecclesiae
918 2527 988 2562 est
1021 2521 1139 2562 circa
1169 2519 1317 2569 finem,
1347 2520 1466 2574 quod
1498 2533 1661 2573 nempe
1692 2519 1750 2560 ab

259 2585 439 2624 interno
465 2598 542 2624 seu
565 2583 782 2637 spirituali
808 2582 886 2624 fiat
912 2590 1131 2624 externus
1154 2583 1200 2624 et
1222 2583 1471 2634 sensualis;
1505 2583 1583 2624 sed
1610 2596 1748 2637 usque

260 2660 316 2687 ne
353 2661 534 2700 prorsus
574 2653 745 2700 pereat,
785 2647 1047 2700 providetur
1087 2652 1133 2687 et
1174 2653 1359 2687 cavetur
1393 2660 1420 2686 a
1457 2646 1655 2686 Domino
1693 2659 1750 2687 ne

260 2710 429 2750 damno
466 2709 633 2750 afficiat
670 2709 837 2763 aliquid
873 2709 918 2750 in
955 2709 1095 2750 Verbi
1133 2722 1266 2750 sensu
1303 2709 1497 2757 litterae,
1537 2708 1749 2761 negando

258 2771 367 2812 illud
394 2786 492 2813 esse
519 2785 673 2812 verum
705 2779 751 2813 et
777 2773 942 2821 vivum,
970 2771 1056 2813 hoc
1090 2778 1174 2819 est,
1204 2772 1430 2820 Divinum,
1459 2772 1645 2812 tametsi
1671 2785 1750 2825 per

259 2848 440 2876 sensum
482 2835 661 2876 litterae
702 2849 781 2875 sua
819 2834 931 2876 salsa
970 2841 1018 2876 et
1064 2834 1184 2875 mala
1226 2834 1488 2875 confirmat:
1537 2833 1748 2887 quamdiu

259 2899 377 2939 enim
405 2911 495 2939 non
528 2904 667 2951 negat
700 2897 911 2938 Divinum
943 2897 987 2939 in
1013 2897 1181 2947 Verbo,
1211 2911 1347 2951 usque
1381 2896 1492 2951 legit
1519 2902 1597 2938 aut
1623 2896 1748 2937 audit
