1962 3334
314 242 419 295 1672
724 251 1056 286 APOCALYPSIS
1089 254 1390 288 EXPLICATA.

309 363 351 403 ni
371 376 378 403 :
412 363 498 404 hoc
522 376 547 403 a
570 369 700 416 parte
719 363 916 404 hominis
938 370 985 405 et
1004 364 1097 418 ejus
1120 365 1241 406 vitae
1260 366 1404 407 libero
1422 367 1534 418 erit;
1563 367 1644 408 sed
1663 382 1804 422 usque

307 425 447 466 homo
472 432 697 478 agnoscet
724 427 846 479 quod
873 428 1013 467 etiam
1040 428 1126 468 hoc
1154 429 1212 469 sit
1238 443 1263 469 a
1290 429 1504 480 Domino,
1528 431 1716 471 tametsi
1742 445 1802 472 ex

307 487 503 528 obscuro
525 489 850 541 perceptioniS,
874 490 917 529 in
940 503 1030 543 quo
1052 490 1191 531 homo
1214 497 1299 540 est,
1324 505 1415 532 non
1438 492 1482 532 id
1505 492 1639 533 aliter
1660 494 1802 533 sentit

307 564 443 603 quam
470 552 587 591 sicut
614 565 638 591 a
665 565 726 591 se.
788 551 916 592 Haec
940 552 1062 593 dicta
1088 560 1195 594 sunt
1222 561 1269 594 ut
1301 555 1471 594 sciatur
1496 556 1617 608 quod
1648 555 1803 604 homo,

307 615 381 668 qui
413 621 556 667 negat
589 614 854 662 Dominum,
882 628 974 655 non
1006 615 1140 656 aliter
1173 618 1319 669 possit
1350 630 1486 670 quam
1518 618 1562 658 in
1594 618 1726 658 malis
1758 624 1805 659 et

307 677 412 718 inde
434 677 558 717 falsis
581 691 696 725 esse,
717 678 821 731 quia
844 691 936 717 non
959 685 1115 731 potest
1139 679 1329 720 subduci
1351 694 1376 719 a
1398 681 1594 733 proprio,
1611 681 1698 722 hoc
1717 687 1803 730 est,

310 740 479 780 elevari
510 754 645 793 supra
670 740 741 790 id;
780 754 862 782 nec
896 743 940 781 in
965 742 1118 795 aliqua
1143 742 1423 783 attractione
1454 756 1480 782 a
1514 742 1731 792 Domino,
1758 750 1805 784 et

308 803 414 843 inde
439 803 483 843 in
510 804 812 845 conversione
834 804 985 858 quoad
1007 805 1224 845 interiora
1247 819 1361 858 quae
1388 806 1556 846 mentis
1579 805 1673 858 ejus
1699 812 1805 847 sunt

308 866 366 906 ad
390 866 654 907 Dominum.

388 949 521 1003 647.
552 950 909 1004 “Quotiescunque
929 950 1361 1003 voluerint‚''—Quod
1384 950 1612 1003 significet
1635 951 1806 1004 quoties

308 1011 435 1052 lzomo
459 1013 733 1065 aggreditur
762 1013 875 1054 bona
900 1014 1071 1054 amoris
1101 1019 1143 1054 et
1172 1027 1281 1053 vera
1310 1013 1554 1061 doc‘lrinae,
1582 1027 1694 1066 quae
1718 1020 1805 1054 tes-

308 1081 468 1115 tantur
491 1076 544 1116 de
566 1076 772 1124 Domino,
798 1083 841 1116 et
868 1091 925 1116 ex
948 1076 1111 1129 quibus
1136 1076 1262 1116 lzomo
1284 1082 1491 1129 agnoscet
1513 1083 1555 1117 et
1578 1077 1808 1130 confitetur

310 1137 567 1187 Dominum,
595 1139 659 1179 ad
684 1139 850 1179 malum
880 1139 979 1180 illis
1004 1139 1302 1191 inferendum,
1326 1145 1511 1179 constat
1543 1153 1602 1179 ex
1633 1139 1804 1191 signifi-

308 1202 492 1242 catione
508 1206 533 1221 “
547 1203 909 1255 quotiescunque
922 1201 1193 1250 voluerint‚'’
1206 1215 1307 1242 cum
1324 1202 1380 1242 de
1397 1202 1551 1242 “binis
1567 1201 1806 1250 testibus‚‘'

309 1278 389 1318 per
411 1279 525 1319 quos
551 1265 874 1318 intelliguntur
896 1266 970 1318 qui
993 1272 1253 1317 agnoscunt
1276 1271 1322 1305 et
1345 1264 1622 1305 confitentur
1645 1265 1805 1306 Domi-

309 1341 431 1377 num,
456 1328 577 1381 quod
601 1342 692 1368 non
718 1329 804 1382 ipsi
825 1328 972 1369 velint
998 1334 1044 1368 et
1070 1327 1241 1368 faciant
1264 1328 1386 1368 mala
1411 1342 1527 1381 quae
1553 1328 1638 1369 huc
1665 1343 1805 1383 usque

307 1398 565 1432 memorata
598 1398 732 1442 sunt;
773 1392 853 1432 sed
884 1391 1006 1445 quod
1037 1392 1123 1445 ipsi
1154 1391 1261 1431 mali
1293 1391 1391 1440 sibi,
1424 1392 1608 1445 quando
1639 1384 1805 1445 aggre-

309 1454 495 1495 diuntur
521 1454 642 1495 bona
667 1462 714 1495 et
740 1468 849 1495 vera
874 1468 989 1508 quae
1015 1468 1040 1494 a
1067 1454 1267 1494 Domino
1293 1454 1564 1507 procedunt,
1592 1455 1648 1494 ad
1675 1455 1805 1494 dam-

310 1530 417 1557 num
448 1517 537 1557 illis
569 1517 881 1558 inserendum:
931 1517 974 1557 in
1011 1530 1146 1557 sensu
1180 1517 1300 1556 enim
1334 1516 1518 1557 litterae
1545 1516 1688 1557 Verbi
1723 1518 1805 1558 ad-

310 1580 523 1620 scribitur
553 1580 759 1632 Jehovae
786 1579 902 1627 Deo,
930 1579 1016 1620 hoc
1050 1586 1136 1627 est,
1165 1579 1381 1627 Domino,
1415 1580 1535 1632 quod
1567 1580 1804 1628 irascatur,

309 1643 642 1691 excandescat,
667 1643 800 1683 furiat
824 1641 1201 1690 contra111malos,
1221 1649 1268 1683 et
1290 1641 1411 1695 quod
1433 1641 1570 1682 faciat
1593 1642 1682 1682 illis
1708 1655 1804 1683 ma-

310 1705 418 1755 lum,
447 1707 587 1746 immo
618 1706 740 1759 quod
772 1705 882 1746 velit
913 1705 1077 1753 facere,
1111 1718 1214 1745 cum
1245 1711 1402 1745 tamen
1439 1704 1664 1745 Dominus
1700 1719 1805 1745 nus-

309 1783 445 1822 quam
477 1770 686 1809 irascitur
718 1775 764 1809 et
796 1768 1110 1816 excandescit,
1138 1774 1184 1808 et
1215 1768 1320 1808 inde
1352 1767 1485 1808 alicui
1511 1767 1680 1808 malum
1706 1768 1806 1809 vult

310 1838 356 1873 et
387 1832 524 1882 facit3
563 1845 667 1872 nam
695 1831 919 1871 Dominus
949 1830 1093 1870 influit
1125 1845 1184 1870 ex
1215 1830 1338 1870 bono
1372 1843 1473 1870 cum
1503 1830 1626 1870 bono
1662 1836 1708 1871 et
1746 1844 1805 1871 ex

310 1909 419 1935 vero
445 1909 546 1936 cum
573 1896 690 1935 veris
713 1908 773 1934 ex
800 1894 923 1934 bono
945 1893 1065 1946 apud
1089 1907 1273 1933 omnem
1292 1893 1540 1941 hominem,
1564 1893 1663 1933 vult
1685 1894 1805 1933 enim

310 1958 538 1998 adducere
564 1957 755 1997 cunctos
781 1957 838 1996 ad
870 1955 928 1996 Se
959 1962 1006 1996 et
1037 1955 1242 1996 salvare:
1280 1970 1339 1995 ex
1366 1955 1434 1995 his
1460 1962 1674 1996 constare
1700 1962 1805 2009 pot-

310 2027 396 2067 est,
423 2020 544 2073 quod
577 2020 677 2068 hoc,
708 2019 1111 2073 “quotiescunque
1142 2024 1288 2059 testes
1319 2017 1589 2066 voluerint‚'’
1615 2031 1707 2059 non
1737 2019 1805 2058 in-

310 2083 551 2136 telligatur
576 2083 756 2136 quoties
782 2081 941 2128 velint,
966 2081 1046 2121 sed
1070 2082 1251 2134 quoties
1273 2081 1381 2121 mali
1403 2080 1580 2127 volunt,
1604 2081 1690 2122 hoc
1717 2088 1804 2129 est,

310 2160 369 2187 ex
386 2146 506 2186 velle
525 2146 694 2186 malum
717 2146 887 2187 faciunt
907 2161 915 2197 ;
940 2146 1026 2186 hoc
1046 2151 1130 2193 est,
1148 2144 1478 2197 aggrediuntur
1495 2144 1617 2184 bona
1634 2149 1680 2184 et
1699 2158 1806 2184 vera

311 2209 426 2250 caeli
457 2215 503 2249 et
535 2209 759 2249 ecclesiae
790 2223 906 2262 quae
938 2222 964 2249 a
996 2208 1210 2255 Domino,
1235 2207 1292 2247 ad
1324 2207 1541 2246 damnum
1572 2206 1662 2246 illis
1692 2206 1805 2247 infe-

310 2272 516 2312 rendum.
577 2271 712 2324 Quod
739 2285 830 2312 non
854 2271 1094 2318 Dominus,
1119 2269 1309 2323 proinde
1335 2282 1418 2309 nec
1446 2268 1615 2309 bonum
1638 2270 1806 2310 amoris

311 2341 357 2375 et
382 2348 539 2375 verum
570 2334 673 2375 fidei
699 2348 815 2387 quae
842 2341 948 2374 sunt
971 2333 1158 2373 Domini
1189 2332 1309 2385 apud
1332 2331 1565 2371 hominem
1588 2338 1634 2372 et
1661 2345 1804 2385 ange-

312 2397 420 2443 lum.
458 2398 590 2438 alicui
628 2398 799 2438 malum
838 2397 999 2445 velint,
1034 2402 1248 2437 constare
1285 2401 1440 2448 potest
1476 2408 1535 2434 ex
1579 2409 1648 2443 eo,
1683 2396 1805 2448 quod

312 2460 535 2500 Dominus
568 2460 692 2500 Deus
724 2473 816 2500 non
848 2460 905 2500 sit
937 2472 1074 2499 causa
1105 2457 1212 2498 mali
1243 2457 1363 2510 apud
1394 2456 1621 2510 aliquem;
1653 2464 1700 2498 et
1731 2458 1805 2511 qui

311 2536 403 2564 non
430 2529 500 2563 est
527 2537 664 2564 causa
691 2522 814 2570 mali,
840 2535 923 2562 nec
954 2527 1024 2562 est
1056 2534 1192 2562 causa
1223 2533 1426 2573 poenae;
1463 2520 1543 2559 sed
1579 2520 1701 2573 quod
1737 2521 1805 2573 ip-

311 2599 410 2626 sum
433 2585 604 2625 malum
628 2586 749 2638 quod
776 2585 896 2638 apud
920 2585 1153 2625 hominem
1176 2584 1233 2623 sit
1252 2595 1414 2623 causa:
1453 2583 1497 2622 in
1521 2582 1691 2622 mundo
1714 2583 1805 2635 spi-

311 2648 479 2696 rituali,
505 2648 578 2688 ubi
600 2648 777 2688 caelum
796 2654 842 2688 et
861 2647 935 2687 ubi
957 2646 1194 2694 infernum,
1214 2646 1367 2685 omnia
1388 2645 1451 2685 ita
1469 2645 1681 2686 ordinata
1699 2651 1804 2685 sunt

313 2717 361 2752 ut
401 2711 625 2751 Dominus
666 2723 887 2764 nusquam
923 2709 1121 2762 aliquem
1157 2709 1200 2748 in
1236 2707 1459 2748 infernum
1498 2707 1695 2760 dejiciat,
1724 2707 1804 2747 sed

312 2774 434 2828 quod
460 2775 556 2827 ipse
579 2774 764 2826 spiritus
788 2773 935 2813 malUS
954 2778 1100 2812 semet
1124 2782 1286 2820 (videatur,
1297 2782 1329 2810 in
1345 2791 1441 2819 opere
1457 2783 1507 2810 De
1523 2782 1612 2810 Caelo
1627 2785 1657 2810 et
1668 2782 1804 2820 Inferna,

312 2857 343 2877 n.
360 2848 542 2886 545-550);
575 2843 620 2876 et
647 2836 732 2876 hoc
756 2837 858 2889 quia
882 2835 1106 2875 Dominus
1129 2847 1218 2874 non
1242 2840 1312 2874 est
1335 2847 1471 2874 causa
1493 2833 1627 2883 mali;
1660 2839 1705 2873 et
1728 2834 1802 2886 qui

314 2913 405 2940 non
422 2906 492 2940 est
510 2912 647 2940 causa
666 2899 787 2947 mali,
807 2898 883 2938 ille
901 2911 982 2938 nec
1002 2903 1073 2938 est
1092 2910 1227 2938 causa
1245 2895 1430 2949 alicujus
1448 2895 1633 2936 effectus
1651 2896 1725 2949 qui
1742 2910 1802 2936 ex
