1962 3334
563 291 669 324 cAP.
691 289 774 330 lx„
797 287 936 320 VERs.
958 285 1103 318 2.—N.
1129 285 1149 329 5
1157 236 1294 328 39[a}.
1402 295 1408 300 -
1563 278 1670 324 1345

259 408 279 423 “
289 406 423 489 Diffidi3
439 410 573 446 petram
590 404 627 435 in
643 403 796 440 deserto,
810 406 846 432 et
860 400 981 431 bibere
996 398 1079 430 {ecit
1094 388 1246 438 abyssos
1262 405 1411 436 magnas
1422 394 1446 406 ''
1454 394 1526 433 (Ps.
1539 393 1674 425 lxxviii.

368 458 406 488 15
433 459 441 487 ἑ

192 532 242 568 et
265 525 383 579 apud
409 523 616 571 eundem,

305 600 477 643 Jehovah‚
495 598 659 639 “justitia
674 603 735 628 tua
750 597 899 636 abyssus
916 593 1076 634 magna⁰
1092 592 1165 632 (Ps.
1181 591 1299 623 xxxvi.
1318 598 1336 629 7
1355 588 1414 632 [B.
1430 590 1475 621 A.
1492 586 1565 630 6]);

194 684 242 719 et
266 677 385 718 alibi.
752 706 754 709 ,

272 736 490 792 539[a].
528 735 606 775 “Et
624 733 811 774 aseendit
834 732 968 772 fumus
996 743 1019 771 ο
1043 733 1166 782 puteo
1192 728 1303 769 sicut
1329 727 1463 767 fumus
1492 723 1677 765 fornacis

194 794 601 850 mayna0.''-—Quod
626 792 850 846 significet
877 791 980 831 inde
1003 789 1140 830 densa
1157 787 1292 840 falsa
1315 801 1372 826 ex
1394 785 1529 826 malis
1553 798 1674 825 amo·

195 872 298 900 rum
328 855 608 898 terrestrium
637 860 679 894 et
705 859 1019 905 corporeorum,
1047 855 1230 890 constat
1258 862 1318 889 ex
1344 846 1676 900 significatione

197 918 384 966 -“sumi‚”
400 917 520 970 quod
538 917 596 956 sit
612 915 774 955 salsum
792 913 898 953 mali
915 923 970 961 (de
982 931 1046 959 qua
1057 921 1212 958 sequitur)
1230 924 1239 960 ;
1266 923 1325 950 ex
1342 907 1675 961 significatione

194 982 226 1011 .“
238 979 361 1032 putei
378 976 567 1030 abyssi,'’
581 976 699 1030 quod
717 976 774 1015 sit
792 974 1009 1014 infernum
1028 972 1100 1012 ubi
1117 977 1221 1011 sunt
1236 971 1310 1024 qui
1326 969 1676 1010 falsificaverunt

198 1039 402 1080 Verbum
434 1050 488 1085 (de
507 1058 571 1085 qua
588 1057 693 1085 supra,
713 1056 744 1076 n.
768 1045 877 1087 537),
904 1041 951 1075 et
981 1047 1041 1074 ex
1075 1031 1410 1085 significatione
1444 1029 1675 1070 “fornacis

198 1100 430 1153 magnae‚'’
455 1099 574 1153 quod
599 1100 689 1139 sint
714 1097 834 1138 mala
858 1108 1060 1136 amorum
1086 1094 1366 1135 terrestrium
1392 1099 1439 1133 et
1465 1105 1676 1144 corpore-

198 1175 340 1209 orum,
359 1175 418 1201 ex
440 1160 599 1214 quibus
621 1159 732 1200 talia
753 1158 867 1198 falsa
888 1162 1130 1209 erumpunt
1153 1166 1208 1202 (de
1222 1174 1287 1202 qua
1301 1165 1332 1193 in
1347 1169 1499 1201 sequente
1514 1163 1676 1201 articulo).

201 1221 335 1274 Quod
358 1220 568 1262 “sumus”
591 1219 812 1273 significet
838 1218 997 1258 falsum
1024 1217 1143 1263 mali,
1168 1222 1238 1256 est
1260 1216 1363 1269 quia
1388 1214 1592 1268 procedit
1617 1227 1677 1254 ex

197 1285 318 1337 igne,
350 1290 397 1325 et
431 1283 615 1336 “ignis”
646 1281 868 1334 significat
899 1294 1076 1320 amores
1107 1279 1172 1319 sui
1208 1285 1254 1319 et
1288 1277 1457 1325 mundi,
1491 1283 1538 1317 et
1574 1276 1678 1317 inde

199 1347 350 1395 omnia
374 1342 525 1395 'mala;
561 1359 696 1398 quare
728 1345 864 1384 etiarn
901 1343 1071 1383 inferna
1102 1355 1216 1395 quae
1252 1342 1296 1380 in
1327 1339 1449 1380 falsis
1481 1346 1585 1379 sunt
1617 1353 1677 1379 ex

197 1409 326 1450 malis
347 1409 524 1449 illorum
547 1420 761 1453 amorum,
782 1413 828 1447 et
850 1406 995 1458 magis
1017 1405 1090 1445 ubi
1113 1411 1216 1444 sunt
1235 1404 1308 1457 qui
1328 1401 1677 1443 falsificaverunt

198 1471 399 1512 Verbum
422 1470 691 1524 applicando
713 1469 770 1509 ad
795 1469 994 1509 savorem
1016 1467 1193 1507 illorum
1215 1479 1431 1513 amorum,
1456 1471 1677 1518 apparent

197 1535 243 1575 in
272 1535 377 1587 igne
408 1535 522 1574 sicut
553 1533 744 1573 fornacis
776 1544 983 1584 magnae,
1011 1545 1035 1571 e
1064 1544 1150 1583 qua
1181 1530 1346 1570 densus
1377 1528 1521 1568 sumus
1552 1540 1676 1568 com-

201 1598 371 1637 mixtus
387 1596 479 1649 igni
497 1595 714 1636 ascendit.
774 1594 886 1634 Visa
904 1594 1041 1634 etiam
1059 1592 1166 1632 mihi
1189 1598 1307 1639 sunt,
1326 1598 1373 1631 et
1396 1591 1542 1643 patuit
1559 1589 1679 1643 quod

200 1673 375 1700 amores
405 1658 469 1698 illi
504 1658 621 1710 apud
657 1657 758 1697 illos
790 1657 953 1696 sistant
985 1655 1295 1708 apparentiam
1327 1654 1431 1694 talis
1467 1653 1597 1705 ignis,
1632 1659 1678 1693 et

200 1721 319 1775 quod
340 1721 451 1762 falsa
468 1721 571 1760 inde
589 1719 815 1759 effluentia
832 1719 1143 1771 apparentiam
1161 1717 1266 1757 fumi
1283 1717 1438 1769 igniti:
1467 1715 1547 1755 sed
1569 1715 1679 1755 talia

200 1797 291 1824 non
322 1789 540 1836 apparent
571 1782 658 1822 illis
688 1782 761 1834 qui
793 1781 897 1821 inibi
928 1786 1059 1829 sunt;
1091 1786 1196 1819 sunt
1228 1780 1347 1819 enim
1378 1780 1422 1818 in
1454 1778 1679 1818 amoribus

200 1846 286 1887 illis
308 1853 355 1886 et
378 1846 421 1885 in
447 1844 567 1884 falsis
589 1844 719 1893 inde;
752 1850 821 1883 est
844 1843 938 1883 vita
960 1842 1136 1882 illorum
1159 1843 1202 1881 in
1225 1841 1335 1882 illis:
1369 1855 1429 1881 ex
1450 1840 1519 1880 his
1541 1853 1679 1893 usque

201 1908 453 1949 cruciantur
476 1907 627 1947 multis
650 1906 807 1953 modis,
830 1912 875 1945 et
898 1918 988 1945 non
1011 1919 1070 1945 ex
1093 1904 1269 1957 ignibus
1292 1910 1338 1944 et
1360 1904 1503 1951 fumis,
1522 1902 1678 1956 quales

200 1974 305 2009 sunt
335 1969 380 2008 in
410 1968 580 2007 mundo
610 1973 769 2006 nOStrO
801 1965 995 2006 naturali
1026 1976 1075 2013 (ut
1089 1976 1201 2004 melius
1216 1981 1360 2004 constare
1378 1979 1483 2012 potaet
1495 1984 1535 2003 ex
1547 1974 1681 2003 articulo

198 2029 230 2056 in
246 2037 340 2066 opere
356 2028 407 2056 De
425 2028 515 2056 Caelo
530 2030 560 2054 et
574 2027 711 2064 Inferna.
728 2035 758 2054 n.
774 2026 923 2062 566—575.
940 2025 993 2053 ubi
1008 2025 1111 2061 agitur
1125 2025 1165 2052 de
1181 2025 1260 2061 Igne
1276 2024 1425 2053 Infernali
1440 2028 1471 2052 et
1486 2024 1526 2052 de
1540 2023 1682 2052 Stridore

200 2082 379 2119 nentium.)
446 2070 581 2123 Quod
621 2069 835 2109 “sumus’'
871 2068 1095 2121 significet
1131 2068 1322 2108 densum
1360 2067 1521 2108 falsum
1557 2067 1679 2120 quod

202 2132 379 2186 profluit
406 2146 464 2172 ex
491 2130 625 2178 malo,
653 2136 863 2171 constare
894 2135 1048 2182 potest
1076 2143 1136 2170 ex
1161 2129 1451 2182 sequentibus
1484 2128 1682 2168 locis:—

201 2194 339 2248 Apud
363 2194 528 2241 Mosen,

265 2283 445 2315 Abraham
460 2284 479 2296 “
488 2282 670 2322 prospexit
682 2288 805 2312 contra
821 2281 929 2312 facies
942 2281 1129 2318 Sodomae,
1143 2287 1178 2312 et
1191 2280 1356 2318 Amorae,
1371 2287 1405 2311 et
1418 2286 1542 2311 contra
1554 2290 1681 2311 omnes

374 2326 480 2357 facies
500 2333 615 2356 terrae
638 2325 806 2365 planitiei,
826 2331 860 2355 et
880 2325 966 2355 vidit
984 2331 1020 2355 et
1039 2334 1118 2355 ecce
1138 2324 1296 2355 ascendit
1320 2324 1438 2355 fumus
1457 2330 1571 2355 terrae
1592 2324 1682 2355 sicut

372 2369 490 2400 fumus
507 2368 690 2399 fornacis¹'
706 2368 801 2407 (Gen.
818 2368 887 2398 xix.
906 2368 979 2406 28):

202 2470 281 2510 per
305 2455 587 2496 “Sodomam
610 2462 655 2495 et
680 2454 931 2495 Amoram'‘
952 2455 996 2494 in
1022 2468 1155 2495 sensu
1177 2454 1394 2507 spirituali
1416 2454 1678 2507 intelligun-

202 2525 275 2558 tur
287 2517 350 2558 illi
364 2518 436 2570 qui
454 2531 630 2570 prorsus
648 2518 691 2557 in
709 2517 933 2557 amoribus
948 2517 1012 2556 sui
1030 2523 1133 2557 sunt
1152 2531 1160 2567 ;
1187 2531 1323 2570 quare
1341 2531 1418 2570 per
1435 2522 1460 2536 ‘⁴
1472 2517 1680 2564 sumum,”

203 2581 276 2633 qui
298 2594 321 2620 e
343 2587 462 2620 terra
483 2593 635 2620 eorum
659 2586 761 2632 post
785 2579 1144 2620 combustionem
1162 2581 1282 2620 visus
1305 2579 1571 2620 Abrahamo
1593 2587 1678 2627 est,

203 2641 479 2694 significatur
503 2642 691 2682 densum
716 2641 875 2681 salsum
898 2641 1016 2694 quod
1043 2649 1112 2682 est
1138 2642 1225 2682 illis
1251 2643 1324 2695 qui
1350 2656 1529 2695 prorsus
1554 2643 1598 2682 in
1625 2656 1680 2682 eo

202 2717 354 2744 amore
372 2710 475 2744 sunt
493 2718 501 2754 ;
534 2705 606 2756 qui
624 2705 742 2744 enim
761 2718 807 2744 se
826 2718 957 2756 super
973 2705 1122 2744 omnia
1139 2712 1308 2752 amant,
1329 2705 1391 2744 illi
1413 2706 1456 2744 in
1480 2706 1680 2745 maxima

202 2766 394 2818 caligine
416 2772 519 2806 sunt
537 2767 683 2819 quoad
706 2766 950 2819 spiritualia
972 2773 1018 2806 et
1041 2767 1269 2815 caelestia,
1290 2773 1392 2807 sunt
1416 2768 1534 2807 enim
1557 2780 1679 2807 mere

203 2827 429 2868 naturales
452 2834 498 2868 et
521 2828 764 2872 sensuales.
784 2835 829 2868 et
851 2829 1045 2880 separati
1068 2842 1246 2882 prorsus
1268 2843 1291 2870 e
1314 2829 1467 2880 caelo;
1500 2836 1546 2870 et
1569 2836 1677 2870 tunc

203 2903 293 2930 non
311 2889 456 2930 solum
475 2898 645 2943 negant
665 2890 839 2939 Divina,
856 2891 934 2931 sed
952 2891 1088 2932 etiam
1107 2893 1377 2945 excogitant
1395 2892 1505 2932 salsa
1520 2891 1678 2945 quibus
