1962 3334
290 281 398 324 1740
698 283 1030 318 APOCALYPSIS
1063 286 1360 320 EXPLICATA.

283 392 397 448 [fiper
422 399 603 450 “equos
628 397 903 439 Pharaonis'·
922 399 1230 453 significantur
1248 403 1510 456 imaginaria
1528 405 1629 458 quia
1647 405 1774 447 falla·

282 459 390 506 ciae,
411 473 524 512 quae
543 466 646 500 sunt
665 461 911 502 scientifica
929 476 987 502 ex
1004 463 1298 505 intellectuali
1317 479 1527 518 perverso
1546 468 1773 520 applicata

281 521 338 562 ad
365 521 721 562 confirmandum
748 523 873 572 falsa,
899 538 978 577 per
1002 529 1193 567 “currus
1221 528 1312 580 ejus
1325 529 1342 543 ”
1368 528 1632 570 doctrinalia
1659 531 1771 580 falsi,

281 591 327 625 et
366 598 443 636 per
477 585 721 638 “equites''
758 588 992 628 ratiocinia
1028 590 1158 640 inde;
1202 604 1279 642 per
1314 595 1498 632 “rotam
1536 595 1773 634 curruum’'

280 645 560 698 significatur
585 646 776 687 facultas
807 649 1126 690 ratiocinandi.
1186 661 1263 700 (Sed
1283 663 1361 692 haee
1377 664 1408 692 in
1423 665 1561 693 Arcanis
1580 666 1772 699 Caelestibus,

279 718 311 738 n.
335 711 526 746 8208—8219,
552 712 741 748 8332—8335‚
763 713 852 748 8343,
873 713 1030 749 explicata
1051 714 1154 752 sunt.)
1213 704 1442 756 Quoniam
1479 720 1559 759 per
1592 712 1771 761 “equos

281 759 487 812 Aegypti
503 760 521 775 '’
557 761 667 802 talia
707 763 1030 815 significantur,
1067 765 1170 806 ideo
1215 768 1541 820 praescriptum
1583 776 1652 810 est
1695 783 1773 822 per

280 823 449 872 Mosen,

344 919 380 951 Si
401 920 553 960 populus
574 921 659 953 velit
679 932 809 962 regem,
829 930 981 962 ponetur
1000 934 1063 955 rex
1083 935 1190 964 super
1210 926 1298 964 illos,
1318 937 1421 967 quem
1443 928 1590 968 elegerit
1609 927 1771 970 Jehovah

456 963 552 996 Deus
567 975 585 995 e
603 966 720 996 medio
738 966 890 997 filiorum
908 966 1061 1006 Israelis,
1078 979 1149 999 non
1169 975 1320 1008 ponetur
1333 971 1387 1001 vir
1404 971 1606 1011 alienigena
1622 972 1680 1012 qui
1699 982 1771 1003 non

453 1007 563 1039 frater
577 1015 668 1047 tuus,
684 1010 818 1040 “modo
834 1020 905 1040 non
924 1011 1133 1051 multiplicet
1152 1013 1218 1043 sibi
1233 1023 1352 1054 equos,
1368 1024 1432 1045 nec
1447 1016 1590 1047 reducat
1602 1016 1770 1055 populum

453 1051 489 1082 in
504 1051 708 1092 Aegyptum
727 1059 764 1084 ut
782 1054 991 1093 multiplicet
1008 1065 1119 1095 equos
1136 1065 1143 1093 ;
1167 1055 1330 1097 Jehovah
1344 1058 1439 1088 enim
1457 1058 1544 1090 dixit
1558 1059 1672 1096 vobis,
1689 1059 1770 1090 Non

454 1095 591 1127 addetis
612 1097 741 1127 reverti
763 1097 797 1127 in
821 1098 878 1127 via
897 1097 962 1128 hac
982 1099 1156 1138 amplius;
1190 1110 1255 1131 nec
1276 1101 1523 1140 multiplicabit
1544 1102 1612 1133 sibi
1630 1112 1770 1139 uxores,

452 1145 491 1170 ut
508 1149 580 1170 non
602 1141 741 1171 recedat
761 1150 823 1171 cor
839 1141 927 1180 ejus,
946 1151 1010 1172 nec
1028 1150 1215 1182 argentum
1234 1150 1269 1175 et
1289 1154 1414 1175 aurum
1435 1145 1683 1186 multiplicabit
1703 1146 1770 1177 sibi

453 1182 589 1214 nimis‘’
606 1183 740 1223 (Deutr.
760 1185 840 1215 xvii.
862 1187 1000 1225 15-17):

278 1277 383 1331 quid
421 1291 499 1330 per
531 1279 656 1327 haec,
695 1293 808 1333 quae
843 1281 1119 1334 praescripta
1156 1289 1260 1323 sunt
1297 1284 1405 1336 regi,
1444 1284 1766 1337 significantur,

278 1353 413 1382 nemo
435 1341 585 1382 videre
609 1348 761 1395 potest
786 1343 867 1382 nisi
895 1344 1007 1384 sciat
1031 1345 1135 1397 quid
1162 1346 1204 1384 in
1228 1359 1360 1386 sensu
1387 1347 1603 1399 spirituali
1630 1349 1768 1401 signi·

277 1403 437 1445 ficatur
459 1418 537 1457 per
557 1405 789 1458 “regem‚''
814 1419 891 1458 per
912 1406 1064 1447 “filios
1084 1408 1301 1457 Israelis,’'
1325 1422 1403 1461 per
1428 1410 1734 1464 “Aegyptum
1752 1412 1769 1426 ”

277 1475 324 1508 et
358 1471 535 1521 “equos
567 1468 698 1521 ejus,’'
725 1475 820 1509 tum
854 1483 932 1522 per
961 1471 1204 1520 “uxores‚'’
1230 1478 1276 1512 et
1308 1485 1387 1525 per
1414 1476 1691 1526 “argentum
1723 1481 1768 1515 et

277 1531 482 1572 aurum:”
519 1545 597 1584 per
638 1532 862 1584 “regem”
900 1533 1178 1586 significatur
1214 1549 1367 1575 verum
1405 1550 1464 1576 ex
1501 1537 1634 1585 bono,
1672 1536 1768 1590 [per

279 1593 430 1634 “filios
455 1594 633 1634 Israelis
647 1594 665 1608 ‘’
687 1595 880 1635 ecclesia
903 1610 961 1636 ex
986 1596 1073 1636 illis
1095 1598 1168 1649 qui
1191 1598 1234 1637 in
1259 1599 1374 1638 veris
1397 1613 1454 1639 ex
1478 1599 1599 1639 bono
1626 1599 1764 1653 sunt,]

275 1671 355 1710 per
375 1661 400 1677 “
414 1657 713 1710 Aegyptum‘’
733 1659 1122 1708 naturalis-homo,
1145 1674 1223 1713 per
1243 1664 1420 1715 “equos
1443 1662 1534 1715 ejus
1547 1662 1565 1677 ”
1583 1663 1765 1704 scienti-

275 1720 372 1769 fica,
398 1734 477 1773 per
502 1724 705 1762 “uxores
721 1721 739 1735 ''
762 1721 1023 1763 affectiones
1046 1724 1137 1763 veri
1164 1730 1210 1764 et
1237 1724 1357 1773 boni,
1385 1738 1435 1765 ac
1462 1739 1540 1778 per
1565 1729 1589 1745 “
1606 1739 1766 1778 argen-

275 1790 373 1824 tum
396 1791 441 1825 et
465 1784 651 1825 aurum’'
669 1799 774 1825 vera
798 1792 843 1825 et
872 1786 991 1826 bona
1013 1786 1245 1835 ecclesiae,
1267 1794 1313 1828 et
1340 1788 1383 1828 in
1406 1789 1617 1841 opposito
1634 1802 1767 1829 sensu

275 1847 387 1888 falsa
409 1854 454 1888 et
478 1848 597 1888 mala
619 1847 736 1900 ejus:
765 1855 810 1888 et
835 1849 936 1901 quia
959 1862 1037 1902 per
1062 1853 1255 1902 “regem
1272 1850 1290 1864 '’
1313 1851 1593 1903 significatur
1611 1865 1764 1892 verum

274 1925 334 1951 ex
370 1911 504 1959 bono,
540 1918 585 1952 et
624 1924 700 1964 per
735 1910 888 1952 “filios
927 1912 1137 1953 Israelis’'
1170 1913 1359 1953 ecclesia
1396 1928 1454 1954 ex
1491 1914 1577 1954 illis
1613 1916 1685 1968 qui
1723 1916 1766 1955 in

274 1975 391 2014 veris
423 1988 482 2014 ex
515 1974 636 2015 bono
669 1980 787 2022 sunt,
816 1974 918 2014 ideo
951 1975 1125 2024 dicitur,
1155 1976 1274 2028 quod
1309 1977 1385 2016 “si
1417 1977 1607 2028 populus
1639 1977 1761 2026 velit,

273 2043 466 2090 ponetur
502 2052 583 2077 rex
622 2051 754 2090 super
791 2037 892 2078 illos
936 2051 1070 2091 quem
1113 2038 1302 2091 elegerit
1341 2039 1543 2091 Jehovah
1582 2040 1704 2080 Deus
1742 2054 1765 2080 e

274 2100 422 2140 medio
449 2099 639 2140 filiorum
664 2100 858 2147 Israelis,
884 2114 973 2140 non
999 2107 1196 2153 ponetur
1218 2102 1282 2141 vir
1304 2101 1557 2154 alienigena
1580 2103 1652 2155 qui
1675 2116 1765 2143 non
1814 2119 1816 2121 ¹

273 2162 410 2202 frater
427 2169 529 2203 tuus
547 2163 581 2213 ;”
607 2177 684 2216 per
705 2164 883 2203 “virum
906 2163 1208 2216 alienigenam
1232 2165 1303 2217 qui
1332 2178 1421 2205 non
1444 2165 1608 2205 frater''
1626 2166 1764 2218 signi-

275 2224 434 2266 ficatur
456 2226 714 2278 religiosum
742 2239 831 2266 non
859 2227 1155 2275 concordans,
1181 2233 1277 2266 tum
1302 2227 1461 2267 falsum
1487 2228 1531 2267 in
1557 2241 1645 2280 quo
1672 2242 1761 2268 non

272 2289 467 2339 bonum3
515 2296 560 2329 et
598 2290 702 2342 quia
740 2302 817 2341 per
851 2289 1193 2342 “Aegyptum’'
1231 2289 1509 2342 significatur
1549 2291 1763 2330 naturalis

273 2351 424 2400 homo,
460 2359 506 2392 et
541 2365 620 2404 per
653 2352 861 2405 “equos'’
904 2352 1153 2392 scientifica
1188 2352 1300 2392 falsa
1335 2366 1449 2405 quae
1485 2354 1760 2405 imaginaria,

271 2415 373 2455 ideo
391 2415 565 2463 dicitur,
589 2415 763 2455 “modo
787 2428 877 2455 non
897 2414 1166 2468 multiplicet
1190 2415 1271 2455 sibi
1294 2429 1447 2468 equos,
1469 2429 1550 2456 nec
1573 2416 1759 2456 reducat

271 2477 485 2529 populum
522 2478 565 2517 in
607 2477 874 2530 Aegyptum
913 2484 961 2517 ut
1003 2477 1271 2530 multiplicet
1309 2492 1447 2530 equos
1466 2478 1498 2528 ;’'
1544 2479 1646 2531 quia
1683 2492 1760 2530 per

273 2540 508 2580 “uxores”
535 2540 843 2593 significantur
869 2538 1126 2581 affectiones
1151 2542 1243 2581 veri
1269 2547 1314 2581 et
1341 2541 1460 2590 boni,
1489 2555 1601 2594 quae
1628 2541 1759 2582 affec-

270 2605 417 2644 tiones
440 2604 544 2643 mali
569 2610 615 2644 et
637 2603 734 2643 falsi
757 2603 869 2643 fiunt
889 2604 1069 2656 quando
1088 2604 1235 2656 plures
1253 2618 1419 2644 uxores
1437 2605 1510 2644 uni
1528 2605 1622 2644 viro
1640 2611 1757 2653 sunt¹

269 2667 372 2707 ideo
399 2666 572 2715 dicitur,
604 2670 723 2707 “nec
751 2666 1021 2718 multiplicet
1054 2667 1135 2706 sibi
1167 2681 1344 2716 uxoreS,
1374 2674 1422 2708 ut
1455 2681 1543 2708 non
1576 2668 1758 2708 recedat

270 2743 347 2770 cor
372 2729 464 2782 ejus
482 2729 515 2779 ;'‘
547 2735 593 2769 et
620 2730 721 2782 quia
753 2742 832 2781 per
861 2732 1138 2781 “argentum
1166 2736 1211 2770 et
1238 2744 1393 2770 aurum
1407 2730 1425 2745 '’
1451 2729 1760 2783 significantur

268 2806 375 2833 vera
406 2799 451 2833 et
483 2792 603 2832 bona
635 2791 870 2838 ecclesiae,
905 2791 975 2831 hic
1008 2798 1161 2832 autem
1192 2792 1303 2833 falsa
1334 2799 1379 2833 et
1412 2793 1543 2842 mala,
1578 2793 1758 2846 quando

269 2854 531 2908 spectantur
568 2854 712 2895 solum
754 2869 779 2894 a
819 2854 1012 2894 naturali
1048 2855 1242 2904 homine,
1282 2856 1384 2896 ideo
1421 2856 1595 2904 dicitur,
1637 2861 1756 2897 “nec

268 2924 508 2975 argentum
532 2924 577 2959 et
604 2931 758 2958 aurum
783 2917 1102 2970 multiplicabit
1130 2919 1210 2958 sibi
1234 2919 1399 2959 nimis.'’
1459 2918 1547 2960 Sed
1574 2921 1752 2972 propius

1931 2732 1952 2827 *nd-*vbe-

1933 2818 1945 2864 »ἓ-(μ

1949 2833 1962 2878 ΜΝ»
