1962 3334
623 277 731 311 cAP.
753 278 817 320 x.,
838 277 979 311 VERS.
1006 277 1150 310 1.—N.
1174 231 1349 324 594[a;].
1449 287 1456 294 Δ
1624 277 1732 323 1497

248 389 422 432 Verum
447 390 492 432 in
522 390 644 432 bono
669 390 860 441 amoris;
897 396 968 432 est
997 390 1150 445 itaque
1175 390 1389 432 Divinum
1414 389 1586 432 Verum
1611 389 1733 443 quod

247 452 293 494 in
329 467 409 494 sua
443 454 646 495 essentia
681 459 752 494 est
788 453 957 494 bonum
993 453 1174 503 amoris,
1212 453 1333 507 quod
1366 458 1556 495 tutatur.
1628 451 1731 493 Hoc

249 514 462 557 Divinum
487 515 673 565 Verum,
701 517 818 557 sicut
848 515 1085 557 descendit
1110 529 1136 557 e
1161 515 1290 557 caelo
1317 516 1479 557 intimo
1502 516 1548 556 in
1578 513 1733 556 caelos

248 577 490 627 inferiores,
513 584 561 619 et
583 578 770 619 tandem
791 578 836 618 in
860 577 1077 618 mundum
1099 577 1173 619 ubi
1194 584 1300 619 sunt
1322 577 1545 627 homines,
1567 577 1633 618 ita
1654 590 1735 631 per

246 640 429 694 gradus,
455 654 482 681 a
506 654 618 695 puro
641 640 692 682 fit
717 641 925 692 densius;
966 641 1071 682 inde
1097 647 1168 683 est
1193 641 1315 695 quod
1339 642 1386 682 in
1410 640 1565 682 infimo
1589 640 1734 694 gradu

251 710 470 757 appareat
494 705 610 746 sicut
632 704 800 754 nubes;
832 717 912 758 per
935 717 1074 758 quam
1091 704 1195 746 ideo
1220 699 1499 758 significatur
1520 704 1734 745 Divinum

249 764 422 807 Verum
457 767 856 808 accommodatum
893 767 1045 821 captui
1080 766 1346 820 angelorum
1385 767 1461 822 qui
1491 767 1545 808 in
1580 765 1735 808 infimo

249 827 392 877 caelo,
414 829 488 882 qui
512 829 767 883 spirituales
789 829 1021 871 naturales
1045 836 1166 878 sunt,
1189 836 1237 872 et
1258 830 1450 884 denique
1472 830 1626 883 captui
1650 829 1735 871 ho-

249 891 418 932 minum
444 892 489 932 in
513 892 683 933 mundo
704 891 925 933 naturali:
959 898 1006 934 et
1028 893 1130 946 quia
1153 892 1365 933 Divinum
1387 891 1559 933 Verum
1580 892 1625 933 in
1646 891 1733 933 hoc

248 954 392 1007 gradu
427 955 573 996 simile
608 958 678 996 est
716 955 883 996 Divino
919 954 1044 996 Vero
1080 955 1211 1010 quale
1246 961 1318 996 est
1353 956 1398 996 in
1429 954 1571 996 Verbi
1601 968 1736 996 sensu

249 1015 445 1066 litterae,
486 1018 590 1058 ideo
629 1031 708 1071 per
749 1015 984 1059 “nubem’'
1023 1017 1303 1071 significatur
1341 1017 1544 1059 Verbum
1585 1018 1735 1072 quoad

249 1092 431 1121 sensum
471 1080 666 1122 litterae.
740 1080 844 1122 Hoc
885 1081 1098 1122 Divinum
1137 1080 1310 1122 Verum
1350 1087 1422 1122 est
1458 1081 1579 1135 quod
1619 1081 1735 1122 sicut

248 1142 390 1184 nubes
419 1143 638 1197 implebat
670 1145 847 1193 atrium,
875 1150 922 1185 et
953 1144 1146 1198 denique
1177 1144 1379 1193 domum,
1406 1157 1433 1185 a
1465 1143 1589 1197 cujus
1619 1144 1735 1185 dex-

194 1249 200 1254 ,
248 1210 320 1246 tra
343 1212 570 1248 steterunt
596 1206 806 1248 cherubi:
844 1213 891 1248 et
922 1208 1024 1261 quia
1055 1207 1143 1248 hoc
1176 1207 1389 1248 Divinum
1416 1206 1590 1248 Verum
1615 1207 1735 1248 inte-

247 1268 338 1309 rius
376 1275 447 1310 est
486 1269 731 1323 spirituale,
771 1269 892 1324 quod
932 1269 1145 1323 splendet
1185 1284 1212 1311 a
1249 1270 1349 1311 luce
1391 1269 1593 1319 caelesti,
1633 1270 1736 1313 ideo

247 1337 439 1372 vocatur
470 1329 692 1385 “gloria,’'
722 1338 769 1373 et
801 1332 963 1373 dicitur
998 1333 1120 1386 quod
1155 1333 1356 1374 “atrium
1393 1332 1577 1387 plenum
1613 1340 1736 1374 esset

249 1392 489 1447 splendore
514 1394 685 1447 gloriae
707 1394 947 1448 Jehovae.”
1007 1395 1071 1436 Et
1102 1395 1221 1449 apud
1245 1395 1453 1445 Hiobum,

373 1489 496 1522 “Cum
508 1489 528 1503 '¹
545 1490 644 1523 Deus
661 1492 680 1506 ‘⁴
690 1491 878 1532 splendere
897 1491 983 1523 facit
1001 1491 1116 1523 lucem
1132 1492 1239 1524 nubis
1255 1501 1342 1524 suae
1351 1491 1371 1504 ”
1387 1491 1534 1532 (xxxvii.
1552 1491 1618 1532 15).

251 1576 479 1631 Quoniam
515 1579 631 1620 caeli
667 1580 916 1633 superiores
951 1585 1174 1633 apparent
1214 1592 1368 1621 coram
1405 1579 1546 1621 oculis
1581 1593 1735 1621 eorum

249 1642 324 1696 qui
360 1642 405 1682 in
441 1642 578 1683 caelis
613 1643 894 1684 inferioribus
931 1650 1038 1684 sunt
1074 1644 1192 1685 sicut
1223 1642 1503 1685 circumtetfti
1534 1644 1658 1685 tenui
1688 1651 1736 1686 et

249 1705 445 1746 candida
469 1705 601 1755 nube,
632 1705 711 1759 (ex
742 1719 879 1746 causa
909 1706 1012 1759 quia
1043 1705 1196 1759 angeli
1226 1706 1456 1747 inferiores
1486 1720 1578 1747 non
1604 1706 1736 1748 aliter

249 1766 463 1809 Divinum
487 1769 687 1822 superius
718 1782 797 1810 seu
827 1769 1014 1810 interius
1044 1767 1250 1827 speetare
1282 1775 1472 1822 possunt
1503 1783 1637 1823 quam
1663 1783 1735 1811 se-

249 1830 445 1872 cundum
459 1831 591 1884 quale
609 1830 801 1884 eorum,)
820 1832 922 1872 ideo
944 1832 1082 1872 etiam
1105 1831 1318 1872 Divinum
1337 1831 1509 1872 Verum
1530 1832 1575 1872 in
1597 1832 1736 1873 caelis

250 1893 549 1947 superioribus
585 1893 804 1947 aliquibus
842 1894 886 1934 in
925 1893 1037 1936 locis
1074 1895 1118 1934 in
1156 1893 1312 1935 Verbo
1351 1894 1622 1948 intelligitur
1657 1909 1736 1949 per

253 1956 431 1998 “nubes
448 1956 483 2007 ;'‘
519 1970 599 1998 seu
622 1957 743 2010 quod
774 1957 908 2006 idern,
935 1957 1056 2010 quod
1087 1957 1201 1998 caeli
1232 1957 1482 2010 superiores
1507 1971 1587 2011 per
1614 1961 1735 1998 “nu-

249 2018 384 2060 bem”
408 2018 748 2072 intelligantur:
786 2020 879 2060 sive
904 2020 1024 2060 enim
1050 2020 1175 2060 dicas
1201 2019 1414 2072 Divinum
1441 2019 1613 2061 Verum
1640 2021 1735 2062 sive

250 2081 375 2123 dicas
405 2081 572 2130 caelos,
595 2081 724 2123 'idem
756 2088 856 2132 est;
903 2095 1009 2123 nam
1040 2078 1154 2123 caeli
1186 2088 1294 2124 sunt
1325 2082 1440 2123 caeli
1474 2096 1535 2124 ex
1570 2082 1736 2124 Divino

250 2143 389 2194 Vero,
411 2151 459 2186 et
481 2144 632 2198 angeli
654 2145 713 2185 ibi
738 2151 843 2186 sunt
866 2145 1016 2198 angeli
1038 2159 1099 2186 ex
1121 2145 1381 2199 receptione
1403 2145 1510 2198 ejus.
1571 2146 1624 2186 In
1646 2145 1733 2188 hoc

250 2219 384 2249 sensu
406 2207 569 2248 dicitur
595 2207 775 2248 “nubes
789 2207 809 2223 ''
834 2208 953 2261 apud
977 2207 1182 2257 Esaiam,

324 2302 476 2342 Lucifer,
494 2304 562 2336 “tu
578 2304 700 2336 dixisti
717 2303 754 2335 in
771 2304 878 2335 corde
894 2310 983 2342 tuo„
997 2328 1005 2336 .
1018 2328 1026 2336 .
1040 2303 1261 2336 ‚Ascendam
1278 2314 1384 2346 super
1399 2304 1542 2337 excelsa
1558 2305 1674 2344 nubis,
1691 2306 1736 2338 si·
1755 2284 1761 2290 Δ

425 2347 519 2379 milis
533 2347 615 2379 fiam
632 2347 824 2380 Altissirno
835 2346 853 2359 '⁹
869 2347 952 2387 (xiv.
971 2345 1056 2389 [13,]
1077 2347 1130 2388 14)
1144 2357 1152 2386 ;

250 2429 369 2484 apud
394 2429 654 2479 Jeremiam,

318 2513 337 2527 ‘⁴
350 2511 541 2544 Deserite''
562 2512 744 2551 Babelem,
763 2514 782 2527 ¹⁴
792 2519 828 2544 et
847 2522 971 2544 eamus
989 2513 1139 2554 quisque
1158 2513 1195 2545 in
1214 2519 1346 2546 terram
1365 2523 1467 2546 suam
1483 2523 1491 2552 ;
1515 2515 1598 2556 quia
1618 2521 1736 2555 pertu-

425 2555 466 2587 lit
483 2565 597 2597 usque
620 2557 666 2587 ad
682 2556 801 2588 caelos
819 2556 993 2597 judicium
1013 2556 1102 2597 ejus,
1122 2563 1158 2589 et
1177 2557 1304 2589 extulit
1322 2567 1362 2589 se
1385 2567 1498 2599 usque
1521 2558 1568 2590 ad
1592 2559 1705 2591 nubes
1716 2558 1735 2571 ''

423 2599 473 2640 (li.
490 2599 524 2640 9)
536 2609 545 2638 3

252 2685 300 2722 et
323 2681 442 2734 apud
466 2681 699 2730 Davidem,

317 2761 440 2794 “Date
458 2763 567 2795 robur
590 2763 680 2802 Deo,
700 2773 808 2805 super
829 2763 963 2796 Israele
986 2764 1158 2796 exaltatio
1178 2764 1276 2806 Ejus,
1296 2772 1332 2798 et
1355 2766 1465 2799 robur
1485 2765 1603 2808 Ipsius
1627 2776 1736 2808 super

425 2806 579 2838 nubibus
589 2806 608 2819 '’
623 2807 697 2846 (Ps.
714 2807 824 2839 lxviii.
843 2815 882 2847 35
903 2806 964 2850 [B.
977 2809 1023 2839 A.
1042 2806 1128 2850 34]).

254 2892 407 2937 Simile
431 2909 510 2950 per
537 2897 739 2939 “nubem
753 2896 773 2912 ”
799 2897 858 2938 ibi
883 2896 1162 2951 significatur
1187 2898 1307 2952 quod
