1962 3334
666 298 774 330 CAP.
796 298 878 338 1x.,
902 297 1039 330 VERs.
1066 287 1207 328 1.—N'.
1230 297 1253 340 5
1261 299 1282 340 3
1288 297 1324 341 5.
1635 295 1742 340 1323

804 449 1066 480 EXPLICA
1081 449 1192 481 Tlo.

881 555 1017 578 VERSUS
1036 555 1064 584 1,
1079 554 1112 578 2.

333 626 466 670 ⁵33⁰
504 629 558 656 “ft
571 629 690 662 quintus
703 630 823 662 angelus
838 629 956 659 elanxt‘t,
973 630 1004 655 et
1021 629 1082 655 σὶάί
1098 630 1215 655 stellam
1233 636 1250 655 e
1267 630 1347 655 melo
1364 629 1514 660 delapsam
1533 628 1563 654 ίη
1579 629 1699 660 terram.
1715 630 1747 655 et

255 669 326 695 data
334 671 363 695 ei
374 670 466 696 clavi-s
474 670 556 701 putei
567 670 678 703 abyssi.
715 669 736 695 Ε
737 672 750 696 t
759 670 876 701 aperuit
886 671 1005 701 puteum
1014 669 1126 702 abyesi,
1137 671 1168 695 et
1178 670 1314 696 ascendr‘t
1322 668 1423 701 fumus
1435 675 1452 695 e
1463 670 1550 700 puteo
1559 669 1636 695 sicut
1642 668 1745 702 fumus

251 707 386 739 fornacis
400 715 528 740 magnae.
545 710 576 734 et
589 708 761 734 obscuratus
776 709 824 734 est
838 709 883 734 ⁸⁰1
897 710 928 734 et
941 715 994 734 aer
1007 715 1026 733 α
1037 707 1119 740 fumo
1134 707 1248 740 putet.·¹

302 799 330 822 1.
363 787 432 820 “Et
453 786 592 830 quintus
614 787 759 830 angelus
783 786 935 824 clanxa'il'
950 786 1110 828 signifieat
1134 787 1306 829 influxum
1330 797 1346 817 e
1368 787 1454 817 caelo
1478 787 1746 828 manifestantem

429 836 551 863 statum
568 833 725 868 ecclesiae,
739 833 828 873 quod
832 833 937 872 plane
953 832 1149 862 immutatus
1163 832 1208 862 sit
1224 831 1276 874 [n.
1291 838 1309 871 5
1313 830 1373 873 34]
1385 842 1394 868 ;
1417 833 1475 863 “et
1492 830 1560 863 ridi
1572 831 1709 863 stellam
1726 839 1746 863 ο

431 876 527 908 caelo
543 876 718 918 delapsam
741 876 775 908 Ῐη
793 876 949 912 terram,''
962 874 1124 916 significat
1139 876 1336 916 cognitiones
1351 875 1427 906 veri
1438 875 1644 917 falsificata-r
1658 879 1689 905 et
1700 875 1748 905 sic

430 931 543 951 versas
555 921 692 961 insalsa
709 920 760 962 [n.
773 927 791 960 5
794 929 814 960 3
818 919 855 962 5]
867 931 875 957 ;
902 922 959 952 “ei
969 920 1049 952 data
1064 919 1098 951 ei
1107 919 1216 952 claris
1224 918 1325 962 putei
1333 918 1479 961 abyssi,''
1492 919 1651 960 significat
1663 930 1746 950 com-

431 965 687 995 municatz'onem
703 970 734 995 et
747 965 1012 1006 conjuncfzionem
1028 975 1103 994 cum
1121 964 1266 1005 infernis
1284 964 1335 1006 [n.
1353 970 1370 1004 5
1375 963 1449 1006 36].

300 1042 331 1065 2.
365 1034 427 1067 “Et
439 1034 576 1077 “perusi
595 1038 736 1078 puteum
751 1035 899 1077 abyssl',”
914 1034 1074 1076 significat
1090 1035 1418 1066 communicationem
1434 1039 1465 1065 et
1478 1034 1746 1076 conjunc‘Iionem

431 1090 505 1110 cum
519 1079 663 1120 infernis
674 1080 733 1110 ubi
745 1085 776 1110 et
789 1080 878 1110 uude
892 1081 975 1110 talia
982 1081 1079 1121 salsa
1099 1079 1150 1122 [n.
1166 1086 1184 1119 5
1187 1086 1242 1119 37,
1256 1086 1274 1120 5
1277 1078 1359 1120 38];
1386 1081 1443 1111 “et
1456 1078 1614 1111 ascendii
1629 1079 1747 1111 famem

432 1133 452 1155 e
464 1126 569 1166 puteo
585 1123 678 1156 sicut
692 1123 843 1157 [Usamus
860 1123 1011 1156 fornacis
1027 1124 1199 1166 magnae?
1213 1123 1375 1163 signifieat
1392 1124 1470 1154 inde
1484 1124 1585 1154 densa
1592 1123 1689 1164 salsa
1704 1134 1748 1153 ex

431 1169 528 1198 malis
543 1179 695 1198 amorum
708 1169 913 1199 terrestrium
930 1173 961 1198 et
974 1174 1202 1208 corporeorum
1222 1168 1272 1210 [n.
1287 1174 1305 1208 5
1309 1176 1362 1208 39,
1376 1166 1459 1209 540]
1471 1178 1480 1205 ;
1507 1170 1566 1199 “et
1579 1167 1746 1201 obscum-

431 1214 489 1244 tus
512 1215 569 1244 est
588 1213 645 1244 sol
666 1215 702 1245 et
722 1222 784 1244 aet·
806 1222 828 1244 a
853 1214 945 1244 fumo
964 1212 1089 1254 putei,''
1105 1211 1266 1253 significat
1281 1213 1372 1253 quod
1390 1213 1454 1242 lux
1469 1212 1546 1243 veri
1558 1222 1580 1241 α
1596 1211 1747 1242 Domino

430 1257 644 1298 calago-sada
659 1257 703 1287 sit
710 1257 875 1298 persalsa
891 1257 1078 1298 infernalia
1099 1257 1148 1299 [n.
1167 1256 1264 1298 541].

334 1368 464 1412 534.
495 1369 601 1407 [Vm.
617 1369 659 1407 1.]
690 1359 766 1398 “ft
788 1359 948 1412 quintus
968 1359 1141 1411 angelus
1161 1357 1551 1410 clanxit.”—Quod
1574 1357 1744 1410 signifi-

256 1425 330 1459 cet
344 1419 559 1473 influxum
569 1434 591 1459 e
603 1420 716 1460 caelo
730 1420 1085 1472 manifestantem
1094 1427 1262 1460 statum
1271 1419 1481 1468 ecclesiae,
1494 1420 1612 1472 quod
1610 1419 1748 1472 plane

255 1479 513 1522 immutatus
540 1482 614 1530 sit,
642 1489 825 1523 constat
857 1497 916 1523 ex
949 1482 1279 1535 significatione
1313 1481 1563 1534 “clangere
1595 1482 1745 1530 tuba,¹’

257 1543 377 1596 quod
408 1543 466 1583 sit
497 1543 691 1584 influxus
721 1558 744 1584 e
776 1544 919 1592 caelo,
952 1551 998 1584 et
1035 1545 1230 1584 mutatio
1261 1549 1410 1584 status
1439 1543 1661 1584 ecclesiae
1691 1555 1747 1591 (de

256 1622 320 1650 qua
333 1622 438 1650 supra,
454 1623 485 1643 n.
505 1613 680 1655 502[a]);
712 1604 783 1644 hic
809 1604 930 1657 quod
956 1611 1103 1644 status
1124 1604 1348 1644 ecclesiae
1369 1600 1504 1656 plane
1530 1604 1744 1644 immuta-—

257 1671 330 1704 tus
362 1665 434 1712 sit,
462 1666 564 1717 quia
595 1665 651 1705 de
683 1665 825 1705 tribus
856 1665 925 1705 his
956 1665 1127 1705 ultimis
1155 1665 1340 1713 vicibus,
1368 1665 1526 1718 quibus
1558 1665 1744 1718 clange-

257 1733 358 1767 rent
390 1727 555 1780 angeli,
584 1741 692 1767 mox
725 1742 858 1780 supra
883 1726 1052 1768 dictum
1079 1735 1163 1776 est,
1196 1721 1348 1775 “‘Vae,
1376 1742 1473 1776 vae,
1502 1742 1584 1768 vae
1616 1728 1745 1768 habi·

258 1790 460 1830 tantibus
487 1804 619 1842 super
650 1797 769 1831 terra
798 1805 856 1831 ex
888 1791 1068 1844 reliquis
1094 1789 1314 1831 fflvocibus
1339 1791 1476 1831 tubae
1504 1792 1638 1831 trium
1663 1804 1744 1831 an-

257 1852 462 1905 gelorum
498 1853 745 1893 futurorum
783 1853 1034 1905 clangere.”
1094 1853 1359 1894 Immutatio
1396 1867 1510 1907 quae
1546 1854 1590 1894 in
1627 1867 1744 1895 nunc

258 1915 549 1968 sequentibus
572 1916 851 1964 describitur,
876 1923 945 1956 est
972 1916 1092 1969 quod
1118 1930 1252 1956 omne
1278 1929 1433 1957 verum
1458 1917 1746 1969 deperditum

258 1979 330 2025 sit,
354 1985 400 2018 et
427 1979 546 2031 quod
568 1978 741 2026 falsum,
766 1979 885 2031 quod
911 1979 1013 2020 loco
1039 1979 1144 2031 ejus,
1169 1981 1392 2032 aperuerit
1418 1979 1602 2028 inferna,
1627 1980 1745 2021 unde

257 2040 368 2081 falsa
394 2040 594 2081 effluunt.

336 2112 468 2156 535.
507 2102 584 2142 “Et
607 2102 684 2142 vidi
697 2103 859 2143 stellam
882 2116 904 2143 e
927 2103 1044 2143 caelo
1063 2103 1270 2155 delapsam
1292 2103 1333 2143 in
1353 2103 1745 2156 tet-ram.¹¹—Quod

259 2163 480 2215 significet
506 2164 766 2216 cognitiones
792 2164 1181 2218 vert'falszficatas
1206 2172 1248 2205 et
1271 2165 1334 2205 sic
1357 2179 1514 2205 versas
1540 2166 1584 2205 in
1595 2165 1744 2217 falsa,

259 2232 440 2266 constat
467 2240 526 2266 ex
558 2226 886 2279 significatione
916 2226 1226 2275 “stellarum,”
1252 2228 1371 2281 quod
1403 2229 1493 2268 sint
1520 2229 1745 2280 cognitio-

259 2299 339 2326 nes
364 2286 471 2326 boni
500 2294 546 2327 et
576 2288 670 2327 veri
695 2299 749 2334 (de
764 2307 828 2335 qua
843 2307 947 2335 supra,
963 2308 993 2327 n.
1010 2298 1218 2339 72,402);
1255 2295 1301 2329 et
1327 2303 1386 2329 ex
1409 2289 1746 2341 significatione

262 2347 391 2388 “labi
403 2348 422 2362 ”
447 2355 494 2389 et
524 2350 722 2389 “cadere
754 2364 778 2389 e
804 2350 971 2397 caelo‚’'
996 2351 1115 2403 quod
1147 2352 1205 2391 sit
1234 2352 1403 2404 perire;
1441 2358 1487 2391 et
1520 2352 1746 2404 cognitio-

260 2423 339 2450 nes
370 2412 461 2451 veri
493 2419 681 2464 pereunt
714 2426 814 2452 cum
848 2420 1072 2464 negantur
1102 2420 1148 2454 et
1182 2426 1281 2453 cum
1314 2413 1632 2463 falsificantur;
1674 2414 1744 2454 hic

260 2485 360 2512 cum
382 2473 686 2522 falsificantur,
712 2488 815 2514 nam
842 2475 886 2525 in
912 2475 996 2515 hoc
1025 2475 1161 2516 Libro
1187 2490 1276 2516 non
1303 2477 1452 2529 agitur
1477 2477 1533 2516 de
1559 2476 1646 2516 illis
1672 2477 1747 2530 qui

260 2543 430 2588 negant
456 2551 574 2585 vera,
603 2538 682 2578 sed
709 2539 764 2578 de
796 2538 882 2577 illis
914 2539 986 2591 qui
1012 2538 1250 2580 falsificant
1276 2539 1377 2579 illa:
1416 2540 1488 2592 qui
1521 2541 1639 2579 enim
1667 2553 1745 2580 ne-

260 2606 371 2651 gant
398 2613 517 2647 vera,
546 2614 635 2640 non
663 2607 766 2641 sunt
799 2602 916 2641 inter
941 2600 1041 2641 illos
1067 2603 1140 2654 qui
1169 2603 1212 2642 in
1239 2603 1371 2655 priori
1398 2601 1526 2642 caelo
1552 2609 1670 2650 sunt,
1698 2610 1746 2643 et

261 2661 362 2701 inde
385 2662 455 2702 die
478 2662 786 2715 ultimijudicii
809 2663 1075 2715 dejiciuntur
1096 2665 1140 2704 in
1162 2664 1405 2714 infernum3
1439 2665 1484 2704 hi
1507 2666 1626 2705 enim
1650 2673 1744 2706 sta-

261 2725 342 2764 tim
374 2731 478 2777 post
511 2732 703 2766 mortem
735 2726 838 2766 illuc
872 2726 1190 2778 conjiciuntur:
1230 2734 1276 2768 at
1309 2727 1372 2767 illi
1403 2728 1476 2780 qui
1507 2727 1745 2768 falsificant

260 2801 365 2828 vera
395 2802 455 2828 ex
480 2789 612 2828 variis
643 2790 801 2835 causis,
830 2796 934 2829 sunt
960 2789 1016 2829 de
1042 2790 1199 2843 quibus
1231 2791 1274 2830 in
1304 2790 1388 2830 hoc
1416 2790 1553 2830 Libro
1579 2792 1743 2843 agitur,

261 2852 470 2904 quoniam
502 2851 564 2891 illi
590 2851 790 2892 fecerunt
818 2852 899 2892 sibi
932 2852 1105 2892 caelum
1132 2854 1250 2906 quod
1280 2861 1439 2906 postea
1466 2853 1745 2895 destructum

262 2920 344 2954 est.
406 2914 476 2954 Illi
508 2916 791 2967 cognitiones
818 2916 909 2955 veri
941 2922 986 2957 et
1019 2916 1137 2965 boni,
1166 2930 1279 2969 quae
1312 2931 1370 2957 ex
1396 2916 1565 2966 Verbo,
1593 2916 1744 2958 falsifi-
