1962 3334
602 242 708 275 CAP.
730 242 813 283 XL,
835 242 974 275 VERs.
997 224 1143 275 8.'—-N.
1165 231 1334 286 654[a].
1505 264 1509 267 .
1605 241 1712 284 1719

213 356 271 399 ‘et
288 356 473 398 Zeboim
491 356 525 406 ;”
546 369 625 409 per
639 359 667 376 “
678 355 907 397 Adamam
920 362 968 397 et
990 355 1176 396 Zeboim
1189 355 1208 370 '⁹
1226 353 1536 408 significantur
1551 353 1709 405 cogni·

179 425 182 429 '
210 421 371 462 ‘tiones
396 419 501 460 mali
526 426 573 460 et
603 418 718 460 falsi:
775 418 910 471 Quod
941 418 1035 460 tale
1066 418 1340 459 exstiturum
1371 417 1429 457 sit
1460 416 1532 456 die
1564 415 1709 456 ultimi

218 483 382 536 judicii,
423 481 701 535 significatur
738 495 819 535 per
856 485 982 536 “qua
1015 482 1086 522 die
1124 481 1264 521 Filius
1304 480 1498 520 hominis
1534 478 1708 519 revela-

220 545 375 587 bitur.”

299 610 519 665 654[a].
571 609 706 663 Quod
739 609 1029 663 “Aegyptus
1043 609 1064 624 ’¹
1093 609 1166 650 hic
1193 608 1418 661 significet
1449 607 1707 648 naturalem

218 671 449 712 hominem
481 678 739 724 separatum
770 685 796 712 a
826 670 1060 724 spirituali,
1088 676 1135 711 et
1166 671 1271 711 inde
1302 669 1413 710 falsa
1442 668 1708 722 profluentia

219 747 280 775 ex
305 734 434 774 malis
465 735 627 775 amoris
658 734 738 782 sui,
766 734 952 787 proinde
978 747 1037 774 ex
1063 733 1181 774 fastu
1213 733 1417 785 propriae
1449 731 1707 784 intelligen-

218 796 324 844 tiae,
351 810 468 837 nunc
500 797 701 837 dicetur:
734 809 835 836 cum
861 796 981 836 enim
1013 795 1217 836 naturale
1248 795 1442 835 hominis
1473 800 1708 846 separatur

219 872 247 899 a
271 859 487 912 spirituali
519 858 624 911 ejus,
652 859 772 912 quod
803 858 852 899 fit
883 858 1099 912 imprimis
1130 872 1190 899 ex
1216 871 1368 898 amore
1400 858 1479 903 sui,
1508 863 1615 897 tunc
1646 870 1707 897 ex

221 921 350 962 malis
370 922 488 962 illius
502 923 665 962 amoris
688 921 911 975 profluunt
933 921 1044 962 salsa
1061 936 1071 971 ;
1104 934 1207 961 nam
1226 934 1359 961 omne
1381 920 1540 960 falsum
1559 927 1628 960 est
1647 934 1707 960 ex

222 983 356 1033 malo,
379 984 539 1024 salsum
560 985 679 1025 enim
701 990 771 1025 est
797 985 1095 1037 patrocinium
1120 983 1239 1031 mali,
1273 997 1324 1024 ac
1357 983 1525 1023 malum
1546 982 1707 1023 volun-

221 1047 330 1088 tatis
346 1047 562 1088 formatur
578 1048 620 1087 in
638 1045 872 1088 intellectu
889 1060 968 1099 per
984 1046 1108 1087 ideas
1125 1047 1428 1099 cogitationi5‚
1449 1059 1562 1099 quae
1580 1046 1707 1086 ideae

218 1117 438 1151 vocantur
453 1110 589 1151 salsa:
622 1118 668 1151 et
690 1111 791 1164 quia
808 1109 919 1150 falsa
937 1109 1202 1162 profluentia
1219 1123 1277 1150 ex
1298 1109 1427 1149 malis
1444 1110 1607 1149 amoris
1625 1109 1706 1156 sui,

217 1171 382 1213 fastum
403 1187 555 1213 secum
577 1173 762 1221 habent,
790 1173 926 1213 homo
950 1173 1069 1213 enim
1096 1179 1202 1213 tunc
1226 1173 1400 1225 cogitat
1426 1186 1485 1212 ex
1512 1172 1705 1224 proprio,

219 1235 324 1276 ideo
340 1236 477 1276 etiam
500 1249 578 1288 per
596 1235 901 1288 “Aegyptum
913 1235 931 1250 ”
948 1235 1018 1276 hic
1042 1234 1318 1288 significatur
1339 1235 1479 1275 fastus
1502 1235 1706 1287 propriae

218 1297 562 1351 intelligentiae.
622 1297 711 1339 Sed
734 1299 944 1351 quoniam
967 1311 1046 1351 per
1069 1297 1375 1351 “Aegyptum
1390 1297 1408 1312 '’
1431 1297 1707 1350 significatur

220 1361 437 1401 naturalis
451 1361 586 1402 homo
600 1362 642 1401 in
658 1368 846 1414 utroque
861 1374 1008 1409 sensu,
1025 1374 1201 1413 nempe,
1218 1368 1312 1401 tam
1327 1359 1591 1413 conjunctus
1605 1374 1707 1401 cum

219 1423 436 1476 spirituali
462 1423 642 1464 homine
667 1437 801 1477 quam
827 1430 1062 1476 separatus
1083 1424 1140 1464 ab
1162 1423 1253 1471 illo,
1277 1425 1340 1463 ita
1362 1424 1406 1463 in
1429 1436 1563 1463 sensu
1585 1423 1707 1464 bono

218 1493 266 1527 et
283 1487 326 1526 in
345 1499 478 1527 sensu
493 1486 626 1534 malo,
642 1487 745 1527 ideo
762 1500 841 1539 per
857 1486 1156 1539 “Aegyptum
1168 1486 1187 1500 “
1200 1501 1377 1540 quoque
1396 1486 1707 1539 significantur

218 1549 342 1589 varia
358 1563 471 1602 quae
488 1556 593 1590 sunt
611 1550 827 1590 naturalis
844 1550 1051 1598 hominis,
1067 1563 1180 1603 quae
1198 1550 1240 1590 in
1261 1562 1427 1601 genere
1445 1563 1491 1589 se
1510 1549 1707 1590 referunt

219 1611 276 1652 ad
303 1612 586 1664 cognitiones
617 1619 664 1652 et
695 1611 970 1662 scientifica;
1004 1625 1108 1652 nam
1134 1626 1240 1652 vera
1272 1619 1317 1652 et
1349 1612 1460 1652 falsa
1492 1612 1708 1653 naturalis

217 1674 411 1715 hominis
425 1681 644 1715 vocantur
658 1676 941 1727 cognitiones
955 1681 1000 1715 et
1015 1674 1261 1715 scientifica
1278 1689 1287 1724 ;
1314 1675 1410 1727 ipsa
1424 1682 1576 1715 autem
1587 1681 1705 1723 v'era,

218 1737 400 1790 quando
417 1738 557 1777 vitam
577 1737 746 1789 adepta
766 1744 885 1785 sunt,
904 1737 1024 1790 quod
1046 1737 1095 1777 fit
1118 1751 1195 1790 per
1212 1738 1352 1777 vitam
1375 1736 1476 1777 fidei
1498 1751 1612 1790 quae
1637 1745 1708 1778 est

220 1800 429 1847 charitas,
463 1806 567 1840 sunt
599 1800 838 1852 spiritualis
863 1799 957 1852 ejus
981 1800 1196 1840 hominis:
1244 1800 1370 1847 haec,
1399 1813 1499 1839 cum
1531 1800 1707 1841 illorum

219 1861 528 1902 affectionibus
546 1868 592 1903 et
610 1863 977 1909 amoenitatibus,
995 1876 1084 1902 non
1102 1869 1322 1915 apparent
1340 1863 1396 1909 ad
1420 1863 1707 1903 manifestum

217 1923 412 1964 hominis
429 1938 608 1965 sensum
626 1931 672 1965 et
690 1925 847 1973 visum,
867 1927 982 1966 sicut
1001 1926 1284 1978 cognitiones
1302 1932 1348 1965 et
1366 1924 1610 1966 scientifica
1627 1939 1707 1966 na-

219 1987 374 2028 turalis
388 1986 593 2035 hominis,
609 2001 668 2027 ex
684 2001 818 2028 causa
833 1989 935 2041 quia
949 1989 1099 2035 homo,
1118 1988 1329 2041 quamdiu
1342 1988 1452 2028 vivit
1466 1989 1509 2028 in
1524 1989 1707 2039 mundo,

219 2050 485 2091 naturaliter
501 2052 675 2103 cogitat
696 2057 742 2091 et
765 2050 1030 2091 naturaliter
1051 2051 1260 2104 loquitur,
1280 2058 1326 2090 et
1351 2050 1436 2091 hoc
1454 2052 1646 2092 sentitur
1662 2059 1708 2092 et

219 2114 461 2166 percipitur
485 2113 542 2153 ab
570 2113 648 2153 illo
674 2113 870 2166 quodam
895 2114 1005 2161 visu,
1033 2114 1107 2166 qui
1133 2120 1203 2153 est
1228 2111 1485 2154 intellec'tus
1511 2113 1628 2165 ejus:
1661 2121 1707 2155 at

219 2175 460 2228 spiritualis
482 2175 574 2228 ejus
598 2176 834 2228 cogitatio,
859 2189 974 2229 quae
996 2173 1236 2228 conjuncta
1257 2183 1327 2216 est
1349 2189 1449 2215 cum
1473 2174 1708 2217 affectione

218 2239 326 2287 veri,
353 2245 431 2279 aut
461 2238 573 2286 falsi,
602 2252 695 2279 non
726 2245 914 2291 apparet
946 2239 1201 2292 priusquam
1233 2238 1369 2278 homo
1394 2240 1522 2279 exuit
1548 2252 1708 2292 corpus

220 2301 441 2350 naturale,
469 2308 516 2342 et
547 2301 690 2342 induit
722 2315 882 2354 corpus
908 2301 1151 2354 spirituale,
1179 2301 1300 2354 quod
1329 2301 1379 2342 fit
1405 2310 1508 2354 post
1535 2303 1708 2343 obitum

222 2378 302 2405 seu
323 2364 556 2405 decessum
579 2379 638 2404 ex
662 2364 746 2405 hoc
773 2365 955 2412 mundo,
975 2371 1021 2404 et
1042 2365 1292 2417 ingressum
1315 2365 1358 2404 in
1381 2365 1595 2405 mundum
1619 2366 1708 2417 spi-

222 2426 459 2477 ritualem3
491 2433 598 2467 tunc
621 2426 911 2479 spiritualiter
928 2428 1102 2479 cogitat
1124 2434 1169 2468 et
1193 2427 1481 2479 spiritualiter
1499 2427 1707 2481 loquitur,

222 2495 270 2530 et
302 2502 392 2530 non
424 2496 473 2530 ut
505 2490 623 2542 prius
656 2489 933 2530 naturaliter.
1004 2489 1105 2530 Hoc
1137 2489 1187 2530 fit
1218 2490 1335 2542 apud
1369 2491 1709 2543 unumquemvis

223 2553 465 2602 hominem,
478 2555 570 2594 sive
588 2554 645 2594 sit
664 2567 783 2593 mere
802 2552 1016 2593 naturalis
1034 2553 1126 2593 sive
1144 2554 1201 2594 sit
1219 2553 1348 2593 simul
1367 2553 1607 2606 spiritualis
1624 2568 1633 2604 3
1663 2562 1709 2595 et

221 2615 441 2667 cogitatio
457 2616 574 2668 apud
589 2629 710 2655 mere
725 2614 975 2655 naturalem
990 2614 1218 2655 hominem
1236 2623 1339 2668 post
1358 2622 1551 2656 mortem
1571 2629 1709 2668 usque

222 2685 293 2718 est
319 2677 572 2731 spiritualis,
593 2678 671 2718 sed
698 2691 847 2718 crassa
872 2678 1040 2730 absque
1066 2677 1369 2730 intelligentia
1391 2679 1482 2718 veri
1504 2685 1550 2718 et
1576 2677 1708 2718 affec-

220 2740 344 2781 tione
370 2740 500 2790 boni;
532 2753 636 2780 nam
659 2740 866 2780 consistit
890 2753 949 2780 ex
972 2739 1081 2780 ideis
1103 2741 1573 2793 correspondentibus,
1597 2753 1710 2793 quae

221 2801 399 2856 quidem
418 2809 636 2855 apparent
654 2803 769 2843 sicut
788 2802 1057 2850 materiales,
1074 2802 1154 2842 sed
1177 2816 1314 2856 usque
1334 2816 1423 2843 non
1442 2810 1546 2844 sunt
1565 2810 1709 2843 mate-

221 2864 378 2906 riales:
410 2865 489 2906 sed
521 2865 576 2906 de
608 2864 825 2918 spirituali
856 2865 1134 2918 cogitatione
1159 2872 1205 2906 et
1232 2865 1335 2906 inde
1367 2865 1546 2919 loquela
1570 2866 1708 2906 etiam
