<?xml version="1.0" encoding="UTF-8"?>
<!DOCTYPE html PUBLIC "-//W3C//DTD XHTML 1.0 Transitional//EN"
    "http://www.w3.org/TR/xhtml1/DTD/xhtml1-transitional.dtd">
<html xmlns="http://www.w3.org/1999/xhtml" xml:lang="en" lang="en">
 <head>
  <title>
</title>
<meta http-equiv="Content-Type" content="text/html;charset=utf-8" />
  <meta name='ocr-system' content='tesseract 3.04.00' />
  <meta name='ocr-capabilities' content='ocr_page ocr_carea ocr_par ocr_line ocrx_word'/>
</head>
<body>
  <div class='ocr_page' id='page_1' title='image "apocalypsisexpli03sweduoft_0232.png"; bbox 0 0 1962 3334; ppageno 0'>
   <div class='ocr_carea' id='block_1_1' title="bbox 291 279 1367 333">
    <p class='ocr_par' dir='ltr' id='par_1_1' title="bbox 291 279 1367 333">
     <span class='ocr_line' id='line_1_1' title="bbox 291 279 1367 333; baseline 0 -13"><span class='ocrx_word' id='word_1_1' title='bbox 291 279 398 333; x_wconf 84' lang='lat'><strong>1546</strong></span> <span class='ocrx_word' id='word_1_2' title='bbox 702 287 1035 320; x_wconf 81' lang='lat' dir='ltr'>APOCALYPSIS</span> <span class='ocrx_word' id='word_1_3' title='bbox 1067 287 1367 320; x_wconf 88' lang='lat' dir='ltr'>EXPLICATA.</span> 
     </span>
    </p>
   </div>
   <div class='ocr_carea' id='block_1_2' title="bbox 350 401 1780 488">
    <p class='ocr_par' dir='ltr' id='par_1_2' title="bbox 350 401 1780 488">
     <span class='ocr_line' id='line_1_2' title="bbox 350 401 1780 443; baseline -0.001 -9"><span class='ocrx_word' id='word_1_4' title='bbox 350 402 471 434; x_wconf 84' lang='lat' dir='ltr'>“Fiet.</span> <span class='ocrx_word' id='word_1_5' title='bbox 487 412 609 443; x_wconf 86' lang='lat' dir='ltr'>..prae</span> <span class='ocrx_word' id='word_1_6' title='bbox 633 402 860 434; x_wconf 89' lang='lat' dir='ltr'>multitudine</span> <span class='ocrx_word' id='word_1_7' title='bbox 885 401 1037 433; x_wconf 81' lang='lat' dir='ltr'>faciendi</span> <span class='ocrx_word' id='word_1_8' title='bbox 1061 401 1115 433; x_wconf 84' lang='lat' dir='ltr'>lac</span> <span class='ocrx_word' id='word_1_9' title='bbox 1139 401 1303 434; x_wconf 88' lang='lat' dir='ltr'>comedet</span> <span class='ocrx_word' id='word_1_10' title='bbox 1327 401 1474 442; x_wconf 82' lang='lat' dir='ltr'>quisque</span> <span class='ocrx_word' id='word_1_11' title='bbox 1498 402 1675 442; x_wconf 85' lang='lat' dir='ltr'>butyrum,</span> <span class='ocrx_word' id='word_1_12' title='bbox 1697 411 1780 433; x_wconf 84' lang='lat' dir='ltr'>nam</span> 
     </span>
     <span class='ocr_line' id='line_1_3' title="bbox 459 444 1700 488; baseline -0.001 -11"><span class='ocrx_word' id='word_1_13' title='bbox 459 447 626 487; x_wconf 90' lang='lat' dir='ltr'>butyrum</span> <span class='ocrx_word' id='word_1_14' title='bbox 644 453 679 477; x_wconf 91' lang='lat' dir='ltr'>et</span> <span class='ocrx_word' id='word_1_15' title='bbox 698 444 801 488; x_wconf 89' lang='lat' dir='ltr'>[mel]</span> <span class='ocrx_word' id='word_1_16' title='bbox 820 446 982 477; x_wconf 89' lang='lat' dir='ltr'>comedet</span> <span class='ocrx_word' id='word_1_17' title='bbox 998 446 1117 477; x_wconf 88' lang='lat' dir='ltr'>omnis</span> <span class='ocrx_word' id='word_1_18' title='bbox 1134 446 1296 477; x_wconf 87' lang='lat' dir='ltr'>residuus</span> <span class='ocrx_word' id='word_1_19' title='bbox 1314 445 1366 477; x_wconf 89' lang='lat' dir='ltr'>in.</span> <span class='ocrx_word' id='word_1_20' title='bbox 1381 444 1518 477; x_wconf 85' lang='lat' dir='ltr'>.terra’&#39;</span> <span class='ocrx_word' id='word_1_21' title='bbox 1536 445 1607 485; x_wconf 91' lang='lat' dir='ltr'>(vii.</span> <span class='ocrx_word' id='word_1_22' title='bbox 1626 445 1700 485; x_wconf 88' lang='lat'><strong>22):</strong></span> 
     </span>
    </p>
   </div>
   <div class='ocr_carea' id='block_1_3' title="bbox 283 533 1783 837">
    <p class='ocr_par' dir='ltr' id='par_1_3' title="bbox 283 533 1783 837">
     <span class='ocr_line' id='line_1_4' title="bbox 283 533 1781 587; baseline -0.001 -11"><span class='ocrx_word' id='word_1_23' title='bbox 283 535 394 576; x_wconf 87' lang='lat' dir='ltr'>haec</span> <span class='ocrx_word' id='word_1_24' title='bbox 422 534 477 575; x_wconf 91' lang='lat' dir='ltr'>de</span> <span class='ocrx_word' id='word_1_25' title='bbox 500 548 618 575; x_wconf 86' lang='lat' dir='ltr'>nova</span> <span class='ocrx_word' id='word_1_26' title='bbox 639 534 831 575; x_wconf 89' lang='lat' dir='ltr'>ecclesia</span> <span class='ocrx_word' id='word_1_27' title='bbox 855 548 882 575; x_wconf 86' lang='lat' dir='ltr'>a</span> <span class='ocrx_word' id='word_1_28' title='bbox 907 534 1105 575; x_wconf 88' lang='lat' dir='ltr'>Domino</span> <span class='ocrx_word' id='word_1_29' title='bbox 1137 533 1456 583; x_wconf 86' lang='lat' dir='ltr'>instauranda;</span> <span class='ocrx_word' id='word_1_30' title='bbox 1490 539 1534 574; x_wconf 88' lang='lat' dir='ltr'>et</span> <span class='ocrx_word' id='word_1_31' title='bbox 1562 547 1640 587; x_wconf 85' lang='lat' dir='ltr'>per</span> <span class='ocrx_word' id='word_1_32' title='bbox 1664 533 1781 574; x_wconf 83' lang='lat' dir='ltr'>“bu-</span> 
     </span>
     <span class='ocr_line' id='line_1_5' title="bbox 283 596 1781 651; baseline -0.001 -13"><span class='ocrx_word' id='word_1_33' title='bbox 283 604 433 651; x_wconf 89' lang='lat' dir='ltr'>tyrum</span> <span class='ocrx_word' id='word_1_34' title='bbox 460 604 505 639; x_wconf 92' lang='lat' dir='ltr'>et</span> <span class='ocrx_word' id='word_1_35' title='bbox 532 597 621 638; x_wconf 90' lang='lat' dir='ltr'>mel</span> <span class='ocrx_word' id='word_1_36' title='bbox 635 597 654 613; x_wconf 89' lang='lat'>&#39;&#39;</span> <span class='ocrx_word' id='word_1_37' title='bbox 676 597 955 650; x_wconf 85' lang='lat' dir='ltr'>significatur</span> <span class='ocrx_word' id='word_1_38' title='bbox 982 597 1150 638; x_wconf 91' lang='lat' dir='ltr'>bonum</span> <span class='ocrx_word' id='word_1_39' title='bbox 1180 596 1410 650; x_wconf 84' lang='lat' dir='ltr'>spirituale</span> <span class='ocrx_word' id='word_1_40' title='bbox 1436 603 1482 637; x_wconf 89' lang='lat' dir='ltr'>et</span> <span class='ocrx_word' id='word_1_41' title='bbox 1508 596 1676 637; x_wconf 90' lang='lat' dir='ltr'>bonum</span> <span class='ocrx_word' id='word_1_42' title='bbox 1703 610 1781 636; x_wconf 91' lang='lat' dir='ltr'>na-</span> 
     </span>
     <span class='ocr_line' id='line_1_6' title="bbox 284 659 1783 714; baseline -0.001 -13"><span class='ocrx_word' id='word_1_43' title='bbox 284 660 442 708; x_wconf 87' lang='lat' dir='ltr'>turale,</span> <span class='ocrx_word' id='word_1_44' title='bbox 472 667 517 701; x_wconf 89' lang='lat' dir='ltr'>et</span> <span class='ocrx_word' id='word_1_45' title='bbox 544 674 622 714; x_wconf 92' lang='lat' dir='ltr'>per</span> <span class='ocrx_word' id='word_1_46' title='bbox 649 660 930 701; x_wconf 88' lang='lat' dir='ltr'>“comedere</span> <span class='ocrx_word' id='word_1_47' title='bbox 942 659 961 675; x_wconf 79' lang='lat'>‘⁹</span> <span class='ocrx_word' id='word_1_48' title='bbox 988 660 1064 700; x_wconf 89' lang='lat' dir='ltr'>illa</span> <span class='ocrx_word' id='word_1_49' title='bbox 1090 659 1368 713; x_wconf 84' lang='lat' dir='ltr'>significatur</span> <span class='ocrx_word' id='word_1_50' title='bbox 1392 660 1679 713; x_wconf 88' lang='lat' dir='ltr'>appropriare</span> <span class='ocrx_word' id='word_1_51' title='bbox 1702 659 1783 699; x_wconf 86' lang='lat' dir='ltr'>sibi</span> 
     </span>
     <span class='ocr_line' id='line_1_7' title="bbox 285 720 1781 775; baseline -0.001 -14"><span class='ocrx_word' id='word_1_52' title='bbox 285 732 335 770; x_wconf 83' lang='lat' dir='ltr'>(ut</span> <span class='ocrx_word' id='word_1_53' title='bbox 349 732 487 772; x_wconf 86' lang='lat' dir='ltr'>supra);</span> <span class='ocrx_word' id='word_1_54' title='bbox 528 736 608 775; x_wconf 92' lang='lat' dir='ltr'>per</span> <span class='ocrx_word' id='word_1_55' title='bbox 647 721 798 762; x_wconf 82' lang='lat' dir='ltr'>“lac’&#39;</span> <span class='ocrx_word' id='word_1_56' title='bbox 835 720 1116 774; x_wconf 87' lang='lat' dir='ltr'>significatur</span> <span class='ocrx_word' id='word_1_57' title='bbox 1148 720 1384 774; x_wconf 78' lang='lat' dir='ltr'>spirituale</span> <span class='ocrx_word' id='word_1_58' title='bbox 1419 734 1446 760; x_wconf 88' lang='lat' dir='ltr'>a</span> <span class='ocrx_word' id='word_1_59' title='bbox 1480 720 1685 769; x_wconf 87' lang='lat' dir='ltr'>caelesti,</span> <span class='ocrx_word' id='word_1_60' title='bbox 1721 733 1781 760; x_wconf 88' lang='lat' dir='ltr'>ex</span> 
     </span>
     <span class='ocr_line' id='line_1_8' title="bbox 284 782 1071 837; baseline -0.004 -12"><span class='ocrx_word' id='word_1_61' title='bbox 284 797 372 837; x_wconf 88' lang='lat' dir='ltr'>quo</span> <span class='ocrx_word' id='word_1_62' title='bbox 397 783 518 824; x_wconf 91' lang='lat' dir='ltr'>bona</span> <span class='ocrx_word' id='word_1_63' title='bbox 543 782 636 823; x_wconf 88' lang='lat' dir='ltr'>illa.</span> <span class='ocrx_word' id='word_1_64' title='bbox 697 782 837 836; x_wconf 91' lang='lat' dir='ltr'>Apud</span> <span class='ocrx_word' id='word_1_65' title='bbox 864 782 1071 831; x_wconf 89' lang='lat' dir='ltr'>eundem,</span> 
     </span>
    </p>
   </div>
   <div class='ocr_carea' id='block_1_4' title="bbox 351 888 1785 1149">
    <p class='ocr_par' dir='ltr' id='par_1_4' title="bbox 351 888 1785 1149">
     <span class='ocr_line' id='line_1_9' title="bbox 351 888 1785 930; baseline -0.002 -8"><span class='ocrx_word' id='word_1_66' title='bbox 351 890 463 922; x_wconf 85' lang='lat' dir='ltr'>“Heu</span> <span class='ocrx_word' id='word_1_67' title='bbox 487 891 606 922; x_wconf 89' lang='lat' dir='ltr'>omnis</span> <span class='ocrx_word' id='word_1_68' title='bbox 631 890 767 927; x_wconf 85' lang='lat' dir='ltr'>sitiens,</span> <span class='ocrx_word' id='word_1_69' title='bbox 786 891 833 922; x_wconf 91' lang='lat' dir='ltr'>ite</span> <span class='ocrx_word' id='word_1_70' title='bbox 858 890 903 921; x_wconf 93' lang='lat' dir='ltr'>ad</span> <span class='ocrx_word' id='word_1_71' title='bbox 927 899 1058 930; x_wconf 80' lang='lat' dir='ltr'>aquas:</span> <span class='ocrx_word' id='word_1_72' title='bbox 1087 895 1123 921; x_wconf 88' lang='lat' dir='ltr'>et</span> <span class='ocrx_word' id='word_1_73' title='bbox 1146 890 1199 921; x_wconf 88' lang='lat' dir='ltr'>cui</span> <span class='ocrx_word' id='word_1_74' title='bbox 1226 899 1298 920; x_wconf 89' lang='lat' dir='ltr'>non</span> <span class='ocrx_word' id='word_1_75' title='bbox 1320 895 1521 930; x_wconf 83' lang='lat' dir='ltr'>argentum,</span> <span class='ocrx_word' id='word_1_76' title='bbox 1541 888 1599 927; x_wconf 92' lang='lat' dir='ltr'>ite,</span> <span class='ocrx_word' id='word_1_77' title='bbox 1617 888 1724 919; x_wconf 86' lang='lat' dir='ltr'><strong>emite</strong></span> <span class='ocrx_word' id='word_1_78' title='bbox 1748 893 1785 919; x_wconf 88' lang='lat' dir='ltr'>et</span> 
     </span>
     <span class='ocr_line' id='line_1_10' title="bbox 460 931 1781 973; baseline -0.002 -8"><span class='ocrx_word' id='word_1_79' title='bbox 460 935 656 970; x_wconf 76' lang='lat' dir='ltr'>comedite:</span> <span class='ocrx_word' id='word_1_80' title='bbox 681 941 716 965; x_wconf 89' lang='lat' dir='ltr'>et</span> <span class='ocrx_word' id='word_1_81' title='bbox 736 934 783 965; x_wconf 91' lang='lat' dir='ltr'>ite</span> <span class='ocrx_word' id='word_1_82' title='bbox 800 940 835 965; x_wconf 89' lang='lat' dir='ltr'>et</span> <span class='ocrx_word' id='word_1_83' title='bbox 853 934 959 965; x_wconf 88' lang='lat' dir='ltr'>emite</span> <span class='ocrx_word' id='word_1_84' title='bbox 974 934 1052 965; x_wconf 86' lang='lat' dir='ltr'>sine</span> <span class='ocrx_word' id='word_1_85' title='bbox 1069 940 1219 973; x_wconf 88' lang='lat' dir='ltr'>argento</span> <span class='ocrx_word' id='word_1_86' title='bbox 1236 939 1271 964; x_wconf 86' lang='lat' dir='ltr'>et</span> <span class='ocrx_word' id='word_1_87' title='bbox 1288 933 1365 964; x_wconf 91' lang='lat' dir='ltr'>sine</span> <span class='ocrx_word' id='word_1_88' title='bbox 1385 933 1499 973; x_wconf 90' lang='lat' dir='ltr'>pretio</span> <span class='ocrx_word' id='word_1_89' title='bbox 1516 933 1638 963; x_wconf 87' lang='lat' dir='ltr'>vinum</span> <span class='ocrx_word' id='word_1_90' title='bbox 1656 938 1690 963; x_wconf 87' lang='lat' dir='ltr'>et</span> <span class='ocrx_word' id='word_1_91' title='bbox 1707 931 1760 963; x_wconf 91' lang='lat' dir='ltr'>lac</span> <span class='ocrx_word' id='word_1_92' title='bbox 1775 942 1781 963; x_wconf 91' lang='lat'>:</span> 
     </span>
     <span class='ocr_line' id='line_1_11' title="bbox 461 976 1784 1019; baseline -0.002 -10"><span class='ocrx_word' id='word_1_93' title='bbox 461 988 569 1019; x_wconf 83' lang='lat' dir='ltr'>quare</span> <span class='ocrx_word' id='word_1_94' title='bbox 583 978 786 1018; x_wconf 87' lang='lat' dir='ltr'>appenditis</span> <span class='ocrx_word' id='word_1_95' title='bbox 801 984 990 1017; x_wconf 88' lang='lat' dir='ltr'>argentum</span> <span class='ocrx_word' id='word_1_96' title='bbox 1004 987 1070 1017; x_wconf 90' lang='lat' dir='ltr'>pro</span> <span class='ocrx_word' id='word_1_97' title='bbox 1084 987 1126 1008; x_wconf 92' lang='lat' dir='ltr'>eo</span> <span class='ocrx_word' id='word_1_98' title='bbox 1145 977 1239 1017; x_wconf 91' lang='lat' dir='ltr'>quod</span> <span class='ocrx_word' id='word_1_99' title='bbox 1257 987 1328 1008; x_wconf 90' lang='lat' dir='ltr'>non</span> <span class='ocrx_word' id='word_1_100' title='bbox 1349 977 1461 1017; x_wconf 90' lang='lat' dir='ltr'>panis,</span> <span class='ocrx_word' id='word_1_101' title='bbox 1479 983 1513 1008; x_wconf 87' lang='lat' dir='ltr'>et</span> <span class='ocrx_word' id='word_1_102' title='bbox 1531 976 1688 1007; x_wconf 84' lang='lat' dir='ltr'>laborem</span> <span class='ocrx_word' id='word_1_103' title='bbox 1706 985 1784 1006; x_wconf 90' lang='lat' dir='ltr'>ves-</span> 
     </span>
     <span class='ocr_line' id='line_1_12' title="bbox 461 1016 1784 1062; baseline -0.002 -10"><span class='ocrx_word' id='word_1_104' title='bbox 461 1028 554 1053; x_wconf 85' lang='lat' dir='ltr'>trum</span> <span class='ocrx_word' id='word_1_105' title='bbox 575 1032 640 1062; x_wconf 91' lang='lat' dir='ltr'>pro</span> <span class='ocrx_word' id='word_1_106' title='bbox 657 1032 700 1053; x_wconf 91' lang='lat' dir='ltr'>eo</span> <span class='ocrx_word' id='word_1_107' title='bbox 717 1022 811 1062; x_wconf 90' lang='lat' dir='ltr'>quod</span> <span class='ocrx_word' id='word_1_108' title='bbox 829 1031 902 1052; x_wconf 87' lang='lat' dir='ltr'>non</span> <span class='ocrx_word' id='word_1_109' title='bbox 925 1022 969 1052; x_wconf 91' lang='lat' dir='ltr'>ad</span> <span class='ocrx_word' id='word_1_110' title='bbox 990 1021 1215 1052; x_wconf 84' lang='lat' dir='ltr'>satietatem?</span> <span class='ocrx_word' id='word_1_111' title='bbox 1261 1020 1446 1052; x_wconf 85' lang='lat' dir='ltr'>Attendite</span> <span class='ocrx_word' id='word_1_112' title='bbox 1466 1016 1784 1056; x_wconf 65' lang='lat' dir='ltr'>attendendofflad</span> 
     </span>
     <span class='ocr_line' id='line_1_13' title="bbox 462 1061 1782 1104; baseline -0.002 -8"><span class='ocrx_word' id='word_1_113' title='bbox 462 1065 532 1104; x_wconf 91' lang='lat' dir='ltr'>Me,</span> <span class='ocrx_word' id='word_1_114' title='bbox 546 1072 581 1097; x_wconf 87' lang='lat' dir='ltr'>et</span> <span class='ocrx_word' id='word_1_115' title='bbox 597 1065 772 1096; x_wconf 86' lang='lat' dir='ltr'>comedite</span> <span class='ocrx_word' id='word_1_116' title='bbox 789 1066 934 1100; x_wconf 87' lang='lat' dir='ltr'>bonum,</span> <span class='ocrx_word' id='word_1_117' title='bbox 952 1071 991 1096; x_wconf 90' lang='lat' dir='ltr'>ut</span> <span class='ocrx_word' id='word_1_118' title='bbox 1007 1064 1190 1096; x_wconf 85' lang='lat' dir='ltr'>delicietur</span> <span class='ocrx_word' id='word_1_119' title='bbox 1207 1064 1242 1095; x_wconf 87' lang='lat' dir='ltr'>in</span> <span class='ocrx_word' id='word_1_120' title='bbox 1265 1064 1480 1104; x_wconf 87' lang='lat' dir='ltr'>pinguedine</span> <span class='ocrx_word' id='word_1_121' title='bbox 1498 1063 1619 1094; x_wconf 91' lang='lat' dir='ltr'>anima</span> <span class='ocrx_word' id='word_1_122' title='bbox 1635 1061 1782 1094; x_wconf 84' lang='lat' dir='ltr'>vestra&#39;’</span> 
     </span>
     <span class='ocr_line' id='line_1_14' title="bbox 460 1109 636 1149; baseline 0.006 -9"><span class='ocrx_word' id='word_1_123' title='bbox 460 1109 520 1149; x_wconf 88' lang='lat' dir='ltr'>(lv.</span> <span class='ocrx_word' id='word_1_124' title='bbox 542 1118 568 1147; x_wconf 87' lang='lat'>1,</span> <span class='ocrx_word' id='word_1_125' title='bbox 584 1109 636 1149; x_wconf 87' lang='lat'>2):</span> 
     </span>
    </p>
   </div>
   <div class='ocr_carea' id='block_1_5' title="bbox 286 1212 1787 2842">
    <p class='ocr_par' dir='ltr' id='par_1_5' title="bbox 286 1212 1787 2842">
     <span class='ocr_line' id='line_1_15' title="bbox 287 1212 1782 1270; baseline -0.002 -14"><span class='ocrx_word' id='word_1_126' title='bbox 287 1215 407 1270; x_wconf 92' lang='lat' dir='ltr'>quod</span> <span class='ocrx_word' id='word_1_127' title='bbox 432 1214 708 1256; x_wconf 90' lang='lat' dir='ltr'>“comedere</span> <span class='ocrx_word' id='word_1_128' title='bbox 721 1213 740 1230; x_wconf 91' lang='lat'>‘’</span> <span class='ocrx_word' id='word_1_129' title='bbox 763 1214 833 1255; x_wconf 88' lang='lat' dir='ltr'>hie</span> <span class='ocrx_word' id='word_1_130' title='bbox 863 1213 1086 1267; x_wconf 85' lang='lat' dir='ltr'>significet</span> <span class='ocrx_word' id='word_1_131' title='bbox 1109 1215 1397 1267; x_wconf 85' lang='lat' dir='ltr'>appropriare</span> <span class='ocrx_word' id='word_1_132' title='bbox 1420 1213 1500 1254; x_wconf 88' lang='lat' dir='ltr'>sibi</span> <span class='ocrx_word' id='word_1_133' title='bbox 1523 1227 1548 1254; x_wconf 88' lang='lat' dir='ltr'>a</span> <span class='ocrx_word' id='word_1_134' title='bbox 1571 1212 1782 1261; x_wconf 90' lang='lat' dir='ltr'>Domino,</span> 
     </span>
     <span class='ocr_line' id='line_1_16' title="bbox 286 1276 1783 1331; baseline -0.003 -11"><span class='ocrx_word' id='word_1_135' title='bbox 286 1279 523 1320; x_wconf 87' lang='lat' dir='ltr'>&#39;manifeste</span> <span class='ocrx_word' id='word_1_136' title='bbox 542 1285 670 1331; x_wconf 87' lang='lat' dir='ltr'>patet</span> <span class='ocrx_word' id='word_1_137' title='bbox 689 1292 697 1328; x_wconf 95' lang='lat'>;</span> <span class='ocrx_word' id='word_1_138' title='bbox 730 1291 834 1318; x_wconf 86' lang='lat' dir='ltr'>nam</span> <span class='ocrx_word' id='word_1_139' title='bbox 855 1278 1030 1326; x_wconf 88' lang='lat' dir='ltr'>dicitur,</span> <span class='ocrx_word' id='word_1_140' title='bbox 1051 1276 1249 1318; x_wconf 89' lang='lat' dir='ltr'>“Omnis</span> <span class='ocrx_word' id='word_1_141' title='bbox 1268 1278 1438 1324; x_wconf 85' lang='lat' dir='ltr'>sitiens,</span> <span class='ocrx_word' id='word_1_142' title='bbox 1458 1277 1519 1317; x_wconf 90' lang='lat' dir='ltr'>ite</span> <span class='ocrx_word' id='word_1_143' title='bbox 1543 1276 1600 1316; x_wconf 90' lang='lat' dir='ltr'>ad</span> <span class='ocrx_word' id='word_1_144' title='bbox 1619 1289 1755 1329; x_wconf 87' lang='lat' dir='ltr'>aquas</span> <span class='ocrx_word' id='word_1_145' title='bbox 1774 1289 1783 1325; x_wconf 93' lang='lat'><strong>;</strong></span> 
     </span>
     <span class='ocr_line' id='line_1_17' title="bbox 286 1339 1783 1394; baseline -0.003 -11"><span class='ocrx_word' id='word_1_146' title='bbox 286 1349 333 1384; x_wconf 90' lang='lat' dir='ltr'>et</span> <span class='ocrx_word' id='word_1_147' title='bbox 365 1341 434 1383; x_wconf 88' lang='lat' dir='ltr'>cui</span> <span class='ocrx_word' id='word_1_148' title='bbox 466 1355 556 1382; x_wconf 90' lang='lat' dir='ltr'>non</span> <span class='ocrx_word' id='word_1_149' title='bbox 593 1347 853 1394; x_wconf 87' lang='lat' dir='ltr'>argentum,</span> <span class='ocrx_word' id='word_1_150' title='bbox 887 1341 963 1389; x_wconf 91' lang='lat' dir='ltr'>ite,</span> <span class='ocrx_word' id='word_1_151' title='bbox 997 1341 1134 1381; x_wconf 88' lang='lat' dir='ltr'>emite</span> <span class='ocrx_word' id='word_1_152' title='bbox 1171 1347 1217 1381; x_wconf 92' lang='lat' dir='ltr'>et</span> <span class='ocrx_word' id='word_1_153' title='bbox 1257 1339 1523 1388; x_wconf 91' lang='lat' dir='ltr'>comedite‚”</span> <span class='ocrx_word' id='word_1_154' title='bbox 1555 1353 1634 1392; x_wconf 90' lang='lat' dir='ltr'>per</span> <span class='ocrx_word' id='word_1_155' title='bbox 1670 1353 1783 1393; x_wconf 87' lang='lat' dir='ltr'>quae</span> 
     </span>
     <span class='ocr_line' id='line_1_18' title="bbox 287 1403 1783 1459; baseline -0.003 -13"><span class='ocrx_word' id='word_1_156' title='bbox 287 1404 565 1459; x_wconf 87' lang='lat' dir='ltr'>significatur</span> <span class='ocrx_word' id='word_1_157' title='bbox 583 1403 703 1458; x_wconf 80' lang='lat' dir='ltr'>quod</span> <span class='ocrx_word' id='word_1_158' title='bbox 728 1404 872 1444; x_wconf 86' lang='lat' dir='ltr'>omnis</span> <span class='ocrx_word' id='word_1_159' title='bbox 896 1404 969 1457; x_wconf 91' lang='lat' dir='ltr'>qui</span> <span class='ocrx_word' id='word_1_160' title='bbox 992 1404 1220 1444; x_wconf 82' lang='lat' dir='ltr'>desiderat</span> <span class='ocrx_word' id='word_1_161' title='bbox 1239 1416 1406 1451; x_wconf 90' lang='lat' dir='ltr'>verum,</span> <span class='ocrx_word' id='word_1_162' title='bbox 1427 1403 1495 1443; x_wconf 93' lang='lat' dir='ltr'>cui</span> <span class='ocrx_word' id='word_1_163' title='bbox 1519 1415 1608 1442; x_wconf 91' lang='lat' dir='ltr'>non</span> <span class='ocrx_word' id='word_1_164' title='bbox 1630 1414 1783 1442; x_wconf 89' lang='lat' dir='ltr'>verum</span> 
     </span>
     <span class='ocr_line' id='line_1_19' title="bbox 287 1464 1785 1521; baseline -0.003 -13"><span class='ocrx_word' id='word_1_165' title='bbox 287 1469 419 1521; x_wconf 87' lang='lat' dir='ltr'>prius,</span> <span class='ocrx_word' id='word_1_166' title='bbox 445 1473 679 1520; x_wconf 89' lang='lat' dir='ltr'>comparet</span> <span class='ocrx_word' id='word_1_167' title='bbox 705 1473 750 1507; x_wconf 90' lang='lat' dir='ltr'>et</span> <span class='ocrx_word' id='word_1_168' title='bbox 777 1467 1038 1519; x_wconf 86' lang='lat' dir='ltr'>appropriet</span> <span class='ocrx_word' id='word_1_169' title='bbox 1064 1466 1108 1506; x_wconf 91' lang='lat' dir='ltr'>id</span> <span class='ocrx_word' id='word_1_170' title='bbox 1135 1467 1217 1506; x_wconf 87' lang='lat' dir='ltr'>sibi</span> <span class='ocrx_word' id='word_1_171' title='bbox 1244 1480 1269 1506; x_wconf 87' lang='lat' dir='ltr'>a</span> <span class='ocrx_word' id='word_1_172' title='bbox 1296 1466 1521 1515; x_wconf 89' lang='lat' dir='ltr'>Domino;</span> <span class='ocrx_word' id='word_1_173' title='bbox 1556 1465 1752 1505; x_wconf 88' lang='lat' dir='ltr'>“sitiens</span> <span class='ocrx_word' id='word_1_174' title='bbox 1765 1464 1785 1479; x_wconf 86' lang='lat'>’&#39;</span> 
     </span>
     <span class='ocr_line' id='line_1_20' title="bbox 287 1527 1784 1584; baseline -0.002 -13"><span class='ocrx_word' id='word_1_175' title='bbox 287 1530 511 1584; x_wconf 85' lang='lat' dir='ltr'>significat</span> <span class='ocrx_word' id='word_1_176' title='bbox 537 1531 887 1578; x_wconf 79' lang='lat' dir='ltr'>desiderantem,</span> <span class='ocrx_word' id='word_1_177' title='bbox 909 1533 1063 1582; x_wconf 84' lang='lat' dir='ltr'>“aqua</span> <span class='ocrx_word' id='word_1_178' title='bbox 1075 1529 1094 1544; x_wconf 90' lang='lat'>”</span> <span class='ocrx_word' id='word_1_179' title='bbox 1112 1542 1282 1577; x_wconf 89' lang='lat' dir='ltr'>verum,</span> <span class='ocrx_word' id='word_1_180' title='bbox 1303 1527 1613 1581; x_wconf 86' lang='lat' dir='ltr'>“argentum”</span> <span class='ocrx_word' id='word_1_181' title='bbox 1629 1540 1784 1568; x_wconf 90' lang='lat' dir='ltr'>verum</span> 
     </span>
     <span class='ocr_line' id='line_1_21' title="bbox 287 1591 1783 1642; baseline -0.003 -8"><span class='ocrx_word' id='word_1_182' title='bbox 287 1593 408 1642; x_wconf 86' lang='lat' dir='ltr'>boni,</span> <span class='ocrx_word' id='word_1_183' title='bbox 435 1594 494 1633; x_wconf 91' lang='lat' dir='ltr'>ibi</span> <span class='ocrx_word' id='word_1_184' title='bbox 517 1593 585 1633; x_wconf 90' lang='lat' dir='ltr'>cui</span> <span class='ocrx_word' id='word_1_185' title='bbox 611 1606 702 1633; x_wconf 90' lang='lat' dir='ltr'>non</span> <span class='ocrx_word' id='word_1_186' title='bbox 733 1599 802 1633; x_wconf 87' lang='lat' dir='ltr'>est</span> <span class='ocrx_word' id='word_1_187' title='bbox 828 1605 982 1632; x_wconf 86' lang='lat' dir='ltr'>verum</span> <span class='ocrx_word' id='word_1_188' title='bbox 1010 1592 1143 1642; x_wconf 86' lang='lat' dir='ltr'>boni;</span> <span class='ocrx_word' id='word_1_189' title='bbox 1183 1591 1312 1632; x_wconf 88' lang='lat' dir='ltr'>“ire”</span> <span class='ocrx_word' id='word_1_190' title='bbox 1339 1598 1409 1632; x_wconf 90' lang='lat' dir='ltr'>est</span> <span class='ocrx_word' id='word_1_191' title='bbox 1435 1591 1492 1631; x_wconf 86' lang='lat' dir='ltr'>ad</span> <span class='ocrx_word' id='word_1_192' title='bbox 1525 1591 1783 1638; x_wconf 89' lang='lat' dir='ltr'>Dominum,</span> 
     </span>
     <span class='ocr_line' id='line_1_22' title="bbox 290 1654 1784 1709; baseline -0.002 -12"><span class='ocrx_word' id='word_1_193' title='bbox 290 1660 478 1697; x_wconf 89' lang='lat' dir='ltr'>“emere</span> <span class='ocrx_word' id='word_1_194' title='bbox 491 1656 510 1671; x_wconf 86' lang='lat'>&#39;’</span> <span class='ocrx_word' id='word_1_195' title='bbox 536 1655 760 1709; x_wconf 84' lang='lat' dir='ltr'>significat</span> <span class='ocrx_word' id='word_1_196' title='bbox 794 1669 1055 1708; x_wconf 88' lang='lat' dir='ltr'>comparare</span> <span class='ocrx_word' id='word_1_197' title='bbox 1088 1656 1184 1703; x_wconf 86' lang='lat' dir='ltr'>sibi,</span> <span class='ocrx_word' id='word_1_198' title='bbox 1213 1662 1259 1696; x_wconf 93' lang='lat' dir='ltr'>et</span> <span class='ocrx_word' id='word_1_199' title='bbox 1289 1654 1564 1695; x_wconf 88' lang='lat' dir='ltr'>“comedere</span> <span class='ocrx_word' id='word_1_200' title='bbox 1577 1654 1595 1669; x_wconf 92' lang='lat'>”</span> <span class='ocrx_word' id='word_1_201' title='bbox 1622 1667 1784 1707; x_wconf 89' lang='lat' dir='ltr'>appro-</span> 
     </span>
     <span class='ocr_line' id='line_1_23' title="bbox 291 1717 1784 1773; baseline -0.002 -13"><span class='ocrx_word' id='word_1_202' title='bbox 291 1720 434 1773; x_wconf 86' lang='lat' dir='ltr'>priare</span> <span class='ocrx_word' id='word_1_203' title='bbox 453 1719 559 1759; x_wconf 83' lang='lat' dir='ltr'>sibi:</span> <span class='ocrx_word' id='word_1_204' title='bbox 596 1723 620 1739; x_wconf 79' lang='lat'>‘⁴</span> <span class='ocrx_word' id='word_1_205' title='bbox 634 1720 709 1767; x_wconf 86' lang='lat' dir='ltr'>ite,</span> <span class='ocrx_word' id='word_1_206' title='bbox 730 1720 867 1760; x_wconf 89' lang='lat' dir='ltr'>emite</span> <span class='ocrx_word' id='word_1_207' title='bbox 890 1719 984 1759; x_wconf 90' lang='lat' dir='ltr'>sine</span> <span class='ocrx_word' id='word_1_208' title='bbox 1003 1725 1195 1772; x_wconf 83' lang='lat' dir='ltr'>argento</span> <span class='ocrx_word' id='word_1_209' title='bbox 1216 1725 1263 1759; x_wconf 90' lang='lat' dir='ltr'>et</span> <span class='ocrx_word' id='word_1_210' title='bbox 1289 1718 1383 1758; x_wconf 87' lang='lat' dir='ltr'>sine</span> <span class='ocrx_word' id='word_1_211' title='bbox 1401 1717 1547 1770; x_wconf 91' lang='lat' dir='ltr'>pretio</span> <span class='ocrx_word' id='word_1_212' title='bbox 1565 1718 1716 1758; x_wconf 88' lang='lat' dir='ltr'>vinum</span> <span class='ocrx_word' id='word_1_213' title='bbox 1739 1724 1784 1758; x_wconf 90' lang='lat' dir='ltr'>et</span> 
     </span>
     <span class='ocr_line' id='line_1_24' title="bbox 289 1781 1786 1836; baseline -0.001 -13"><span class='ocrx_word' id='word_1_214' title='bbox 289 1783 396 1832; x_wconf 88' lang='lat' dir='ltr'>lac,’&#39;</span> <span class='ocrx_word' id='word_1_215' title='bbox 423 1781 646 1836; x_wconf 82' lang='lat' dir='ltr'>significat</span> <span class='ocrx_word' id='word_1_216' title='bbox 683 1788 731 1823; x_wconf 91' lang='lat' dir='ltr'>ut</span> <span class='ocrx_word' id='word_1_217' title='bbox 764 1782 932 1835; x_wconf 83' lang='lat' dir='ltr'>absque</span> <span class='ocrx_word' id='word_1_218' title='bbox 959 1783 1137 1835; x_wconf 87' lang='lat' dir='ltr'>propria</span> <span class='ocrx_word' id='word_1_219' title='bbox 1168 1781 1475 1834; x_wconf 83' lang='lat' dir='ltr'>intelligentia</span> <span class='ocrx_word' id='word_1_220' title='bbox 1501 1786 1786 1833; x_wconf 87' lang='lat' dir='ltr'>comparetur</span> 
     </span>
     <span class='ocr_line' id='line_1_25' title="bbox 291 1843 1784 1898; baseline -0.003 -11"><span class='ocrx_word' id='word_1_221' title='bbox 291 1847 502 1887; x_wconf 92' lang='lat' dir='ltr'>Divinum</span> <span class='ocrx_word' id='word_1_222' title='bbox 513 1845 684 1886; x_wconf 90' lang='lat' dir='ltr'>Verum</span> <span class='ocrx_word' id='word_1_223' title='bbox 700 1845 930 1898; x_wconf 82' lang='lat' dir='ltr'>spirituale</span> <span class='ocrx_word' id='word_1_224' title='bbox 949 1852 994 1886; x_wconf 92' lang='lat' dir='ltr'>et</span> <span class='ocrx_word' id='word_1_225' title='bbox 1013 1845 1225 1885; x_wconf 89' lang='lat' dir='ltr'>Divinum</span> <span class='ocrx_word' id='word_1_226' title='bbox 1241 1844 1411 1885; x_wconf 86' lang='lat' dir='ltr'>Verum</span> <span class='ocrx_word' id='word_1_227' title='bbox 1427 1843 1631 1884; x_wconf 87' lang='lat' dir='ltr'>naturale</span> <span class='ocrx_word' id='word_1_228' title='bbox 1648 1858 1657 1894; x_wconf 87' lang='lat'>;</span> <span class='ocrx_word' id='word_1_229' title='bbox 1683 1847 1707 1864; x_wconf 91' lang='lat'>“</span> <span class='ocrx_word' id='word_1_230' title='bbox 1720 1844 1784 1884; x_wconf 92' lang='lat' dir='ltr'>vi-</span> 
     </span>
     <span class='ocr_line' id='line_1_26' title="bbox 290 1907 1785 1962; baseline -0.002 -12"><span class='ocrx_word' id='word_1_231' title='bbox 290 1908 660 1962; x_wconf 86' lang='lat' dir='ltr'>num”significat</span> <span class='ocrx_word' id='word_1_232' title='bbox 681 1909 894 1949; x_wconf 83' lang='lat' dir='ltr'>Divinum</span> <span class='ocrx_word' id='word_1_233' title='bbox 908 1908 1079 1949; x_wconf 84' lang='lat' dir='ltr'>Verum</span> <span class='ocrx_word' id='word_1_234' title='bbox 1099 1908 1343 1962; x_wconf 83' lang='lat' dir='ltr'>spirituale,</span> <span class='ocrx_word' id='word_1_235' title='bbox 1361 1915 1406 1948; x_wconf 93' lang='lat' dir='ltr'>et</span> <span class='ocrx_word' id='word_1_236' title='bbox 1421 1910 1445 1927; x_wconf 90' lang='lat'><em>“</em></span> <span class='ocrx_word' id='word_1_237' title='bbox 1459 1907 1527 1948; x_wconf 88' lang='lat' dir='ltr'>lac</span> <span class='ocrx_word' id='word_1_238' title='bbox 1541 1907 1559 1922; x_wconf 90' lang='lat'>&#39;&#39;</span> <span class='ocrx_word' id='word_1_239' title='bbox 1575 1907 1785 1947; x_wconf 90' lang='lat' dir='ltr'>Divinum</span> 
     </span>
     <span class='ocr_line' id='line_1_27' title="bbox 289 1970 1784 2025; baseline -0.002 -12"><span class='ocrx_word' id='word_1_240' title='bbox 289 1972 460 2013; x_wconf 89' lang='lat' dir='ltr'>Verum</span> <span class='ocrx_word' id='word_1_241' title='bbox 493 1971 723 2024; x_wconf 81' lang='lat' dir='ltr'>spirituale</span> <span class='ocrx_word' id='word_1_242' title='bbox 762 1971 993 2012; x_wconf 85' lang='lat' dir='ltr'>naturale:</span> <span class='ocrx_word' id='word_1_243' title='bbox 1039 1975 1212 2025; x_wconf 88' lang='lat' dir='ltr'>“quare</span> <span class='ocrx_word' id='word_1_244' title='bbox 1250 1970 1507 2023; x_wconf 87' lang='lat' dir='ltr'>appenditis</span> <span class='ocrx_word' id='word_1_245' title='bbox 1545 1977 1784 2023; x_wconf 86' lang='lat' dir='ltr'>argentum</span> 
     </span>
     <span class='ocr_line' id='line_1_28' title="bbox 289 2032 1786 2089; baseline -0.001 -13"><span class='ocrx_word' id='word_1_246' title='bbox 289 2049 370 2088; x_wconf 89' lang='lat' dir='ltr'>pro</span> <span class='ocrx_word' id='word_1_247' title='bbox 397 2049 451 2076; x_wconf 91' lang='lat' dir='ltr'>eo</span> <span class='ocrx_word' id='word_1_248' title='bbox 478 2035 598 2089; x_wconf 93' lang='lat' dir='ltr'>quod</span> <span class='ocrx_word' id='word_1_249' title='bbox 626 2049 718 2075; x_wconf 89' lang='lat' dir='ltr'>non</span> <span class='ocrx_word' id='word_1_250' title='bbox 745 2035 885 2088; x_wconf 81' lang='lat' dir='ltr'>paniS‚</span> <span class='ocrx_word' id='word_1_251' title='bbox 912 2041 958 2076; x_wconf 92' lang='lat' dir='ltr'>et</span> <span class='ocrx_word' id='word_1_252' title='bbox 986 2034 1185 2075; x_wconf 87' lang='lat' dir='ltr'>laborem</span> <span class='ocrx_word' id='word_1_253' title='bbox 1213 2040 1412 2074; x_wconf 88' lang='lat' dir='ltr'>vestrum</span> <span class='ocrx_word' id='word_1_254' title='bbox 1439 2032 1538 2086; x_wconf 89' lang='lat' dir='ltr'>[pro</span> <span class='ocrx_word' id='word_1_255' title='bbox 1564 2033 1637 2086; x_wconf 92' lang='lat' dir='ltr'>eo]</span> <span class='ocrx_word' id='word_1_256' title='bbox 1666 2034 1786 2087; x_wconf 91' lang='lat' dir='ltr'>quod</span> 
     </span>
     <span class='ocr_line' id='line_1_29' title="bbox 290 2097 1784 2151; baseline -0.002 -12"><span class='ocrx_word' id='word_1_257' title='bbox 290 2112 380 2139; x_wconf 90' lang='lat' dir='ltr'>non</span> <span class='ocrx_word' id='word_1_258' title='bbox 406 2099 463 2139; x_wconf 90' lang='lat' dir='ltr'>ad</span> <span class='ocrx_word' id='word_1_259' title='bbox 495 2099 755 2139; x_wconf 86' lang='lat' dir='ltr'>satietatem</span> <span class='ocrx_word' id='word_1_260' title='bbox 771 2098 808 2138; x_wconf 89' lang='lat'>?&#39;’</span> <span class='ocrx_word' id='word_1_261' title='bbox 841 2097 1064 2151; x_wconf 82' lang='lat' dir='ltr'>significat</span> <span class='ocrx_word' id='word_1_262' title='bbox 1091 2097 1210 2151; x_wconf 92' lang='lat' dir='ltr'>quod</span> <span class='ocrx_word' id='word_1_263' title='bbox 1237 2098 1408 2137; x_wconf 88' lang='lat' dir='ltr'>irritum</span> <span class='ocrx_word' id='word_1_264' title='bbox 1435 2098 1492 2137; x_wconf 88' lang='lat' dir='ltr'>sit</span> <span class='ocrx_word' id='word_1_265' title='bbox 1519 2111 1577 2137; x_wconf 87' lang='lat' dir='ltr'>ex</span> <span class='ocrx_word' id='word_1_266' title='bbox 1605 2097 1784 2149; x_wconf 88' lang='lat' dir='ltr'>proprio</span> 
     </span>
     <span class='ocr_line' id='line_1_30' title="bbox 291 2160 1784 2215; baseline -0.003 -12"><span class='ocrx_word' id='word_1_267' title='bbox 291 2175 551 2215; x_wconf 87' lang='lat' dir='ltr'>comparare</span> <span class='ocrx_word' id='word_1_268' title='bbox 579 2162 663 2202; x_wconf 90' lang='lat' dir='ltr'>sibi</span> <span class='ocrx_word' id='word_1_269' title='bbox 689 2162 857 2202; x_wconf 88' lang='lat' dir='ltr'>bonum</span> <span class='ocrx_word' id='word_1_270' title='bbox 883 2161 1060 2209; x_wconf 81' lang='lat' dir='ltr'>amoris,</span> <span class='ocrx_word' id='word_1_271' title='bbox 1088 2167 1134 2201; x_wconf 91' lang='lat' dir='ltr'>et</span> <span class='ocrx_word' id='word_1_272' title='bbox 1166 2175 1224 2200; x_wconf 87' lang='lat' dir='ltr'>ex</span> <span class='ocrx_word' id='word_1_273' title='bbox 1258 2160 1437 2212; x_wconf 87' lang='lat' dir='ltr'>proprio</span> <span class='ocrx_word' id='word_1_274' title='bbox 1469 2160 1513 2200; x_wconf 93' lang='lat' dir='ltr'>id</span> <span class='ocrx_word' id='word_1_275' title='bbox 1545 2160 1663 2213; x_wconf 90' lang='lat' dir='ltr'>quod</span> <span class='ocrx_word' id='word_1_276' title='bbox 1690 2160 1784 2200; x_wconf 88' lang='lat' dir='ltr'>ani-</span> 
     </span>
     <span class='ocr_line' id='line_1_31' title="bbox 291 2222 1783 2277; baseline -0.003 -11"><span class='ocrx_word' id='word_1_277' title='bbox 291 2239 411 2266; x_wconf 90' lang='lat' dir='ltr'>mam</span> <span class='ocrx_word' id='word_1_278' title='bbox 449 2226 615 2276; x_wconf 81' lang='lat' dir='ltr'>nutrit3</span> <span class='ocrx_word' id='word_1_279' title='bbox 658 2238 738 2277; x_wconf 89' lang='lat' dir='ltr'>per</span> <span class='ocrx_word' id='word_1_280' title='bbox 770 2223 1084 2277; x_wconf 85' lang='lat' dir='ltr'>“argentum’&#39;</span> <span class='ocrx_word' id='word_1_281' title='bbox 1116 2224 1186 2264; x_wconf 91' lang='lat' dir='ltr'>hic</span> <span class='ocrx_word' id='word_1_282' title='bbox 1225 2222 1502 2276; x_wconf 83' lang='lat' dir='ltr'>significatur</span> <span class='ocrx_word' id='word_1_283' title='bbox 1533 2235 1687 2263; x_wconf 87' lang='lat' dir='ltr'>verum</span> <span class='ocrx_word' id='word_1_284' title='bbox 1724 2236 1783 2263; x_wconf 82' lang='lat' dir='ltr'>ex</span> 
     </span>
     <span class='ocr_line' id='line_1_32' title="bbox 291 2285 1784 2342; baseline -0.003 -13"><span class='ocrx_word' id='word_1_285' title='bbox 291 2289 470 2342; x_wconf 90' lang='lat' dir='ltr'>proprio</span> <span class='ocrx_word' id='word_1_286' title='bbox 496 2302 574 2328; x_wconf 91' lang='lat' dir='ltr'>seu</span> <span class='ocrx_word' id='word_1_287' title='bbox 606 2288 783 2341; x_wconf 86' lang='lat' dir='ltr'>propria</span> <span class='ocrx_word' id='word_1_288' title='bbox 809 2287 1127 2340; x_wconf 86' lang='lat' dir='ltr'>intelligentia,</span> <span class='ocrx_word' id='word_1_289' title='bbox 1155 2286 1359 2326; x_wconf 87' lang='lat' dir='ltr'>similiter</span> <span class='ocrx_word' id='word_1_290' title='bbox 1385 2299 1463 2338; x_wconf 90' lang='lat' dir='ltr'>per</span> <span class='ocrx_word' id='word_1_291' title='bbox 1491 2285 1732 2326; x_wconf 82' lang='lat' dir='ltr'>“laborem</span> <span class='ocrx_word' id='word_1_292' title='bbox 1751 2285 1784 2336; x_wconf 88' lang='grc'>;”</span> 
     </span>
     <span class='ocr_line' id='line_1_33' title="bbox 292 2348 1785 2406; baseline -0.002 -14"><span class='ocrx_word' id='word_1_293' title='bbox 292 2366 370 2406; x_wconf 90' lang='lat' dir='ltr'>per</span> <span class='ocrx_word' id='word_1_294' title='bbox 409 2351 640 2404; x_wconf 81' lang='lat' dir='ltr'>“panem”</span> <span class='ocrx_word' id='word_1_295' title='bbox 676 2352 844 2391; x_wconf 87' lang='lat' dir='ltr'>bonum</span> <span class='ocrx_word' id='word_1_296' title='bbox 881 2351 1059 2398; x_wconf 85' lang='lat' dir='ltr'>amoris,</span> <span class='ocrx_word' id='word_1_297' title='bbox 1100 2364 1178 2403; x_wconf 90' lang='lat' dir='ltr'>per</span> <span class='ocrx_word' id='word_1_298' title='bbox 1218 2348 1548 2390; x_wconf 83' lang='lat' dir='ltr'>“satietatem&#39;&#39;</span> <span class='ocrx_word' id='word_1_299' title='bbox 1585 2349 1629 2389; x_wconf 90' lang='lat' dir='ltr'>id</span> <span class='ocrx_word' id='word_1_300' title='bbox 1666 2350 1785 2403; x_wconf 91' lang='lat' dir='ltr'>quod</span> 
     </span>
     <span class='ocr_line' id='line_1_34' title="bbox 293 2411 1786 2467; baseline -0.003 -12"><span class='ocrx_word' id='word_1_301' title='bbox 293 2415 431 2455; x_wconf 85' lang='lat' dir='ltr'>nutrit</span> <span class='ocrx_word' id='word_1_302' title='bbox 450 2415 661 2462; x_wconf 86' lang='lat' dir='ltr'>animam,</span> <span class='ocrx_word' id='word_1_303' title='bbox 681 2414 751 2454; x_wconf 90' lang='lat' dir='ltr'>hic</span> <span class='ocrx_word' id='word_1_304' title='bbox 771 2413 889 2467; x_wconf 91' lang='lat' dir='ltr'>quod</span> <span class='ocrx_word' id='word_1_305' title='bbox 908 2426 997 2453; x_wconf 89' lang='lat' dir='ltr'>non</span> <span class='ocrx_word' id='word_1_306' title='bbox 1018 2413 1157 2453; x_wconf 91' lang='lat' dir='ltr'>nutrit</span> <span class='ocrx_word' id='word_1_307' title='bbox 1174 2425 1182 2451; x_wconf 90' lang='lat'>:</span> <span class='ocrx_word' id='word_1_308' title='bbox 1219 2411 1484 2452; x_wconf 87' lang='lat' dir='ltr'>“attendite</span> <span class='ocrx_word' id='word_1_309' title='bbox 1503 2412 1786 2452; x_wconf 87' lang='lat' dir='ltr'>attendendo</span> 
     </span>
     <span class='ocr_line' id='line_1_35' title="bbox 292 2474 1785 2529; baseline -0.002 -12"><span class='ocrx_word' id='word_1_310' title='bbox 292 2478 349 2518; x_wconf 87' lang='lat' dir='ltr'>ad</span> <span class='ocrx_word' id='word_1_311' title='bbox 382 2477 479 2517; x_wconf 90' lang='lat' dir='ltr'>Me”</span> <span class='ocrx_word' id='word_1_312' title='bbox 506 2476 732 2529; x_wconf 82' lang='lat' dir='ltr'>significat</span> <span class='ocrx_word' id='word_1_313' title='bbox 764 2476 885 2529; x_wconf 90' lang='lat' dir='ltr'>quod</span> <span class='ocrx_word' id='word_1_314' title='bbox 918 2475 994 2516; x_wconf 86' lang='lat' dir='ltr'>illa</span> <span class='ocrx_word' id='word_1_315' title='bbox 1025 2475 1170 2516; x_wconf 89' lang='lat' dir='ltr'>solum</span> <span class='ocrx_word' id='word_1_316' title='bbox 1203 2489 1228 2515; x_wconf 89' lang='lat' dir='ltr'>a</span> <span class='ocrx_word' id='word_1_317' title='bbox 1260 2474 1484 2524; x_wconf 88' lang='lat' dir='ltr'>Domino;</span> <span class='ocrx_word' id='word_1_318' title='bbox 1524 2478 1608 2515; x_wconf 89' lang='lat' dir='ltr'>“et</span> <span class='ocrx_word' id='word_1_319' title='bbox 1634 2488 1785 2515; x_wconf 90' lang='lat' dir='ltr'>come-</span> 
     </span>
     <span class='ocr_line' id='line_1_36' title="bbox 294 2538 1787 2591; baseline -0.003 -10"><span class='ocrx_word' id='word_1_320' title='bbox 294 2541 387 2582; x_wconf 91' lang='lat' dir='ltr'>dite</span> <span class='ocrx_word' id='word_1_321' title='bbox 429 2541 611 2589; x_wconf 88' lang='lat' dir='ltr'>bonurn,</span> <span class='ocrx_word' id='word_1_322' title='bbox 651 2547 699 2581; x_wconf 90' lang='lat' dir='ltr'>ut</span> <span class='ocrx_word' id='word_1_323' title='bbox 738 2539 973 2580; x_wconf 87' lang='lat' dir='ltr'>delicietur</span> <span class='ocrx_word' id='word_1_324' title='bbox 1012 2539 1056 2579; x_wconf 92' lang='lat' dir='ltr'>in</span> <span class='ocrx_word' id='word_1_325' title='bbox 1097 2538 1370 2591; x_wconf 83' lang='lat' dir='ltr'>pinguedine</span> <span class='ocrx_word' id='word_1_326' title='bbox 1412 2539 1561 2578; x_wconf 86' lang='lat' dir='ltr'>anima</span> <span class='ocrx_word' id='word_1_327' title='bbox 1596 2538 1787 2586; x_wconf 84' lang='lat' dir='ltr'>vestra,&#39;⁷</span> 
     </span>
     <span class='ocr_line' id='line_1_37' title="bbox 294 2601 1785 2657; baseline -0.002 -13"><span class='ocrx_word' id='word_1_328' title='bbox 294 2603 517 2657; x_wconf 88' lang='lat' dir='ltr'>significat</span> <span class='ocrx_word' id='word_1_329' title='bbox 541 2610 589 2644; x_wconf 90' lang='lat' dir='ltr'>ut</span> <span class='ocrx_word' id='word_1_330' title='bbox 612 2603 903 2655; x_wconf 88' lang='lat' dir='ltr'>approprient</span> <span class='ocrx_word' id='word_1_331' title='bbox 927 2602 1009 2642; x_wconf 90' lang='lat' dir='ltr'>sibi</span> <span class='ocrx_word' id='word_1_332' title='bbox 1031 2602 1198 2642; x_wconf 90' lang='lat' dir='ltr'>bonum</span> <span class='ocrx_word' id='word_1_333' title='bbox 1222 2601 1434 2649; x_wconf 86' lang='lat' dir='ltr'>caeleste,</span> <span class='ocrx_word' id='word_1_334' title='bbox 1458 2615 1517 2641; x_wconf 85' lang='lat' dir='ltr'>ex</span> <span class='ocrx_word' id='word_1_335' title='bbox 1540 2615 1628 2654; x_wconf 90' lang='lat' dir='ltr'>quo</span> <span class='ocrx_word' id='word_1_336' title='bbox 1651 2614 1785 2641; x_wconf 89' lang='lat' dir='ltr'>omne</span> 
     </span>
     <span class='ocr_line' id='line_1_38' title="bbox 291 2663 1782 2720; baseline -0.003 -13"><span class='ocrx_word' id='word_1_337' title='bbox 291 2666 537 2720; x_wconf 85' lang='lat' dir='ltr'>jucundum</span> <span class='ocrx_word' id='word_1_338' title='bbox 573 2667 722 2716; x_wconf 91' lang='lat' dir='ltr'>vitae;</span> <span class='ocrx_word' id='word_1_339' title='bbox 767 2665 1004 2706; x_wconf 88' lang='lat' dir='ltr'>“deliciari</span> <span class='ocrx_word' id='word_1_340' title='bbox 1040 2665 1083 2704; x_wconf 91' lang='lat' dir='ltr'>in</span> <span class='ocrx_word' id='word_1_341' title='bbox 1121 2665 1392 2717; x_wconf 90' lang='lat' dir='ltr'>pinguedine</span> <span class='ocrx_word' id='word_1_342' title='bbox 1409 2664 1428 2679; x_wconf 86' lang='lat'>”</span> <span class='ocrx_word' id='word_1_343' title='bbox 1460 2663 1682 2716; x_wconf 85' lang='lat' dir='ltr'>significat</span> <span class='ocrx_word' id='word_1_344' title='bbox 1714 2663 1782 2716; x_wconf 90' lang='lat' dir='ltr'>ju-</span> 
     </span>
     <span class='ocr_line' id='line_1_39' title="bbox 293 2726 1784 2780; baseline -0.003 -10"><span class='ocrx_word' id='word_1_345' title='bbox 293 2729 477 2771; x_wconf 85' lang='lat' dir='ltr'>cundari</span> <span class='ocrx_word' id='word_1_346' title='bbox 499 2743 558 2769; x_wconf 86' lang='lat' dir='ltr'>ex</span> <span class='ocrx_word' id='word_1_347' title='bbox 581 2730 716 2778; x_wconf 89' lang='lat' dir='ltr'>bono,</span> <span class='ocrx_word' id='word_1_348' title='bbox 740 2734 787 2770; x_wconf 93' lang='lat' dir='ltr'>et</span> <span class='ocrx_word' id='word_1_349' title='bbox 811 2727 1030 2769; x_wconf 83' lang='lat' dir='ltr'>“anima&#39;&#39;</span> <span class='ocrx_word' id='word_1_350' title='bbox 1054 2727 1278 2780; x_wconf 88' lang='lat' dir='ltr'>significat</span> <span class='ocrx_word' id='word_1_351' title='bbox 1301 2728 1453 2768; x_wconf 89' lang='lat' dir='ltr'>vitam.</span> <span class='ocrx_word' id='word_1_352' title='bbox 1515 2726 1652 2780; x_wconf 89' lang='lat' dir='ltr'>Apud</span> <span class='ocrx_word' id='word_1_353' title='bbox 1675 2740 1784 2767; x_wconf 90' lang='lat' dir='ltr'>eun-</span> 
     </span>
     <span class='ocr_line' id='line_1_40' title="bbox 294 2793 413 2842; baseline -0.008 -8"><span class='ocrx_word' id='word_1_354' title='bbox 294 2793 413 2842; x_wconf 88' lang='lat' dir='ltr'>dem,</span> 
     </span>
    </p>
   </div>
   <div class='ocr_carea' id='block_1_6' title="bbox 363 2888 1781 2975">
    <p class='ocr_par' dir='ltr' id='par_1_6' title="bbox 363 2888 1781 2975">
     <span class='ocr_line' id='line_1_41' title="bbox 363 2888 1781 2932; baseline -0.002 -9"><span class='ocrx_word' id='word_1_355' title='bbox 363 2889 647 2924; x_wconf 76' lang='lat' dir='ltr'>“Habitantibus</span> <span class='ocrx_word' id='word_1_356' title='bbox 668 2900 788 2922; x_wconf 88' lang='lat' dir='ltr'>coram</span> <span class='ocrx_word' id='word_1_357' title='bbox 809 2890 971 2932; x_wconf 89' lang='lat' dir='ltr'>Jehovah</span> <span class='ocrx_word' id='word_1_358' title='bbox 991 2890 1058 2922; x_wconf 85' lang='lat' dir='ltr'>erit</span> <span class='ocrx_word' id='word_1_359' title='bbox 1077 2888 1303 2921; x_wconf 84' lang='lat' dir='ltr'>mercatura’&#39;</span> <span class='ocrx_word' id='word_1_360' title='bbox 1324 2889 1409 2930; x_wconf 88' lang='lat' dir='ltr'>Tyri</span> <span class='ocrx_word' id='word_1_361' title='bbox 1431 2889 1504 2921; x_wconf 85' lang='lat' dir='ltr'>“ad</span> <span class='ocrx_word' id='word_1_362' title='bbox 1523 2888 1781 2921; x_wconf 87' lang='lat' dir='ltr'>comedendum</span> 
     </span>
     <span class='ocr_line' id='line_1_42' title="bbox 468 2933 1413 2975; baseline 0 -9"><span class='ocrx_word' id='word_1_363' title='bbox 468 2935 513 2967; x_wconf 85' lang='lat' dir='ltr'>ad</span> <span class='ocrx_word' id='word_1_364' title='bbox 530 2935 742 2974; x_wconf 86' lang='lat' dir='ltr'>satietatem,</span> <span class='ocrx_word' id='word_1_365' title='bbox 760 2941 795 2966; x_wconf 82' lang='lat' dir='ltr'>et</span> <span class='ocrx_word' id='word_1_366' title='bbox 811 2934 946 2975; x_wconf 85' lang='lat' dir='ltr'>tegenti</span> <span class='ocrx_word' id='word_1_367' title='bbox 964 2943 1002 2966; x_wconf 90' lang='lat' dir='ltr'>se</span> <span class='ocrx_word' id='word_1_368' title='bbox 1019 2934 1165 2975; x_wconf 87' lang='lat' dir='ltr'>antiquo</span> <span class='ocrx_word' id='word_1_369' title='bbox 1177 2933 1194 2945; x_wconf 82' lang='lat'>’¹</span> <span class='ocrx_word' id='word_1_370' title='bbox 1212 2933 1320 2974; x_wconf 85' lang='lat' dir='ltr'>(xxiii.</span> <span class='ocrx_word' id='word_1_371' title='bbox 1342 2933 1413 2974; x_wconf 87' lang='lat'>18):</span> 
     </span>
    </p>
   </div>
  </div>
 </body>
</html>
