1962 3334
266 288 372 330 1868
677 298 1010 332 APOCALYPSIS
1042 300 1340 332 EXPLICATA.

260 415 443 459 terram,
468 410 524 450 ab
547 409 632 451 illis
655 411 728 464 qui
754 411 797 451 in
823 411 1043 465 spirituali
1066 412 1166 453 idea
1189 419 1309 461 sunt,
1334 426 1424 453 non
1447 419 1601 467 potest
1624 414 1749 467 cogi-

259 473 344 513 tari
368 479 502 522 terra,
527 474 630 527 quia
652 474 695 514 id
719 481 935 515 terrestre
958 481 1027 516 est
1051 482 1096 516 et
1121 489 1209 516 non
1234 475 1447 524 caeleste,
1471 477 1551 517 sed
1574 478 1750 531 cogita-

259 542 332 576 tur
357 536 488 589 quale
515 537 666 589 gentis
699 537 757 578 ibi
784 537 933 590 quoad
961 537 1228 588 ecclesiam;
1265 538 1472 579 similiter
1497 545 1545 579 ut
1573 540 1679 580 dum
1705 541 1750 580 in

259 599 444 651 alicujus
471 599 572 640 idea
603 606 672 640 est
706 600 913 648 ecclesia,
941 607 1019 641 aut
1051 601 1225 654 religio,
1253 608 1330 642 aut
1363 601 1526 650 cultus,
1554 602 1658 642 dum
1691 616 1751 643 ex

258 661 335 702 illa
361 662 462 702 idea
489 663 779 703 nominantur
806 669 953 704 terrae
985 670 1092 704 tunc
1127 678 1217 704 non
1250 665 1481 716 cogitatur
1506 670 1642 713 terra,
1671 665 1750 705 sed

258 726 410 777 gentis
442 731 590 766 terrae
622 725 753 779 quale
786 726 935 779 quoad
963 726 1219 775 ecclesiam,
1248 727 1514 779 religionem
1545 733 1623 768 aut
1655 727 1750 767 cul-

258 794 353 828 tum
373 801 381 838 ;
415 788 518 828 inde
541 794 611 829 est
635 788 755 841 quod
779 788 944 841 angeli,
964 790 1037 842 qui
1060 789 1316 842 spirituales
1340 795 1459 838 sunt,
1484 790 1591 830 dum
1613 789 1752 830 homo

257 852 301 891 in
342 851 498 891 Verbo
539 851 651 904 legit
694 851 942 901 “terram,’'
978 854 1185 905 cogitent
1227 852 1497 903 ecclesiam;
1544 859 1590 893 et
1631 853 1751 906 quod

258 914 409 967 angeli
426 915 650 967 cogitant,
666 914 752 955 hoc
773 928 930 955 sensus
948 915 1191 968 spiritualis
1210 915 1350 956 Verbi
1369 921 1453 963 est,
1471 928 1574 956 nam
1594 929 1751 956 sensus

258 977 502 1031 spiritualis
529 977 669 1018 Verbi
703 984 772 1018 est
801 991 881 1030 pro
907 978 1083 1031 angelis
1110 985 1157 1019 et
1185 993 1361 1032 quoque
1388 992 1468 1031 pro
1494 978 1751 1019 hominibus

257 1041 331 1094 qui
357 1039 613 1094 spirituales
640 1046 772 1090 sunt;
807 1040 1010 1081 Verbum
1034 1042 1153 1081 enim
1180 1042 1222 1081 in
1251 1041 1404 1081 littera
1430 1047 1501 1082 est
1528 1041 1749 1090 naturale,

257 1103 338 1144 sed
375 1117 514 1157 usque
546 1104 680 1144 intus
706 1117 783 1144 seu
821 1104 864 1144 in
902 1105 1000 1144 sinu
1038 1118 1118 1144 suo
1155 1111 1224 1144 est
1257 1103 1516 1157 spirituale3
1558 1117 1610 1145 ac
1643 1104 1750 1144 dum

258 1165 464 1207 naturale
502 1166 794 1218 abstergitur,
835 1173 964 1219 patet
1003 1166 1234 1220 spirituale
1273 1167 1392 1220 quod
1429 1167 1550 1207 intus
1591 1180 1668 1207 seu
1705 1167 1749 1206 in

258 1230 356 1270 sinu
388 1235 471 1269 est.
535 1229 775 1269 Praeterea
807 1236 912 1270 sunt
945 1236 1093 1270 terrae
1125 1230 1168 1269 in
1202 1230 1370 1270 mundo
1402 1229 1637 1283 spirituali,
1671 1243 1749 1270 seu

257 1293 302 1332 in
333 1291 502 1332 mundo
535 1291 607 1332 ubi
640 1299 745 1332 sunt
774 1293 955 1345 spiritus
988 1299 1034 1333 et
1062 1292 1227 1345 angeli,
1257 1306 1398 1346 aeque
1430 1305 1481 1333 ac
1513 1293 1557 1332 in
1584 1292 1752 1332 mundo

259 1355 453 1396 naturali
480 1354 553 1395 ubi
585 1362 691 1395 sunt
719 1355 941 1403 homines,
970 1362 1015 1396 et
1050 1362 1154 1396 sunt
1186 1355 1290 1396 illae
1319 1362 1466 1396 terrae
1493 1355 1641 1408 quoad
1668 1369 1750 1395 ex-

258 1424 435 1458 ternam
473 1419 787 1471 apparentiam
826 1432 1006 1471 prorsus
1045 1418 1241 1469 similes;
1284 1425 1388 1459 sunt
1428 1418 1486 1458 ibi
1523 1417 1750 1471 planities,

257 1480 415 1530 valles,
444 1487 640 1528 montes,
675 1480 833 1529 colles,
868 1487 914 1522 et
947 1487 1051 1522 sunt
1084 1481 1202 1521 fluvii
1235 1488 1283 1522 et
1315 1482 1468 1530 maria,
1497 1487 1543 1522 et
1575 1495 1752 1534 quoque

258 1551 364 1586 sunt
391 1545 501 1597 agri,
530 1551 675 1598 prata,
705 1544 859 1593 silvae,
888 1544 1023 1591 horti,
1052 1545 1274 1598 paradisi;
1313 1551 1359 1585 et
1387 1543 1491 1584 illae
1520 1550 1667 1585 terrae
1694 1544 1753 1584 ibi

261 1614 365 1649 sunt
392 1605 578 1661 aspectu
604 1607 818 1661 pulchrae
845 1621 1026 1660 prorsus
1058 1607 1306 1648 secundum
1333 1614 1507 1648 statum
1534 1607 1753 1648 ecclesiae

260 1671 379 1725 apud
420 1670 522 1711 illos
563 1671 637 1724 qui
678 1684 810 1723 super
851 1671 901 1710 iis
942 1670 1167 1719 habitant,
1212 1676 1258 1711 et
1300 1684 1477 1723 quoque
1519 1676 1753 1710 mutantur

259 1734 506 1775 secundum
553 1734 832 1774 mutationes
878 1733 1098 1774 ecclesiae
1143 1733 1262 1786 apud
1309 1733 1437 1774 illos:
1485 1732 1638 1781 verbo,
1681 1739 1751 1774 est

259 1797 394 1850 plena
425 1797 829 1850 correspondentia
861 1803 1080 1837 terrarum
1118 1797 1176 1837 ibi
1214 1810 1314 1837 cum
1351 1796 1613 1849 receptione
1645 1795 1751 1836 boni

259 1861 424 1900 amoris
461 1866 506 1900 et
545 1861 637 1900 veri
674 1859 776 1900 fidei
813 1860 932 1912 apud
970 1859 1281 1909 habitatores;
1325 1859 1429 1899 inde
1467 1872 1643 1912 quoque
1682 1864 1752 1898 est

260 1923 380 1977 quod
413 1937 491 1976 per
520 1926 724 1963 “terram
739 1922 758 1935 '‘
788 1923 831 1962 in
865 1922 1021 1963 Verbo
1053 1921 1331 1974 significetur
1363 1921 1582 1972 ecclesia;
1620 1920 1752 1974 quale

259 1987 378 2026 enim
421 1993 568 2026 terrae
606 1992 675 2026 est
708 1985 840 2039 quale
873 1985 1094 2026 ecclesiae
1136 1986 1220 2035 ibi;
1268 1984 1672 2038 correspondentia
1708 1985 1752 2024 id

259 2050 378 2090 facit.
442 2049 494 2090 In
527 2063 580 2089 eo
613 2049 782 2089 mundo
814 2049 911 2102 ipsa
944 2055 1063 2089 terra
1100 2062 1201 2089 cum
1234 2047 1427 2089 ecclesia
1462 2061 1597 2087 unum
1629 2047 1750 2094 facit,

261 2114 375 2153 sicut
402 2113 763 2165 correspondens
790 2125 891 2152 cum
918 2126 998 2152 sua
1029 2126 1075 2152 re
1108 2113 1176 2153 cui
1204 2111 1545 2164 correspondet,
1574 2124 1753 2164 prorsus

260 2177 376 2217 sicut
408 2174 592 2216 effectus
619 2189 720 2216 cum
754 2190 832 2215 sua
864 2189 999 2216 causa
1031 2175 1283 2222 efficiente:
1322 2176 1437 2215 sicut
1464 2173 1619 2214 oculus
1651 2187 1752 2214 cum

261 2253 341 2280 suo
367 2240 478 2287 visu,
503 2240 618 2279 sicut
647 2238 831 2292 loquela
857 2252 958 2279 cum
985 2252 1065 2279 suo
1091 2236 1341 2284 intellectu,
1367 2238 1481 2277 sicut
1508 2235 1626 2277 actio
1651 2249 1752 2276 cum

260 2302 515 2351 voluntate,
549 2303 667 2342 sicut
700 2301 851 2341 vultus
883 2302 1010 2342 faciei
1043 2314 1143 2341 cum
1175 2299 1411 2341 affectione
1444 2300 1751 2352 cogitationis,

262 2367 416 2414 verbo,
450 2366 566 2406 sicut
598 2365 948 2406 instrumentale
980 2378 1081 2405 cum
1114 2378 1194 2404 suo
1226 2363 1473 2417 principali,
1507 2363 1563 2403 de
1594 2363 1753 2415 quibus

263 2430 428 2469 dicitur
459 2429 579 2482 quod
616 2441 750 2468 unam
787 2441 882 2468 rem
918 2428 1112 2478 faciant;
1156 2428 1220 2467 ita
1256 2428 1300 2467 in
1333 2426 1501 2466 mundo
1533 2425 1753 2478 spirituali

265 2492 398 2545 quale
424 2498 571 2532 terrae
595 2505 695 2531 cum
723 2491 843 2544 quali
871 2490 1105 2531 ecclesiae.
1168 2490 1242 2530 Ex
1269 2490 1337 2529 his
1364 2496 1575 2530 constare
1597 2494 1753 2541 potest

263 2555 384 2595 unde
417 2561 487 2595 est
521 2555 640 2607 quod
673 2568 751 2607 per
780 2558 988 2594 “terram
1005 2554 1023 2568 '’
1050 2555 1093 2594 in
1120 2553 1276 2593 Verbo
1303 2552 1580 2605 significetur
1605 2551 1751 2592 eccle-

263 2620 340 2666 sia,
370 2624 416 2658 et
442 2617 512 2658 hic
541 2618 660 2670 quod
691 2631 770 2670 per
795 2617 1023 2670 “perdere
1051 2615 1250 2657 terram”
1277 2614 1554 2668 significetur
1579 2615 1753 2655 destru-

262 2695 336 2721 ere
377 2680 642 2721 ecclesiam:
689 2687 737 2720 ut
779 2694 955 2733 quoque
996 2680 1039 2719 in
1081 2679 1372 2732 sequentibus
1411 2676 1750 2730 locis:—Apud

263 2743 466 2792 Esaiam,

331 2848 453 2887 “Num
471 2848 526 2879 hic
544 2848 597 2879 vir
613 2858 845 2879 commovens
863 2854 1005 2885 terram,
1020 2847 1267 2878 tremefaciens
1285 2847 1417 2886 regna?
1440 2846 1557 2886 posuit
1573 2846 1695 2876 orbern
1714 2846 1749 2876 in

438 2892 627 2928 desertum,
649 2893 752 2922 urbes
773 2892 851 2931 ejus
872 2892 1081 2924 destruxit?.
1097 2915 1103 2922 .
1118 2915 1124 2921 .
1141 2898 1284 2922 ‚terram
1311 2898 1406 2921 tuam
1428 2889 1619 2930 perdidisti,
1641 2898 1750 2930 popu-

438 2936 510 2966 lum
529 2941 626 2966 tuum
645 2936 802 2966 occidisti
815 2935 831 2946 '’
850 2935 931 2974 (xiv.
953 2935 1000 2972 16,
1022 2943 1070 2972 17,
1089 2934 1161 2972 20):
