1962 3334
292 247 399 300 1834
700 255 1033 288 APOCALYPSIS
1064 255 1364 288 EXPLICATA.

353 370 514 411 Angelus
534 369 681 401 Domini
700 370 797 402 visus
815 375 869 401 est
887 370 1010 402 sedere
1029 380 1135 411 super
1148 370 1264 411 lapide
1282 380 1386 412 quem
1403 370 1610 403 devolverat
1625 372 1670 403 ab
1686 371 1780 403 ostio

463 414 687 445 monumenti
707 414 851 454 (Mattlz.
869 414 990 446 xxviii.
1009 414 1061 455 2);

289 502 335 538 et
362 497 464 538 ideo

354 572 486 613 Angeli
511 573 546 603 in
572 580 808 604 monumento
832 573 910 611 visi,
929 573 1102 605 sedebant
1118 583 1211 605 unus
1236 583 1257 604 a
1281 573 1395 613 capite
1420 579 1454 604 et
1478 573 1568 604 alter
1587 583 1608 604 a
1631 572 1780 613 pedibus

462 616 560 658 (Joh.
578 627 635 648 xx.
656 625 694 647 12
711 626 718 655 ;
742 618 854 648 Marc.
872 617 942 648 xvi.
962 619 1014 657 5):

288 707 366 748 illa
406 708 501 748 visa
536 715 665 749 erant
702 709 1091 762 repraesentativa
1123 708 1465 762 glorificationis
1498 708 1695 757 Domini,
1728 722 1779 750 ac

288 772 632 812 intromissionis
658 773 701 812 in
728 772 902 813 caelum
929 772 986 813 ab
1013 772 1145 825 Ipso;
1179 785 1283 812 nam
1310 785 1388 824 per
1413 771 1780 825 “lapidem,''*qui

290 835 464 887 positus
489 835 568 875 fuit
594 842 701 875 ante
728 835 1028 887 sepulchrum,
1058 842 1104 875 et
1137 836 1209 888 qui
1236 834 1478 875 devolutus
1510 834 1567 875 ab
1598 835 1779 887 angelo,

289 897 564 950 significatur
596 898 807 938 Divinum
840 898 1025 947 Verum,
1054 899 1118 939 ita
1150 898 1367 947 Verbum,
1397 898 1516 951 quod
1549 897 1781 938 occlusum

288 958 371 999 suit
401 973 426 999 a
454 959 653 1011 Judaeis‚
681 959 762 1000 sed
793 966 1003 1012 apertum
1035 973 1061 999 a
1093 959 1322 1008 Domin0;
1355 970 1458 1007 (quod
1478 967 1784 1007 “lapis''signifieet

288 1023 420 1056 Verum,
437 1028 468 1051 et
487 1023 518 1051 in
538 1032 688 1060 supremo
708 1032 804 1052 sensu
825 1023 976 1052 Divinum
998 1024 1131 1057 Verum,
1145 1023 1290 1052 videatur
1310 1021 1450 1060 [¹]supra,
1464 1032 1495 1052 n.
1515 1022 1673 1064 417[a];
1693 1032 1732 1052 ac
1750 1023 1783 1051 in

289 1085 386 1113 opere
407 1077 457 1105 De
480 1077 569 1105 Caelo
592 1080 622 1105 et
639 1077 775 1115 Inferna,
797 1085 828 1106 n.
855 1077 948 1115 534;)
994 1072 1040 1106 et
1079 1066 1183 1119 qula
1224 1079 1304 1118 per
1343 1064 1706 1118 “sepulchrum''
1737 1065 1782 1106 in

290 1140 423 1167 sensu
454 1127 671 1179 spirituali
698 1126 976 1180 significatur
1007 1125 1273 1167 resurreetio
1306 1133 1351 1167 et
1385 1140 1562 1180 quoque
1593 1139 1782 1179 regene-

290 1189 418 1238 ratio,
452 1203 503 1230 ac
536 1191 788 1230 eminenter
819 1203 898 1243 per
933 1189 1256 1243 “sepulchrum
1297 1189 1369 1229 ubi
1412 1189 1632 1230 Dominus
1663 1189 1783 1239 suit,”

291 1258 338 1293 et
375 1265 453 1305 per
487 1252 743 1306 “angelos'’
775 1253 819 1293 in
851 1252 1007 1293 Verbo
1044 1251 1320 1305 significatur
1353 1252 1563 1292 Divinum
1595 1252 1781 1302 Verum,

291 1315 393 1356 ideo
415 1316 496 1356 visi
522 1323 625 1356 sunt
652 1316 817 1369 angeli,
843 1329 955 1356 unus
977 1315 1141 1356 sedens
1167 1329 1192 1355 a
1217 1316 1366 1367 capite
1393 1321 1438 1355 et
1465 1315 1580 1356 alter
1606 1329 1630 1356 a
1657 1316 1782 1368 pedi-

291 1378 402 1429 bus;
444 1392 495 1420 ac
534 1392 612 1432 per
645 1379 898 1432 “angelum
931 1393 957 1419 a
989 1378 1169 1432 capite”
1201 1379 1538 1432 significabatur
1570 1379 1783 1419 Divinum

292 1442 463 1482 Verum
481 1443 524 1482 in
543 1443 708 1495 primis,
728 1456 779 1483 ac
804 1455 882 1495 per
903 1442 1153 1495 “angelum
1176 1455 1202 1481 a
1223 1441 1440 1495 pedibus’'
1459 1441 1670 1482 Divinum
1690 1442 1783 1483 Ve-

292 1518 388 1545 rum
414 1506 458 1545 in
485 1505 667 1554 ultimis,
693 1511 929 1559 utrumque
957 1505 1206 1558 procedens
1232 1519 1258 1545 a
1284 1505 1508 1555 Domino;
1543 1518 1621 1557 per
1647 1505 1783 1559 quod,

293 1566 400 1606 dum
443 1567 674 1619 recipitur,
715 1566 764 1607 fit
803 1567 1099 1619 regeneratio
1138 1572 1184 1607 et
1224 1572 1294 1606 est
1331 1565 1615 1606 resurrectio.
1675 1577 1787 1615 (Quod

293 1627 310 1638 ⁴⁴
322 1630 477 1668 sepeliri‚''
496 1627 512 1638 ¹⁴
525 1630 716 1667 sepultura''
731 1635 762 1659 et
778 1627 1012 1668 “sepulchrum
1025 1630 1041 1639 ''
1058 1630 1214 1667 significet
1233 1630 1506 1667 regenerationem
1526 1639 1563 1659 ac
1585 1630 1788 1659 resurreetio-

293 1692 377 1717 nem,
393 1684 538 1712 videatur
556 1693 662 1721 supra,
679 1693 709 1713 n.
730 1673 834 1725 6593
860 1685 949 1720 quod
970 1680 987 1691 ‘¹
999 1684 1104 1721 angeli
1117 1683 1133 1692 ''
1151 1683 1182 1711 in
1202 1691 1353 1720 supremo
1368 1692 1463 1711 sensu
1478 1683 1655 1720 significent
1676 1684 1788 1712 Domi-

293 1746 371 1766 num
395 1738 504 1774 quoad
528 1737 680 1766 Divinum
701 1738 833 1771 Verum,
854 1746 892 1765 ac
915 1737 947 1765 in
970 1746 1066 1765 sensu
1089 1736 1268 1774 respec‘tivo
1292 1736 1480 1773 recipientes
1504 1737 1611 1765 Divini
1634 1737 1720 1771 Veri,
1741 1737 1785 1766 ita

293 1790 453 1819 abstraote
483 1790 599 1819 Divina
621 1799 696 1819 vera
719 1799 738 1819 a
762 1790 915 1824 Domino,
939 1799 1045 1827 supra,
1070 1799 1101 1819 n.
1132 1789 1221 1830 130,
1248 1789 1342 1823 200,
1371 1789 1478 1830 302.)
1541 1778 1787 1819 Praeterea

295 1842 432 1882 etiam
459 1841 624 1894 legitur
657 1841 777 1894 quod
807 1841 1046 1881 “sederint
1079 1854 1230 1881 coram
1261 1840 1505 1893 Jehovah,”
1531 1840 1712 1893 quando
1742 1841 1786 1881 in

296 1917 463 1958 magno
495 1904 660 1956 gaudio
692 1904 899 1954 fuerunt;
937 1910 1034 1944 tum
1066 1904 1203 1944 etiam
1236 1903 1355 1956 quod
1386 1903 1655 1944 “sederint''
1687 1916 1788 1944 cum

295 1968 530 2020 inssmagno
554 1966 689 2016 luftu,
715 1982 773 2008 ex
798 1981 933 2008 causa
955 1960 1057 2020 quia
1078 1966 1272 2007 “sedere
1285 1966 1304 1980 ‘’
1322 1965 1498 2019 spectat
1521 1980 1620 2007 esse
1643 1966 1787 2008 homi-

297 2031 377 2080 nis,
405 2031 525 2084 quod
552 2037 621 2071 est
647 2030 897 2071 voluntatis
925 2036 971 2070 et
998 2030 1162 2070 amoris
1189 2029 1294 2082 ejus.

362 2126 466 2168 Quod
491 2126 654 2158 fleverint
680 2132 716 2157 et
739 2126 897 2157 sederint
913 2135 1033 2157 coram
1053 2124 1216 2167 Jehovah
1234 2125 1395 2156 videatur
1414 2124 1533 2166 Judz'c.
1551 2134 1609 2157 xx.
1627 2125 1690 2164 26;
1713 2134 1790 2166 cap.

470 2180 539 2202 xm.
558 2178 587 2202 2.

376 2273 513 2315 688.
530 2272 803 2313 “Ceciderunt
813 2285 939 2324 supet·
953 2271 1087 2312 factes
1100 2283 1216 2317 suas,
1229 2274 1271 2310 et
1283 2270 1561 2310 adoraverunt
1570 2270 1793 2310 Beum.''—

298 2334 433 2387 Quod
456 2334 680 2387 significet
695 2334 998 2374 adorationem
1015 2332 1199 2373 Domini
1210 2333 1336 2385 apud
1348 2332 1450 2372 illos
1472 2346 1527 2372 ex
1546 2331 1792 2372 humillimo

296 2398 434 2446 corde,
460 2404 642 2438 constat
666 2411 724 2437 ex
749 2396 1078 2449 significatione
1103 2396 1302 2436 “cadere
1326 2409 1458 2448 super
1475 2394 1647 2443 facies,”
1665 2394 1786 2448 quod

297 2462 355 2501 sit
387 2474 561 2501 summa
587 2460 838 2500 humiliatio
865 2459 1027 2507 cordis,
1057 2472 1161 2499 nam
1193 2465 1263 2499 est
1296 2466 1452 2511 gestus
1479 2458 1678 2510 corporis
1710 2458 1789 2498 hu-

298 2523 535 2564 miliationi
559 2523 707 2563 cordis
725 2522 1098 2574 correspondens,
1119 2522 1181 2561 ita
1202 2529 1359 2574 gestus
1378 2520 1791 2573 repraesentativus

298 2585 620 2627 humiliationis
647 2586 787 2626 totius
820 2585 1039 2635 hominis;
1077 2584 1286 2624 adoratio
1319 2584 1403 2624 Dei
1435 2590 1542 2624 tunc
1576 2589 1646 2624 est
1677 2597 1791 2636 quae

299 2664 358 2691 ex
386 2649 523 2689 corde
557 2649 634 2688 illo
661 2648 854 2701 profluit,
889 2662 1002 2701 quae
1034 2647 1155 2687 varia
1186 2653 1255 2687 est
1288 2647 1534 2687 secundum
1566 2644 1791 2699 objectum

299 2713 360 2753 rei
388 2712 507 2765 quod
535 2718 685 2751 versat
708 2712 920 2751 animum.
982 2709 1116 2762 Quod
1143 2710 1303 2750 cadere
1327 2723 1458 2762 super
1480 2709 1615 2750 facies
1637 2721 1790 2749 coram

301 2775 401 2816 Deo
427 2775 484 2815 sit
511 2780 668 2826 gestus
695 2773 1106 2825 repraesentativus
1131 2785 1332 2812 summae
1358 2771 1695 2820 humiliationis,
1720 2777 1790 2811 est

301 2839 402 2891 quia
428 2837 562 2878 facies
588 2843 657 2877 est
683 2836 826 2876 forma
851 2833 1136 2876 affectionum
1162 2835 1370 2882 hominis,
1395 2833 1583 2886 proinde
1606 2833 1790 2873 interio-

301 2914 396 2942 rum
428 2914 541 2954 quae
569 2906 671 2940 sunt
699 2899 864 2940 mentis
890 2905 935 2939 et
968 2899 1102 2939 animi
1128 2897 1235 2951 ejus,
1264 2895 1523 2938 affectiones
1549 2897 1668 2937 enim
1694 2895 1789 2937 elu-
