1962 3334
622 242 730 275 cAP.
753 241 836 282 XL,
859 241 999 274 VERs.
1020 241 1168 273 2.--N.
1189 231 1286 285 632.
1591 232 1695 288 1625

211 358 334 400 illud.
393 358 546 399 Etiam
570 358 616 399 in
631 356 810 398 mundo
831 355 1050 410 spirituali
1075 361 1296 409 apparent
1321 354 1398 404 illi,
1427 355 1501 408 qui
1527 361 1698 407 negant

211 428 259 464 et
281 427 582 463 contemnunt
612 434 720 461 vera
749 419 863 461 caeli
893 426 941 460 et
971 419 1205 468 ecclesiae,
1232 418 1310 459 illa
1340 418 1508 472 plantis
1533 418 1698 470 pedum

210 484 502 535 conculcare;
543 491 591 525 et
626 484 726 532 hoc,
758 489 808 524 ut
843 496 952 524 mox
972 480 1160 523 ‘dietum
1196 488 1281 531 est,
1312 482 1423 536 ‚quia
1456 488 1699 523 externum

210 547 416 589 sensuale
441 547 634 588 hominis
659 546 984 598 correspondet
1010 545 1179 598 plantis
1204 545 1384 603 pedum,
1409 558 1488 598 per
1512 558 1624 598 quas
1650 543 1699 584 fit

209 610 507 652 conculcatio.
567 609 742 651 Dicitur
762 609 882 663 quod
905 615 1148 650 externum
1169 608 1376 649 sensuale
1399 608 1592 649 hominis
1613 608 1699 648 hoc

209 673 358 722 faeiat,
389 673 470 714 sed
501 672 645 713 solum
676 671 884 713 sensuale
915 672 1035 724 apud
1070 671 1173 712 illos
1203 672 1278 725 qui
1315 684 1437 712 mere
1469 670 1700 711 sensuales

209 741 330 784 sunt,
355 736 429 789 qui
453 742 558 776 sunt
588 735 662 788 qui
688 741 860 788 negant
885 748 992 775 vera
1022 734 1136 775 caeli
1166 740 1214 774 et
1239 733 1472 782 ecclesiae,
1499 740 1596 774 tum
1626 734 1700 787 qui

210 811 302 839 non
337 798 527 839 credunt
563 798 729 852 aliquid
766 799 849 838 nisi
884 797 1004 852 quod
1041 796 1182 838 oculis
1218 797 1376 838 vident
1411 803 1459 838 et
1496 797 1701 837 manibus

210 868 419 915 tangunt.
481 861 542 902 Hi
567 869 671 902 sunt
695 862 751 902 de
776 856 933 915 quibus
959 861 1122 901 dicitur
1147 860 1491 910 “conculcare,”
1517 866 1563 901 et
1588 874 1699 914 quo-

209 938 295 978 que
320 924 366 965 in
390 925 681 978 sequentibus
706 924 818 965 locis
834 923 1043 977 z—Apud
1069 923 1248 972 Lucam,

277 1020 446 1052 “Cadent
469 1031 531 1052 ore
555 1020 678 1061 gladii,
704 1027 741 1052 et
763 1021 1041 1061 captivabuntur
1063 1021 1157 1052 inter
1184 1030 1312 1052 omnes
1335 1026 1473 1062 gentes,
1498 1027 1533 1052 et
1556 1020 1702 1052 tandem

385 1064 643 1105 Hierosolyma
666 1065 733 1096 erit
752 1065 959 1096 conculcata
981 1074 1003 1096 a
1021 1065 1199 1105 gentibus,
1219 1074 1331 1105 usque
1355 1065 1439 1096 dum
1460 1065 1701 1105 implebuntur

383 1114 547 1149 tempora
562 1108 722 1148 gentium
733 1107 752 1120 '⁹
768 1108 851 1148 (xxi.
869 1109 944 1147 24):

210 1202 322 1244 haec
353 1202 514 1244 similia
543 1202 799 1256 significant
831 1216 933 1244 cum
969 1202 1056 1244 illis
1092 1217 1206 1257 quae
1250 1204 1295 1244 in
1326 1203 1605 1257 Apocalypsi
1629 1204 1700 1245 hic

209 1265 510 1319 explicantur,
538 1279 701 1319 nempe
733 1266 853 1319 quod
881 1266 1083 1326 “atrium
1116 1267 1272 1307 datum
1304 1268 1363 1307 sit
1394 1267 1622 1320 gentibus,
1654 1274 1701 1308 et

209 1328 440 1369 civitatem
489 1327 692 1369 sanaam
742 1328 1073 1370 conculcabunt
1123 1330 1352 1370 mensibus
1400 1330 1703 1384 quadraginta

208 1390 433 1441 duobus;”
473 1404 577 1431 nam
614 1404 693 1444 per
727 1392 847 1445 quod
880 1391 1085 1433 “cadent
1117 1406 1192 1432 ore
1225 1392 1395 1445 gladii'’
1426 1392 1703 1446 significatur

208 1453 328 1507 quod
353 1454 535 1506 perituri
561 1467 640 1507 per
665 1454 804 1504 falsa;
835 1455 956 1508 quod
985 1451 1374 1507 “captivabuntur
1399 1456 1517 1496 inter
1543 1469 1702 1496 omnes

209 1515 401 1568 gentes''
432 1516 655 1569 significat
694 1517 814 1570 quod
851 1517 971 1558 mala
1001 1517 1332 1571 depraedatura
1362 1518 1483 1559 bona
1518 1525 1564 1559 et
1596 1533 1703 1560 vera

208 1578 453 1629 ecclesiae;
490 1579 611 1633 quod
644 1580 1004 1633 “Hierosolyma
1035 1582 1119 1622 erit
1151 1581 1452 1622 conculcata’'
1476 1581 1702 1635 significat

210 1642 331 1695 quod
352 1641 543 1683 ecclesia
564 1643 711 1696 quoad
738 1641 989 1684 doctrinam
1016 1643 1287 1692 destruetur,
1313 1644 1702 1697 “Hierosolyma”

209 1705 328 1746 enim
359 1705 584 1758 significat
616 1705 853 1746 ecclesiam
888 1707 1037 1760 quoad
1074 1705 1356 1758 doctrinam;
1398 1709 1519 1762 quod
1554 1713 1701 1749 “con—

209 1767 388 1809 culcata
418 1769 503 1809 erit
534 1782 560 1808 a
591 1769 802 1821 gentibus
815 1769 835 1784 ’'
865 1769 1089 1822 significat
1122 1770 1314 1811 totalem
1347 1769 1701 1812 destructionem

207 1829 301 1884 eJus
325 1845 353 1872 a
383 1831 511 1871 malis
542 1833 663 1872 vitae
694 1838 741 1872 et
773 1846 799 1872 a
829 1831 951 1872 falsis
977 1831 1238 1884 dostrinae;
1278 1837 1454 1888 “usque
1486 1835 1591 1875 dum
1617 1835 1700 1875 im·

209 1892 451 1946 plebuntur
481 1900 688 1947 tempora
717 1895 922 1947 gentium
934 1895 954 1910 ’'
985 1895 1209 1948 significat
1243 1897 1349 1937 dum
1386 1896 1555 1937 malum
1592 1910 1701 1938 con-

207 1961 487 1995 summatum
522 1961 594 1995 est
639 1966 694 2002 (de
717 1975 783 2003 quo
805 1975 910 2004 supra,
934 1975 966 1996 n.
989 1955 1169 2007 624[a]):
1214 1957 1328 1998 haec
1363 1959 1701 1999 consummatio

208 2016 345 2056 etiam
386 2016 664 2070 significatur
704 2030 783 2070 per
823 2021 1042 2059 “menses
1079 2019 1382 2072 quadraginta
1421 2020 1534 2060 duos
1551 2020 1585 2060 :’'
1625 2019 1703 2060 illa

195 2091 383 2136 vquoque
409 2093 435 2119 a
461 2079 659 2120 Domino
684 2080 740 2120 de
765 2086 971 2134 tempore
993 2082 1200 2134 proxime
1226 2089 1333 2123 ante
1359 2082 1565 2123 ultimum
1587 2083 1702 2136 judi-

207 2141 323 2244 Zum
349 2140 470 2183 di&a
492 2149 612 2191 sunt,
636 2143 750 2184 sicut
777 2142 889 2184 haec
915 2144 960 2184 in
982 2143 1273 2198 Apocalypsi.
1333 2145 1472 2199 Apud
1493 2145 1700 2187 Ezechie-

250 2217 307 2253 mv

274 2291 400 2325 “Num
425 2303 550 2334 pamm
571 2295 702 2327 vobis?
729 2305 900 2335 pascuum
925 2297 1059 2327 bonum
1079 2297 1283 2337 depascitis,
1303 2304 1338 2329 et
1358 2298 1533 2339 reliquum
1554 2309 1702 2339 pascuo-

382 2347 459 2368 rum
478 2344 680 2370 vestrorum
698 2340 914 2371 conculcatis
931 2340 1080 2380 pedibus
1096 2341 1225 2372 vestris
1241 2351 1248 2377 ;
1273 2341 1511 2373 sedimentum
1529 2352 1701 2384 aquarum

381 2381 512 2419 bibitis,
531 2382 684 2422 reliquas
702 2383 851 2422 pedibus
869 2383 999 2414 vestris
1019 2384 1190 2416 turbatis:
1215 2392 1251 2416 et
1270 2385 1321 2416 sic
1340 2395 1427 2425 grex
1443 2396 1544 2417 meus
1561 2387 1702 2418 concul-

384 2430 502 2456 catum
527 2426 656 2464 pedum
678 2433 877 2457 vestrorum
903 2433 1063 2467 pascunt,
1084 2433 1120 2458 et
1143 2429 1323 2460 turbatum
1347 2429 1478 2470 pedum
1498 2438 1700 2462 vestrorum

382 2467 539 2499 bibunt”
555 2468 685 2508 (xxxiv.
706 2470 755 2506 18,
776 2470 847 2510 19):

210 2574 290 2615 per
311 2564 563 2615 “pascuum
588 2563 757 2604 bonum
773 2563 793 2579 ”
814 2563 1092 2618 significatur
1113 2579 1247 2607 omne
1268 2568 1389 2620 quod
1411 2569 1702 2621 spiritualiter

210 2625 364 2673 nutrit,
387 2625 602 2678 imprimis
627 2626 845 2675 Verbum,
868 2634 914 2668 et
940 2628 1043 2668 inde
1070 2630 1356 2682 cognitiones
1378 2632 1469 2672 veri
1495 2639 1541 2672 et
1568 2632 1698 2673 boni:

211 2687 491 2741 “depascere
517 2688 640 2737 illud,
668 2696 714 2730 et
740 2689 959 2743 reliquum
986 2691 1173 2744 pedibus
1198 2693 1504 2742 conculcare,”
1529 2694 1699 2747 signifi-

211 2755 286 2790 cat
316 2749 563 2802 deperdere
595 2758 642 2792 ut
679 2765 768 2793 non
805 2760 1035 2805 appareat,
1068 2761 1115 2795 et
1151 2755 1381 2797 destruere
1418 2764 1467 2797 ut
1503 2771 1593 2798 non
1625 2759 1697 2803 sit,

210 2812 329 2864 quod
365 2812 414 2854 fit
451 2826 530 2866 per
564 2815 933 2856 ratiocinationes
973 2830 1032 2856 ex
1064 2818 1259 2858 sensuali
1291 2832 1523 2872 corporeo,
1556 2827 1601 2860 et
1638 2834 1697 2860 ex

212 2875 402 2916 naturali
423 2875 602 2918 homine
621 2885 830 2930 separato
851 2892 878 2919 a
898 2879 1115 2932 spirituali
1132 2894 1143 2931 ;
1174 2881 1260 2922 hoc
1284 2882 1434 2936 itaque
1457 2890 1527 2924 est
1548 2887 1572 2903 “
1588 2896 1697 2924 con-
