1962 3334
607 284 714 316 CAP.
737 284 820 325 1x.,
842 284 980 317 VERS.
1003 285 1148 316 2.—N.
1174 284 1193 328 5
1201 275 1339 330 38[a].
1610 288 1718 331 1337

235 403 320 445 est,
347 395 459 437 falsa
485 396 603 436 enim
629 401 734 437 sunt
765 396 954 449 plurium
981 410 1210 449 generum,
1238 403 1348 450 quot
1381 410 1544 450 nempe
1570 397 1714 447 mala;

232 459 343 500 falsa
374 473 432 500 ex
463 459 674 512 gravibus
701 458 831 499 malis
863 465 1082 512 apparent
1110 473 1241 512 super
1271 459 1451 500 infernis
1483 459 1569 500 illis
1600 461 1715 501 sicut

223 535 373 575 aquae
395 535 573 562 crassae
599 527 646 562 et
673 522 840 574 nigrae,
866 534 917 562 ac
944 521 1056 562 falsa
1082 536 1140 562 ex
1167 521 1296 562 malis
1323 523 1486 562 amoris
1509 523 1574 562 sui
1602 523 1716 564 sicut

230 597 373 637 aquae
395 584 579 633 rubrae;
611 597 670 623 ex
697 584 991 624 crassitudine
1018 590 1065 624 et
1092 584 1244 625 colore
1266 590 1454 637 apparet
1480 584 1612 638 quale
1634 598 1714 638 ge-

230 659 312 686 nus
338 645 437 686 salsi
468 652 551 686 est.
613 645 880 686 Tenendum
906 646 1025 699 quod
1057 647 1102 686 in
1133 647 1301 687 mundo
1327 647 1546 700 spirituali
1577 648 1714 688 etiam

230 723 335 754 vera
353 714 599 762 appareant
615 709 729 749 sicut
747 722 904 762 aquae,
926 710 1005 750 sed
1024 710 1139 750 sicut
1158 723 1300 763 aquae
1318 715 1478 750 tenues
1496 717 1542 750 et
1566 724 1714 763 purae.

231 770 379 812 Causa
409 777 478 811 est
510 771 612 824 quia
637 777 729 812 tres
754 771 920 824 gradus
945 773 1067 812 vitae
1099 772 1294 812 hominis
1326 779 1445 820 sunt,
1473 773 1588 813 sicut
1621 778 1714 813 tres

229 833 356 874 caeli.
418 833 488 874 Illi
511 834 668 887 quibus
691 835 851 875 tertius
874 835 1039 887 gradus
1060 842 1243 887 apertus
1267 841 1350 881 est,
1372 842 1475 876 sunt
1498 836 1541 875 in
1564 842 1712 876 atmo-

229 896 420 949 sphaera
445 910 553 949 pura
579 897 694 937 sicut
720 897 960 948 aetherea3
998 898 1043 938 in
1074 898 1155 938 tali
1180 905 1285 938 sunt
1311 898 1374 938 illi
1400 899 1473 951 qui
1504 899 1548 938 in
1575 900 1713 939 tertio

228 971 306 998 seu
336 959 495 998 intimo
527 958 657 999 caelo
688 966 818 999 sunt:
857 959 920 1000 illi
952 966 1104 1000 autem
1136 961 1294 1013 quibus
1326 961 1463 1001 modo
1489 962 1714 1001 secundus

219 1021 394 1073 gradus
425 1027 605 1073 apertus
637 1028 721 1069 est,
754 1028 859 1062 sunt
897 1023 941 1062 in
973 1022 1294 1076 atmosphaera
1325 1024 1439 1064 sicut
1471 1037 1628 1073 aerea;
1666 1024 1710 1063 in

228 1082 309 1122 tali
340 1089 444 1123 sunt
475 1083 538 1123 illi
565 1084 637 1136 qui
668 1084 712 1123 in
739 1085 938 1125 secundo
966 1099 1043 1125 seu
1070 1085 1220 1125 medio
1246 1085 1374 1126 caelo
1400 1092 1529 1126 sunt:
1569 1092 1616 1126 at
1648 1086 1712 1126 illi

227 1145 384 1198 quibus
399 1146 535 1186 modo
550 1147 715 1199 primus
729 1147 895 1199 gradus
910 1154 1092 1200 apertus
1106 1154 1190 1196 est,
1208 1154 1311 1188 sunt
1331 1149 1373 1188 in
1390 1147 1712 1202 atmosphaera

228 1208 343 1248 sicut
365 1221 520 1261 aquea,
542 1210 664 1249 tenui
682 1215 728 1249 et
752 1223 861 1262 pura
881 1224 889 1260 ;
922 1211 966 1250 in
990 1210 1070 1250 tali
1093 1217 1197 1251 sunt
1220 1210 1283 1250 illi
1306 1212 1379 1264 qui
1401 1212 1444 1251 in
1468 1212 1611 1264 primo
1633 1226 1711 1253 seu

226 1270 385 1311 ultimo
411 1271 538 1311 caelo
565 1278 682 1312 sunt.
745 1272 892 1313 Causa
924 1279 994 1325 est
1027 1274 1128 1326 quia
1160 1275 1475 1327 perceptiones
1508 1282 1553 1316 et
1585 1276 1710 1328 cogi-

228 1333 425 1373 tationes
456 1334 703 1383 interiores,
731 1336 833 1388 quia
864 1334 1168 1388 perfectiores,
1194 1338 1552 1390 correspondent
1579 1338 1711 1379 simili

227 1396 410 1448 puritati
436 1397 783 1450 atmosphaerae
815 1399 858 1437 in
885 1398 1004 1451 quali
1035 1398 1138 1439 illae
1164 1406 1295 1450 sunt;
1333 1399 1566 1441 effundunt
1591 1402 1710 1442 enim

228 1472 277 1498 se
307 1458 364 1498 ab
396 1461 643 1512 unoquovis
669 1460 849 1512 angelo,
878 1467 924 1501 et
956 1462 1100 1514 magis
1132 1462 1189 1502 ab
1217 1463 1462 1516 unaquavis
1490 1464 1710 1505 societate

227 1520 448 1574 angelica,
495 1529 541 1562 et
590 1523 755 1563 sistunt
805 1523 1043 1576 sphaeram
1096 1518 1543 1578 correspondente'm‚
1594 1541 1708 1580 quae

226 1582 416 1635 sphaera
434 1591 621 1637 apparet
644 1586 688 1625 in
711 1585 842 1626 simili
865 1587 1060 1639 puritate
1083 1587 1126 1627 in
1149 1601 1236 1640 qua
1258 1594 1363 1628 sunt
1387 1590 1704 1642 perceptiones

226 1651 272 1685 et
299 1647 603 1698 cogitationes
629 1647 908 1700 angelorum,
937 1663 1015 1689 seu
1046 1650 1088 1689 in
1121 1664 1208 1703 qua
1234 1657 1304 1698 est
1331 1651 1635 1704 intelligentia
1661 1660 1706 1692 et

225 1709 446 1761 sapientia
468 1709 671 1760 illorum;
704 1711 896 1763 sphaera
917 1711 994 1751 illa
1017 1719 1206 1765 apparet
1233 1714 1348 1753 sicut
1372 1715 1707 1767 atmosphaera,

224 1771 339 1811 sicut
370 1772 692 1825 atmosphaera
723 1773 938 1814 aetherea
975 1775 1020 1814 in
1057 1776 1218 1815 intimo
1249 1776 1393 1822 caelo,
1427 1778 1542 1817 sicut
1575 1791 1707 1819 aerea

223 1833 267 1872 in
299 1834 446 1874 medio
473 1833 614 1883 caelo,
643 1841 689 1875 et
721 1836 835 1876 sicut
868 1838 1015 1876 tenuis
1042 1851 1185 1890 aquea
1217 1838 1261 1878 in
1293 1838 1454 1879 ultimo
1487 1840 1628 1888 caelo,
1657 1850 1705 1882 ut

223 1893 390 1936 dictum
429 1903 512 1936 est.
575 1897 686 1937 Inde
726 1905 855 1951 patet
893 1900 1012 1952 quod
1050 1900 1371 1953 atmosphaera
1408 1903 1524 1943 sicut
1566 1917 1708 1957 aquea

223 1959 575 2011 correspondeat
595 1960 863 2012 cogitationi
881 1968 926 2001 et
945 1963 1223 2015 perceptioni
1242 1963 1434 2004 naturali
1452 1978 1461 2014 3
1492 1965 1572 2005 sed
1591 1967 1706 2007 sicut

222 2021 368 2060 tenuis
399 2035 555 2074 aquea,
585 2023 852 2075 cogitationi
884 2031 930 2064 et
963 2026 1243 2078 perceptioni
1269 2027 1487 2079 spirituali
1514 2029 1706 2070 naturali

221 2083 264 2122 in
298 2097 385 2136 qua
426 2091 529 2124 sunt
565 2085 716 2138 angeli
753 2086 898 2126 ultimi
934 2087 1075 2137 caeli;
1122 2095 1170 2128 at
1207 2089 1322 2129 sicut
1361 2102 1509 2131 crasse
1547 2105 1704 2144 aquea,

220 2158 412 2198 vergens
437 2146 510 2187 vel
536 2147 592 2187 ad
620 2148 795 2200 nigrum
822 2149 893 2189 vel
920 2150 976 2189 ad
1002 2151 1196 2197 rubrum.
1225 2153 1551 2205 correspondet
1579 2156 1703 2207 cogi-

220 2208 382 2248 tationi
408 2209 598 2249 naturali
636 2211 678 2250 in
716 2224 802 2263 qua
843 2212 951 2252 nihil
988 2213 1220 2265 spirituale
1258 2221 1352 2255 est:
1398 2222 1443 2255 et
1483 2218 1704 2269 cogitatio

222 2270 437 2311 naturalis
464 2272 506 2311 in
530 2286 617 2325 qua
639 2273 747 2313 nihil
772 2274 1015 2327 spirituale,
1034 2282 1103 2316 est
1126 2276 1212 2316 illis
1235 2278 1308 2330 qui
1331 2285 1435 2318 sunt
1458 2279 1502 2318 in
1523 2279 1704 2320 infernis

220 2332 292 2372 ubi
318 2332 428 2373 falsa
445 2341 639 2387 regnant
661 2350 669 2386 ;
703 2349 806 2376 nam
829 2350 986 2378 omnes
1009 2339 1082 2391 qui
1103 2339 1162 2378 ibi
1184 2346 1303 2388 sunt,
1329 2353 1449 2381 mere
1474 2342 1702 2383 naturales

219 2398 266 2433 et
291 2394 523 2435 Sensuales
555 2403 674 2436 sunt.
734 2407 846 2445 (Quod
861 2413 922 2437 tres
941 2410 1059 2446 gradus
1073 2410 1155 2439 vitae
1169 2411 1291 2439 homini
1306 2412 1377 2446 sint,
1390 2413 1471 2441 sicut
1487 2418 1549 2442 tres
1569 2414 1657 2448 caeli,
1674 2420 1705 2442 et

218 2457 306 2492 quod
317 2457 461 2486 differant
473 2459 617 2495 puritate,
627 2460 772 2489 videatur
783 2461 813 2489 in
827 2470 923 2498 opere
937 2463 986 2490 De
1002 2463 1092 2491 Caelo
1104 2466 1134 2491 ct
1145 2464 1279 2502 Inferna,
1291 2473 1321 2493 n.
1335 2474 1383 2502 33,
1398 2474 1446 2502 34,
1458 2468 1526 2500 208,
1538 2475 1606 2503 209.
1618 2469 1702 2504 211.)

210 2507 293 2547 ἘΧ
316 2507 384 2547 his
402 2515 611 2550 constare
634 2518 803 2563 potest,
823 2512 940 2552 unde
960 2519 1029 2553 est
1052 2515 1171 2566 quod
1193 2514 1270 2555 illa
1291 2516 1461 2556 inferna
1484 2517 1527 2557 in
1546 2516 1701 2558 Verbo

218 2569 424 2610 dicantur
452 2573 659 2613 “maria'’
684 2580 730 2614 et
760 2575 948 2626 “abyssi
965 2575 1000 2624 ;'’
1039 2577 1246 2617 “maria”
1273 2579 1374 2631 quia
1399 2586 1619 2632 apparent
1651 2588 1699 2620 ut

221 2633 371 2680 maria,
411 2640 457 2674 et
498 2635 687 2687 “abyssi
700 2637 719 2651 '’
755 2651 813 2677 ex
851 2638 1158 2690 profunditate
1195 2639 1386 2681 illorum.
1448 2641 1582 2694 Quod
1624 2657 1702 2696 per

221 2698 246 2713 ‘⁶
260 2695 436 2743 maria‚”
452 2700 478 2716 “
491 2698 818 2750 profunditates
830 2699 849 2715 '’
865 2707 910 2740 et
931 2704 956 2720 ‘⁴
968 2701 1157 2754 abyssos
1170 2702 1189 2717 ”
1204 2702 1513 2756 significentur
1530 2705 1701 2746 inferna

219 2756 291 2796 ubi
314 2764 359 2798 et
382 2759 498 2799 unde
520 2760 631 2801 falsa
650 2762 754 2801 mali
777 2768 895 2810 sunt,
916 2770 1126 2806 constare
1148 2772 1302 2819 potest
1325 2780 1383 2807 ex
1406 2768 1698 2820 sequentibus

218 2818 327 2859 locis
353 2821 395 2860 in
423 2821 576 2863 Verbo
593 2823 801 2877 :—Apud
827 2825 994 2876 Asosen,
