1962 3334
632 283 740 316 CAP.
761 283 844 324 1x.,
867 283 1005 316 VERS.
1033 283 1202 316 10.—N.
1228 284 1248 327 5
1257 283 1319 328 59.
1438 284 1445 289 ·
1602 279 1717 328 “1409

231 397 365 452 Quod
400 397 638 440 “caudae''
662 397 919 451 significent
951 396 1200 439 scientifica
1230 397 1469 447 sensualia,
1502 403 1714 439 constare

228 467 383 514 potest
409 475 468 502 ex
493 461 784 515 sequentibus
810 460 920 502 locis
938 459 1147 514 :—Apud
1171 459 1374 509 Esaiam,

294 551 314 565 ‘⁸
323 549 517 582 Exscindet
527 550 689 592 Jehovah
702 560 746 581 ex
761 549 894 581 Israele
907 555 1014 590 caput
1026 556 1062 581 et
1078 550 1239 587 caudam,
1253 559 1393 581 ramum
1407 556 1443 581 et
1455 549 1602 589 juncum
1611 574 1619 581 .
1633 574 1642 581 .
1655 574 1662 581 .
1677 574 1685 581 .
1705 559 1712 585 ;

401 603 512 625 senex
530 600 565 625 et
583 594 780 625 honoratus
800 599 908 633 caput
930 591 1033 635 [ille],
1054 594 1230 633 propheta
1246 600 1367 624 autem
1387 591 1515 624 doctor
1533 593 1711 624 mendacii

401 637 514 668 cauda
529 643 586 668 est
604 635 697 678 [ille]
709 636 728 648 ”
740 637 800 676 (ix.
814 645 863 676 13,
881 645 919 675 14
938 635 998 678 [B.
1011 638 1057 668 A.
1077 645 1126 675 14,
1147 634 1237 678 15]):

227 735 307 775 per
331 721 444 763 haec
470 722 740 778 intelligitur
764 722 884 776 quod
913 723 1109 776 peritura
1139 722 1197 763 sit
1230 723 1376 763 omnis
1407 722 1712 776 intelligentia

226 790 274 825 et
311 786 544 838 sapientia,
583 792 630 827 et
665 785 785 839 quod
821 786 968 826 omnis
1002 785 1193 825 scientia
1228 786 1345 826 veri:
1389 799 1468 838 per
1506 785 1712 839 “caput’'

225 847 503 900 significatur
519 847 823 901 intelligentia
844 854 890 889 et
913 848 1161 901 sapientia;
1194 861 1330 901 quare
1347 848 1511 888 dicitur
1529 851 1710 889 “senex

225 916 273 950 et
309 909 557 951 honoratus
589 910 764 964 caput‚”
798 910 1010 951 “senex”
1041 911 1161 950 enim
1193 909 1418 963 significat
1449 910 1710 963 intelligen-

225 972 336 1012 tiam
357 973 464 1021 veri,
488 979 535 1013 et
556 972 842 1014 “honoratus
854 972 873 988 ’⁹
891 973 1161 1026 sapientiam
1184 973 1315 1013 boni:
1350 987 1429 1026 per
1448 977 1474 992 “
1489 973 1680 1014 caudam
1692 972 1712 988 '⁹

224 1040 378 1075 autem
400 1034 676 1088 significatur
697 1034 992 1076 scientificum
1019 1035 1241 1083 sensuale,
1265 1035 1384 1089 quod
1407 1042 1477 1076 est
1503 1035 1710 1076 ultimum

223 1096 555 1150 intelligentiae
586 1104 633 1139 et
664 1098 941 1151 sapientiae;
979 1098 1065 1138 hoc
1092 1098 1273 1151 quando
1305 1111 1396 1138 non
1422 1096 1708 1151 conjunctum

224 1165 295 1200 est
321 1173 422 1200 cum
448 1160 752 1213 intelligentia
773 1160 1004 1213 spirituali,
1030 1158 1080 1200 fit
1112 1160 1409 1201 scientificum
1431 1160 1607 1208 salsum,
1630 1173 1708 1202 seu

223 1221 521 1263 scientificum
547 1223 824 1276 applicatum
856 1223 914 1263 ad
946 1222 1303 1264 confirmandum
1334 1224 1459 1271 salsa,
1487 1224 1608 1277 quod
1639 1230 1710 1264 est

223 1284 520 1325 scientificum
547 1285 769 1334 sensuale,
797 1285 930 1339 quale
961 1292 1032 1326 est
1065 1287 1260 1327 sensuali
1293 1286 1465 1327 homini
1495 1287 1569 1340 qui
1600 1286 1709 1327 nihil

222 1359 283 1386 ex
318 1345 553 1388 intellectu
588 1348 737 1389 videt:
781 1349 884 1389 inde
916 1355 986 1389 est
1023 1350 1142 1402 quod
1178 1349 1440 1403 “propheta
1469 1350 1543 1403 qui
1574 1350 1710 1391 docet

223 1409 539 1450 mendacium”
556 1410 732 1451 dicatur
756 1411 977 1459 “cauda,’'
1000 1426 1079 1465 per
1103 1416 1128 1432 “
1145 1412 1417 1465 prophetam
1430 1412 1449 1427 ‘’
1471 1413 1591 1453 enim
1617 1413 1709 1465 sig-

223 1469 429 1513 nificatur
459 1471 663 1513 doctrina
698 1474 805 1521 veri,
838 1481 885 1515 et
922 1472 1026 1515 inde
1062 1475 1253 1515 scientia
1288 1476 1406 1525 veri;
1451 1475 1522 1516 hic
1555 1482 1707 1516 autem

222 1532 428 1575 doftrina
454 1542 500 1576 et
527 1537 717 1576 scientia
738 1536 851 1585 falsi,
877 1550 980 1577 nam
1002 1538 1357 1578 “mendacium”
1380 1538 1604 1591 significat
1626 1538 1708 1579 fal-

222 1609 335 1645 sum,
350 1604 396 1638 et
411 1602 437 1617 “
450 1597 608 1639 doctor
619 1599 840 1640 mendacii
853 1599 1007 1640 ”illum
1021 1601 1094 1653 qui
1111 1601 1247 1641 docet
1262 1601 1421 1642 falsum
1436 1601 1708 1655 applicando

222 1658 470 1700 scientifica
496 1674 555 1700 ex
581 1674 714 1701 sensu
741 1661 921 1703 litterae
947 1662 1088 1703 Verbi
1114 1663 1171 1703 ad
1198 1663 1555 1704 confirmandum
1581 1664 1706 1705 falsa.

222 1721 361 1774 Apud
387 1723 594 1771 eundem,

288 1811 308 1823 ‘¹
318 1809 349 1841 N
353 1811 478 1894 on(erit
490 1811 656 1892 Ae)gypto
670 1822 760 1852 opus
772 1813 867 1853 quod
879 1813 987 1844 faciat
996 1819 1102 1854 caput
1115 1819 1150 1845 et
1161 1814 1321 1852 caudam,
1332 1824 1470 1846 ramum
1484 1821 1519 1846 et
1532 1814 1678 1856 juncum
1689 1814 1708 1827 ''

410 1864 479 1885 mx.
496 1863 533 1893 15
560 1866 567 1887 :

221 1954 301 1994 per
314 1943 339 1961 ‘⁴
353 1940 621 1995 Aegyptum
633 1942 653 1957 '’
667 1942 944 1996 significatur
954 1944 1144 1985 scientia
1158 1951 1252 1985 tam
1265 1946 1560 1999 spiritualium
1572 1960 1706 2000 quam

221 2003 519 2054 naturalium;
551 2005 671 2058 quod
700 2009 827 2046 “non
854 2007 893 2046 ei
919 2020 1032 2060 opus
1057 2008 1176 2060 quod
1203 2007 1337 2048 saciat
1364 2015 1501 2061 caput
1527 2015 1573 2050 et
1599 2022 1706 2050 cau-

222 2066 358 2107 dam’'
380 2067 605 2120 significat
631 2069 751 2121 quod
778 2082 867 2109 non
890 2069 929 2110 ei
957 2070 1216 2122 spiritualia,
1242 2084 1324 2111 nec
1349 2071 1570 2112 naturalia
1592 2086 1706 2126 quae

221 2128 492 2170 confirmant
524 2131 797 2183 spiritualia;
840 2132 1049 2185 “caput''
1074 2133 1297 2186 significat
1329 2134 1388 2174 ibi
1420 2136 1706 2187 cognitiones

220 2192 515 2244 spiritualium
548 2207 627 2246 per
658 2207 768 2247 quas
795 2194 1113 2247 intelligentia,
1142 2203 1188 2237 et
1217 2197 1432 2237 “cauda”
1459 2197 1706 2239 scientifica

221 2254 444 2295 naturalia
479 2269 592 2309 quae
629 2257 877 2298 inserviunt
915 2258 1217 2310 spiritualibus
1253 2273 1333 2313 pro
1373 2260 1703 2313 intelligentia;

219 2316 380 2357 similia
401 2331 479 2370 per
498 2322 708 2359 “ramum
728 2326 773 2360 et
787 2319 971 2372 juncum
987 2320 1006 2335 ’'
1023 2321 1347 2374 significantur,
1365 2337 1444 2376 per
1463 2323 1705 2364 “ramum'’

218 2392 374 2420 verum
405 2381 650 2434 spirituale,
684 2389 731 2423 et
763 2396 842 2435 per
876 2382 1093 2436 “juncum
1108 2383 1127 2399 '¹
1153 2384 1447 2426 scientificum
1479 2386 1702 2434 sensuale,

219 2442 339 2495 quod
364 2457 517 2483 verum
545 2444 774 2485 ultimum:
816 2445 851 2485 si
878 2446 996 2486 enim
1023 2447 1141 2499 prius
1166 2454 1212 2488 et
1244 2449 1481 2501 posterius,
1510 2463 1588 2490 seu
1614 2450 1703 2503 pri—

219 2517 341 2545 mum
373 2512 419 2546 et
452 2506 673 2556 ultimum,
702 2521 791 2548 non
819 2508 988 2549 faciunt
1015 2523 1149 2550 unum
1175 2511 1294 2564 apud
1321 2511 1566 2561 hominem,
1594 2518 1701 2554 tunc

219 2580 309 2608 non
336 2569 376 2609 ei
403 2576 472 2611 est
501 2574 674 2624 “caput
701 2578 747 2612 et
774 2571 954 2612 cauda.”
1014 2572 1151 2626 Apud
1175 2573 1345 2623 Mosen,

283 2656 303 2670 ‘⁴
314 2655 369 2688 Ita
384 2657 482 2689 dabit
494 2658 655 2699 Jehovah
671 2666 704 2691 te
719 2660 753 2691 in
769 2667 883 2700 caput,
898 2667 932 2692 et
946 2671 1018 2692 non
1033 2661 1069 2692 in
1082 2663 1231 2694 caudam
1246 2673 1253 2701 ;
1278 2671 1316 2696 ut
1329 2665 1379 2696 sis
1393 2671 1532 2696 tantum
1548 2675 1701 2703 sursum,

391 2710 463 2732 non
484 2708 603 2733 autern
623 2703 672 2734 sis
692 2703 870 2741 deorsum,
888 2705 1031 2744 quando
1051 2706 1255 2739 obediveris
1275 2709 1475 2749 praeceptis
1496 2707 1700 2751 [Jehovae,]

393 2744 459 2776 Dei
477 2745 528 2777 tui
539 2745 557 2757 ''
570 2746 705 2786 (Deutr.
719 2747 840 2778 xxviii.
858 2749 930 2787 13):

221 2831 366 2873 “dare
398 2833 442 2874 in
474 2835 641 2888 caput”
673 2841 743 2876 est
780 2835 928 2877 facere
958 2836 1236 2890 spiritualem
1268 2846 1315 2880 et
1347 2840 1698 2894 intelligentem,

218 2900 267 2935 ut
290 2894 490 2937 elevetur
515 2910 538 2938 e
564 2896 663 2939 luce
686 2898 839 2938 mundi
865 2898 908 2939 in
936 2898 1081 2941 lucem
1104 2901 1247 2954 caeli;
1280 2909 1326 2944 et
1351 2904 1494 2944 “dare
1520 2904 1563 2944 in
1590 2917 1697 2945 cau-
