1962 3334
559 266 666 299 cAP.
689 267 770 307 1x.,
793 265 932 298 VERs.
958 256 1128 297 16.—N.
1154 226 1318 309 573[aj.
1440 284 1446 288 -
1576 266 1677 308 1431

195 378 361 428 tatus,”
385 378 505 432 quod
536 378 627 419 sint
652 378 887 419 ratiocinia
911 377 1042 428 inde;
1082 375 1181 431 (per
1208 380 1387 430 “equos
1399 376 1418 391 ’⁵
1444 376 1563 417 enim
1590 377 1682 429 sig-

196 440 403 482 nificatur
434 439 692 482 intelleftus
722 441 828 489 veri,
857 446 904 481 et
935 441 980 480 in
1012 441 1226 493 opposito
1257 453 1391 480 sensu
1422 437 1682 480 intellectus

196 515 435 554 perversus
465 508 512 542 et
541 501 805 555 deperditus
835 511 994 549 (videatus
1011 521 1116 549 supra,
1137 520 1168 541 n.
1191 509 1240 552 35
1250 510 1283 552 5.
1306 500 1399 552 364.
1421 509 1567 551 372[a],
1590 510 1683 551 373.

198 562 291 612 381.
307 562 403 612 382)
423 575 433 611 ;
464 561 568 601 inde
589 574 669 613 per
691 560 1017 614 “equitatum'’
1034 561 1078 600 in
1100 560 1187 600 hoc
1209 573 1345 600 sensu
1370 559 1684 612 significantur

196 622 566 663 ratiocinationes
587 635 646 663 ex
669 621 805 669 falsis,
830 634 935 661 nam
957 621 1328 662 ratiocinationes
1351 635 1411 661 ex
1433 620 1556 661 falsis
1578 627 1683 661 sunt

196 682 454 724 intellectus
471 685 666 737 perversi
683 697 735 724 ac
753 684 978 737 deperditi
994 698 1004 734 ;
1026 697 1134 724 vera
1150 685 1269 724 enim
1286 684 1456 724 faciunt
1473 683 1682 725 intellec-

195 752 307 794 tum,
323 746 435 786 falsa
448 753 600 787 autem
615 747 853 787 destruunt
868 745 1035 799 illumt)
1054 752 1100 787 et
1115 760 1175 787 ex
1190 745 1523 799 significatione
1539 747 1682 787 “dua-

196 821 293 848 rum
311 809 561 861 myriadum
579 808 870 861 myriadum,‘’
887 809 1008 862 quod
1029 809 1120 849 sint
1138 809 1483 849 innumerabilia
1500 811 1682 863 conspi-

195 870 344 909 rantia
367 876 530 910 COntra
553 883 661 910 Vera
691 870 798 910 boni
816 883 825 919 3
852 880 956 917 (quod
971 878 1186 918 '’myriades''
1202 880 1381 917 significent
1396 881 1639 910 innumerabilia
1653 886 1684 910 et

194 939 390 968 dicanturde
399 940 791 977 veris,vidmtursupra.n.
804 928 920 980 3360
937 935 984 969 et
1000 930 1105 982 quia
1118 929 1330 969 dicuntur
1344 930 1499 970 “duae
1515 931 1682 982 myria-

194 989 276 1029 des
289 990 565 1042 myriadum’‘
579 989 889 1043 significantur
902 990 1244 1030 innumerabilia
1258 989 1498 1043 conjuncta
1511 998 1557 1032 et
1572 1005 1683 1033 con-

197 1051 427 1104 spirantia,
443 1066 548 1093 nam
564 1056 589 1072 “
601 1053 690 1093 duo
704 1052 724 1067 ”
738 1051 994 1105 significant
1012 1051 1391 1105 conjunctionem,
1409 1067 1682 1096 consensum

195 1118 242 1152 et
263 1114 654 1166 conspirationem
676 1123 836 1160 (videatur
849 1133 955 1161 supra,
971 1133 1003 1153 n.
1019 1115 1114 1165 283,
1132 1115 1255 1165 384):
1287 1114 1409 1167 quod
1435 1115 1494 1155 sit
1519 1122 1683 1156 contra

194 1186 301 1213 vera
314 1173 447 1221 bona,
462 1181 534 1214 est
551 1175 653 1227 quia
669 1175 713 1214 in
728 1174 1019 1227 sequentibus
1034 1176 1183 1227 agitur
1196 1176 1252 1215 de
1267 1174 1576 1217 destructione
1590 1178 1683 1218 veri

194 1248 275 1287 per
290 1237 518 1276 exercitus
539 1236 656 1276 illius
673 1237 915 1290 equitatus
974 1237 1050 1277 Ex
1073 1237 1141 1277 his
1159 1244 1372 1278 constare
1390 1245 1545 1291 potest
1562 1240 1683 1292 quod

194 1309 274 1350 per
292 1301 563 1339 “numerum
581 1299 863 1339 exercituum
881 1300 1108 1352 equitatus
1130 1300 1246 1340 duae
1268 1301 1493 1352 myriades
1517 1302 1682 1354 myria-

195 1359 342 1408 dum,”
365 1360 672 1413 significentur
695 1361 809 1401 falsa
834 1361 954 1409 mali,
982 1375 1041 1402 ex
1068 1362 1225 1415 quibus
1252 1369 1298 1403 et
1325 1377 1406 1416 pro
1428 1364 1586 1417 quibus
1612 1379 1682 1405 ra-

195 1422 526 1471 tiocinationes,
550 1424 896 1464 innumerabilia
918 1425 1225 1477 conspirantia
1247 1433 1408 1466 contra
1429 1440 1536 1467 vera
1561 1427 1680 1468 boni.

196 1483 248 1524 In
274 1484 429 1525 Verbo
460 1485 624 1539 pluries
656 1487 820 1527 dicitur
847 1487 1154 1535 “exercitus,”
1180 1494 1226 1528 et
1258 1502 1435 1541 quoque
1462 1489 1683 1530 Dominus

193 1554 383 1588 vocatur
416 1549 658 1601 “Jehovah
695 1550 1027 1590 Exercituum'’
1058 1564 1136 1590 seu
1176 1551 1481 1602 “Zebaoth;''
1522 1559 1568 1594 et
1605 1567 1684 1606 per

197 1612 223 1628 “
238 1611 497 1650 exercitus'’
519 1611 578 1651 ibi
599 1611 913 1664 significantur
933 1627 1038 1653 vera
1064 1627 1124 1653 ex
1150 1614 1272 1654 bono
1295 1616 1546 1667 pugnantia
1571 1629 1682 1656 con-

194 1677 267 1711 tra
301 1671 414 1712 salsa
451 1687 510 1713 ex
547 1674 683 1722 malo,
722 1688 775 1714 ac
813 1675 858 1714 in
895 1676 1107 1727 opposito
1144 1689 1277 1716 sensu
1315 1676 1427 1717 salsa
1463 1691 1522 1718 ex
1560 1678 1682 1719 malo

195 1735 445 1786 pugnantia
477 1742 637 1776 contra
667 1750 774 1777 vera
811 1751 870 1777 ex
906 1737 1041 1777 bono.
1103 1737 1238 1790 Quod
1270 1753 1349 1791 per
1382 1741 1683 1782 “exercitus‘'

194 1796 305 1837 talia
330 1797 374 1837 in
396 1797 552 1838 Verbo
574 1798 897 1851 significentur,
922 1806 992 1840 est
1015 1801 1117 1853 quia
1143 1814 1222 1853 per
1246 1801 1437 1842 “bella'‘
1459 1803 1503 1842 in
1526 1802 1682 1844 Verbo

194 1865 291 1899 tam
324 1859 556 1900 Historico
588 1874 721 1914 quam
755 1861 1028 1914 Prophetico
1059 1863 1103 1902 in
1135 1877 1270 1903 sensu
1302 1865 1480 1905 interno
1511 1865 1681 1918 signifi-

194 1927 355 1962 cantur
379 1922 499 1962 bella
525 1923 787 1976 spiritualia,
815 1938 929 1977 quae
960 1926 1168 1966 existunt
1200 1933 1361 1967 contra
1386 1928 1604 1969 infernum
1634 1936 1681 1970 et

193 1990 353 2024 contra
384 1985 655 2026 diabolicam
687 1986 865 2027 turbam
897 1987 983 2037 ibi;
1025 1994 1071 2028 et
1103 1988 1215 2028 haec
1248 1989 1369 2030 bella
1405 2003 1453 2031 se
1484 1991 1680 2033 referunt

193 2046 250 2086 ad
275 2061 381 2087 vera
403 2054 449 2088 et
476 2048 595 2088 bona
616 2055 776 2089 contra
797 2048 909 2089 falsa
935 2056 982 2090 et
1005 2050 1151 2100 mala;
1183 2052 1287 2092 inde
1314 2059 1384 2092 est
1406 2054 1527 2106 quod
1557 2058 1582 2073 ‘⁴
1597 2068 1680 2095 ex-

192 2109 392 2150 ercitus”
423 2111 680 2163 significent
716 2112 868 2151 omnia
904 2126 1009 2152 vera
1045 2127 1105 2153 ex
1142 2114 1276 2162 bono,
1310 2121 1356 2155 et
1392 2116 1436 2155 in
1468 2119 1680 2169 opposito

192 2185 327 2212 sensu
352 2174 503 2213 omnia
533 2173 646 2214 falsa
678 2188 738 2215 ex
770 2174 918 2214 malo:
957 2176 1077 2228 quod
1110 2177 1366 2229 significent
1397 2180 1548 2219 omnia
1573 2194 1680 2221 vera

192 2248 251 2275 ex
277 2235 398 2276 bono
434 2243 644 2277 constare
671 2244 826 2291 potest
852 2252 912 2278 ex
940 2252 1008 2287 eo,
1032 2240 1152 2292 quod
1179 2240 1262 2288 sol,
1287 2240 1406 2289 luna,
1430 2243 1608 2292 stellae,
1632 2251 1680 2285 et

192 2310 368 2350 quoque
407 2298 559 2351 angeli
605 2300 813 2340 dicantur
855 2302 1124 2342 “exercitus
1163 2302 1404 2355 Jehovae,''
1443 2319 1502 2346 ex
1543 2319 1680 2347 causa

191 2361 294 2413 quia
318 2360 395 2400 illa
420 2361 676 2414 significant
702 2363 853 2403 omnia
878 2378 984 2404 vera
1014 2379 1074 2405 ex
1100 2365 1221 2406 bono
1246 2367 1291 2407 in
1317 2368 1588 2421 complexu;
1631 2376 1679 2410 et

191 2423 311 2476 quod
333 2421 408 2464 filii
432 2424 624 2473 Israelis,
648 2427 752 2478 quia
775 2440 853 2479 per
874 2426 976 2467 illos
999 2428 1310 2480 significantur
1330 2432 1550 2473 ecclesiae
1572 2447 1679 2474 vera

190 2491 237 2526 et
259 2486 391 2534 bona,
415 2487 621 2528 dicantur
645 2490 913 2529 “exercitus
929 2489 963 2529 :”
995 2497 1041 2531 et
1063 2492 1165 2544 quia
1186 2494 1338 2534 omnia
1359 2508 1464 2535 vera
1490 2502 1536 2536 et
1558 2496 1679 2536 bona

192 2561 219 2587 a
245 2547 441 2589 Domino
462 2556 582 2598 sunt,
606 2556 654 2591 et
680 2551 783 2604 Ipse
806 2551 928 2591 solus
950 2560 1124 2605 pugnat
1146 2568 1226 2607 pro
1248 2556 1455 2597 omnibus
1477 2559 1522 2598 in
1548 2559 1678 2600 caelo

193 2615 239 2650 et
271 2623 351 2663 pro
375 2612 582 2652 omnibus
613 2613 658 2652 in
689 2613 883 2654 ecclesia
913 2621 1073 2656 contra
1103 2616 1215 2657 falsa
1246 2625 1292 2658 et
1323 2619 1443 2660 mala
1474 2634 1588 2674 quae
1619 2622 1677 2662 ab

190 2672 375 2721 inferno,
408 2674 509 2715 ideo
544 2675 646 2728 Ipse
683 2683 872 2717 vocatur
905 2677 1147 2730 ‘“Jehovah
1186 2680 1434 2731 Zebaoth,’'
1464 2683 1551 2724 hoc
1588 2691 1674 2732 est,

192 2733 565 2776 “Exercituum.'’
625 2737 759 2790 Quod
786 2738 869 2787 sol,
897 2739 1016 2787 luna,
1040 2741 1202 2783 stellae
1228 2744 1435 2785 dicantur
1463 2748 1675 2787 “exerci-

189 2796 302 2846 tus‚”
326 2805 511 2840 constat
536 2813 562 2840 a
587 2801 882 2854 sequentibus
908 2802 976 2843 his
1003 2803 1114 2844 locis
1131 2805 1338 2860 :—Apud
1364 2807 1533 2857 Mosen,

256 2885 457 2919 ¹·Absoluti.
472 2894 571 2921 .sunt
586 2889 676 2921 caeli
693 2895 728 2922 et
745 2895 848 2929 terra,
867 2897 901 2923 et
918 2892 1037 2924 omnis
1054 2894 1230 2926 exercitus
1248 2895 1416 2927 illorum''
1435 2896 1528 2937 (Gen.
1547 2897 1582 2930 ii.
1600 2897 1653 2938 1);
