1962 3334
269 323 376 365 1404
678 321 1012 356 APOCALYPSIS
1043 323 1343 358 EXPLICATA.

262 437 382 478 vitae
409 434 742 486 intellectuali&
767 451 881 491 quae
908 438 1131 479 sensualia
1157 452 1373 492 corporea
1399 445 1631 489 vocantur,
1655 439 1757 482 ideo

262 501 443 552 spiritus
475 501 549 554 qui
580 500 697 541 tales
727 507 832 541 sunt
864 507 1086 554 apparent
1119 502 1306 543 deformi
1337 502 1463 551 facie,
1491 502 1612 555 cujus
1643 502 1757 543 mul·

230 584 235 589 ·
261 570 355 603 tam
383 570 559 615 partem
587 563 753 604 faciunt
786 564 976 615 dentes;
1014 565 1087 617 qui
1118 571 1307 606 exstant
1340 565 1432 606 late
1465 566 1579 606 sicut
1611 572 1757 606 crates

260 626 304 666 in
327 625 510 667 diducto
531 625 657 674 rictu,
677 633 724 667 et
750 627 835 668 hoc
859 628 962 680 quia
983 627 1086 668 talis
1108 626 1243 668 rictus
1266 629 1469 669 dentium
1492 641 1757 681 correspon-

260 690 338 730 det
374 691 514 731 amori
551 696 597 730 et
635 691 871 743 cupiditati
903 691 1134 743 pugnandi
1165 705 1245 743 pro
1281 691 1404 732 falsis
1445 698 1604 732 contra
1638 705 1757 732 vera.

262 752 488 806 Quoniam
515 754 679 794 dentes
705 754 1063 806 correspondent
1096 754 1264 795 ultimis
1293 755 1413 795 vitae
1439 752 1759 796 intelle&ualis

261 817 480 865 hominis‚-
504 830 618 870 quae
655 816 879 857 sensualia
914 823 1147 866 vocantur,
1182 824 1227 858 et
1265 818 1376 858 haec
1415 823 1520 858 sunt
1557 817 1600 857 in
1638 817 1758 858 salsis

262 880 366 920 mali
404 880 584 933 quando
621 886 832 933 separata
872 886 977 921 sunt
1014 893 1039 921 a
1075 881 1191 921 veris
1227 882 1450 921 interioris
1485 878 1756 928 intellectus

262 957 374 996 quae
416 942 663 995 spiritualia
702 950 937 992 vocantur,
979 949 1026 984 at
1071 944 1205 984 iidem
1246 944 1603 996 correspondent
1643 944 1758 984 veris

260 1007 366 1046 boni
393 1007 436 1046 in
459 1006 654 1047 sensuali
676 1007 858 1060 quando
880 1020 970 1047 non
994 1013 1216 1060 separata,
1240 1007 1344 1047 inde
1371 1013 1440 1048 est
1463 1006 1583 1060 quod
1606 1006 1756 1047 “den-

260 1069 361 1110 tes’'
387 1070 430 1110 in
458 1069 614 1111 Verbo
639 1071 776 1111 etiam
803 1069 1061 1123 significent
1087 1084 1194 1110 vera
1220 1070 1378 1111 ultima

316 1165 381 1203 (Ut
397 1165 492 1206 apud
505 1165 667 1203 Hiobum,
686 1175 760 1206 cap.
779 1165 848 1197 xix.
869 1174 918 1206 19,
937 1173 1002 1204 20;
1027 1171 1063 1197 et
1079 1166 1173 1206 apud
1189 1167 1220 1196 A
1227 1176 1304 1204 mos,
1323 1175 1397 1206 cap.
1416 1165 1460 1198 iv.
1477 1165 1518 1205 6;
1543 1175 1632 1207 quae
1649 1175 1757 1207 supra

434 1209 610 1250 explicata
627 1209 838 1250 videantur).

262 1304 325 1345 Et
352 1305 563 1358 quoniam
593 1304 814 1345 Dominus
845 1310 995 1345 totum
1029 1304 1289 1345 Humanum
1321 1317 1448 1345 suum
1474 1304 1754 1358 glorificavit,

258 1367 344 1408 hoc
377 1373 461 1416 est,
490 1367 702 1408 Divinum
734 1367 854 1416 fecit,
882 1368 985 1408 ideo
1017 1368 1073 1408 de
1106 1367 1211 1420 Ipso
1244 1368 1407 1408 dicitur
1437 1368 1556 1421 apud
1585 1367 1754 1416 Mosen,

371 1471 389 1484 ‘¹
401 1469 522 1501 Ruber
541 1470 651 1502 oculis
671 1480 692 1501 a
709 1470 804 1508 vino,
823 1477 859 1502 et
876 1470 978 1501 albus
995 1470 1162 1501 dentibus
1179 1480 1200 1501 a
1219 1468 1341 1501 laet&
1359 1469 1453 1510 (Gen.
1471 1470 1553 1502 xlix.
1574 1469 1645 1510 12):

258 1578 336 1617 per
369 1564 537 1605 “ruber
568 1564 708 1606 oculis
744 1579 770 1606 a
801 1564 939 1606 vino'’
969 1564 1246 1618 significatur
1283 1566 1403 1618 quod
1436 1563 1755 1606 Intellectuale

259 1628 402 1680 Ipsius
443 1628 571 1669 suerit
614 1628 826 1669 Divinum
868 1628 1038 1670 Verum
1080 1643 1139 1669 ex
1182 1629 1346 1669 Divino
1388 1629 1543 1680 Bono;
1590 1636 1637 1670 et
1678 1642 1756 1683 per

259 1691 426 1731 “albus
453 1691 666 1732 dentibus
692 1705 718 1731 a
744 1689 893 1732 la&e‘’
919 1690 1197 1744 significatur
1223 1692 1342 1744 quod
1369 1691 1585 1732 Sensuale
1613 1692 1756 1745 Ipsius

257 1754 462 1794 similiter
488 1754 618 1795 suerit
647 1754 860 1794 Divinum
887 1754 1058 1795 Verum
1091 1768 1150 1795 ex
1179 1754 1344 1795 Divino
1371 1754 1513 1803 Bono,
1542 1767 1644 1795 nam
1678 1767 1757 1807 per

259 1816 517 1858 “Schiloh”
543 1818 601 1858 ibi
631 1816 763 1870 [vers.
796 1816 881 1870 10]‚
909 1817 1179 1870 intelligitur
1205 1817 1439 1858 Dominus.
1501 1816 1619 1870 Quia
1644 1817 1755 1858 den·

258 1887 327 1921 tes
354 1881 711 1933 correspondent
743 1880 913 1921 ultimis
939 1881 1060 1921 vitae
1092 1878 1426 1928 intellectualis,
1454 1894 1566 1934 quae
1599 1893 1754 1920 sensu·

257 1944 345 1984 alia
374 1950 610 1992 vocantur,
638 1943 740 1983 ideo
772 1944 954 1995 spiritus
985 1943 1090 1983 boni
1123 1949 1169 1983 et
1200 1943 1351 1996 angeli
1382 1933 1523 1996 aeque
1554 1943 1755 1996 gaudent

259 2008 470 2048 dentibus
515 2008 630 2048 sicut
676 2006 908 2056 homines;
960 2007 1039 2047 sed
1088 2007 1206 2059 apud
1255 2006 1355 2046 illos
1401 2007 1754 2059 correspondent
1788 2060 1798 2061 W

258 2072 373 2111 veris
395 2071 439 2111 in
462 2070 656 2111 sensuali
679 2069 853 2118 ultimo,
873 2069 1082 2110 sensuale
1105 2070 1222 2110 enim
1248 2069 1366 2121 apud
1389 2069 1490 2110 illos
1513 2082 1602 2110 non
1624 2083 1754 2122 sepa-

258 2140 404 2174 ratum
451 2139 522 2174 est
566 2147 593 2174 a
637 2134 752 2173 veris
796 2133 1018 2173 interioris
1057 2130 1314 2173 intellectus
1355 2145 1468 2185 quae
1508 2133 1755 2185 spiritualia

258 2203 493 2238 vocantur.

337 2274 465 2319 557.
505 2275 674 2314 [Vers.9.]
705 2264 792 2305 “ft
822 2264 1026 2305 habehant
1057 2263 1251 2304 thoraces
1287 2263 1398 2304 sicut
1434 2263 1629 2305 thoraces
1666 2265 1752 2306 fer·-

258 2325 592 2378 reos.”—Quod
614 2324 842 2377 significet
854 2324 1175 2377 persuasiones
1193 2323 1354 2376 quibus
1375 2337 1422 2364 se
1441 2324 1676 2376 accingunt
1694 2324 1759 2365 ad

259 2393 454 2440 pugnas,
478 2393 630 2427 contra
651 2400 763 2439 quas
785 2400 893 2426 vera
914 2385 1151 2426 rationalis
1173 2384 1429 2437 spiritualis
1455 2385 1645 2426 lzomz'nz’s
1670 2400 1753 2426 non

259 2450 425 2499 valent,
454 2455 636 2490 constat
669 2463 728 2490 ex
761 2448 1090 2502 significatione
1119 2448 1393 2488 “thoracum
1406 2448 1424 2463 '’
1450 2461 1528 2489 seu
1555 2447 1752 2489 “lorica-

258 2513 394 2562 rum,”
416 2513 536 2566 quod
563 2513 652 2553 sint
678 2513 929 2553 tutationes
956 2518 1115 2552 contra
1141 2510 1259 2551 mala
1285 2517 1330 2551 et
1357 2510 1467 2551 falsa
1492 2512 1536 2551 in
1563 2513 1751 2565 pugnis;

259 2577 330 2617 hic
357 2582 508 2617 autem
535 2577 786 2617 tutationes
809 2575 1028 2616 malorum
1055 2581 1101 2615 et
1127 2574 1338 2615 falsorum
1372 2580 1530 2615 contra
1561 2575 1679 2615 bona
1705 2582 1751 2617 et

242 2653 376 2687 vera,
401 2640 503 2693 quia
528 2639 676 2692 agitur
698 2639 754 2679 de
777 2639 862 2679 illis
888 2638 960 2692 qui
986 2638 1030 2678 in
1055 2637 1176 2678 falsis
1198 2637 1303 2677 mali
1326 2644 1484 2678 contra
1506 2651 1612 2678 vera
1633 2645 1750 2679 sunt.

260 2701 394 2754 Quod
432 2703 522 2743 sint
547 2702 859 2754 persuasiones
896 2714 1009 2754 quae
1045 2701 1116 2741 hic
1155 2713 1232 2752 per
1270 2700 1517 2740 “thoraces
1532 2700 1551 2715 ’¹
1583 2700 1749 2753 signifi·

259 2771 431 2813 cantur,
459 2771 529 2807 est
561 2765 662 2819 quia
689 2764 919 2805 sensuales
945 2764 1150 2805 homines
1176 2763 1249 2816 qui
1280 2763 1324 2803 in
1352 2762 1472 2803 salsis
1499 2762 1604 2803 mali
1630 2770 1748 2811 sunt,

258 2829 332 2880 qui
357 2828 427 2868 hic
455 2828 782 2875 describuntur,
811 2840 901 2868 non
927 2832 1133 2879 pugnant
1159 2840 1218 2866 ex
1245 2826 1418 2866 ratione
1445 2832 1603 2866 contra
1628 2839 1747 2873 vera,

260 2887 348 2931 non
376 2892 494 2931 enim
517 2891 672 2931 vident
694 2904 800 2930 vera
825 2889 904 2930 sed
931 2889 1075 2930 solum
1098 2888 1233 2938 falsa;
1266 2888 1368 2928 inde
1395 2889 1438 2928 in
1462 2889 1747 2940 persuasione

261 2961 364 2995 sunt
387 2954 506 3008 quod
529 2953 638 2994 falsa
662 2954 748 2994 sint
771 2966 902 3004 vera;
935 2966 1069 3006 quare
1092 2966 1150 2993 ex
1173 2952 1459 3004 persuasione
1481 2951 1578 2992 falsi
1604 2950 1747 2992 solum
