1962 3334
307 268 415 312 1770
720 269 1052 304 APOCALYPSIS
1083 272 1381 305 EXPLICATA.

374 382 479 424 Quod
494 384 690 415 ascendere
704 384 866 417 facerent
879 396 964 417 ossa
977 386 1074 418 illius
1089 386 1125 418 in
1140 392 1270 418 terram
1286 387 1495 419 Canaanem
1509 387 1603 427 (Gen.
1618 387 1639 419 l.
1654 386 1774 429 24-26)
1787 397 1796 426 ς

374 426 480 468 Quod
497 427 605 459 etiam
623 426 758 459 fac‘tum
777 434 832 460 est
849 429 972 469 (Exod.
994 430 1067 461 xiii.
1089 439 1150 471 19;
1179 432 1253 472 Jos.
1271 431 1365 463 xxiv.
1385 431 1461 471 32);

300 521 347 555 et
379 515 465 556 hoc
498 530 558 556 ex
590 530 726 557 causa
752 517 856 571 quia
884 521 1045 559 “terra
1067 518 1295 568 Canaan‚'’
1321 525 1370 560 ut
1394 518 1563 560 dictum
1589 525 1675 568 est,
1704 520 1795 572 sig-

301 577 515 619 nificabat
540 578 802 620 Canaanem
829 580 1092 630 caelestem,
1117 596 1232 635 quae
1259 588 1330 622 est
1356 581 1546 627 caelum.
1609 582 1798 636 Propter

302 643 772 695 repraesentationem
790 642 1128 685 resurrectionis
1146 646 1190 685 in
1209 644 1383 686 caelum
1403 659 1482 698 per
1499 645 1793 699 sepulturam,

301 705 440 745 etiam

368 793 486 825 David
510 800 545 826 et
564 805 669 835 reges
689 802 771 836 post
795 796 896 827 illum
922 797 1191 837 sepeliebantur
1215 797 1251 828 in
1277 797 1386 829 Sione
1417 796 1448 835 (1
1475 798 1554 838 Reg.
1573 797 1607 829 ii.
1628 806 1687 834 10:
1720 807 1796 838 cap.

474 838 519 870 xi.
540 847 605 877 43;
635 849 711 879 cap.
732 839 803 871 xiv.
827 847 877 878 17,
902 841 962 878 18;
991 850 1067 880 cap.
1087 851 1144 872 xv,
1166 841 1195 878 8,
1217 849 1278 880 24:
1307 851 1383 881 cap.
1404 841 1488 872 xxii.
1511 849 1548 879 51
1573 839 1631 882 [B.
1652 842 1696 872 A.
1719 839 1795 882 5o]:

475 890 494 913 2
512 883 593 924 Reg.
608 882 680 933 yiii.
699 892 763 968 ξιιμ
784 893 859 924 cap.
876 884 936 915 xii.
955 892 996 915 22
1016 882 1075 926 [B.
1090 885 1135 916 A.
1154 882 1211 926 21]
1227 894 1234 922 ;
1255 894 1329 924 cap.
1348 885 1418 916 xiv.
1437 892 1479 915 20
1496 894 1503 922 ;
1524 894 1599 925 cap.
1613 894 1669 916 xv,
1689 892 1717 923 7,
1735 885 1797 924 38;

477 936 552 966 cap.
571 937 642 958 xvi.
661 935 703 958 20
729 937 736 960 2

300 1028 437 1055 causa
468 1021 565 1056 erat
605 1016 709 1069 quia
744 1015 892 1057 “Sion
905 1015 926 1031 '’
957 1016 1244 1069 significabat
1276 1016 1516 1058 ecclesiam
1549 1016 1796 1062 caelestem

300 1084 347 1119 et
388 1078 564 1119 caelum
611 1079 684 1119 ubi
732 1078 968 1120 Dominus.
1046 1078 1181 1132 Quod
1230 1079 1532 1133 “sepultura”
1572 1079 1796 1133 significet

300 1140 690 1190 resurreffionem,
733 1143 872 1182 etiam
913 1149 1126 1183 constare
1167 1149 1322 1195 potest
1364 1157 1423 1183 ex
1469 1157 1537 1192 eo,
1579 1142 1700 1196 quod
1741 1142 1796 1183 de

301 1205 490 1246 mortuis
536 1205 704 1258 passim
750 1205 928 1246 dicatur
972 1206 1094 1258 quod
1138 1204 1358 1246 “collecti
1404 1207 1494 1246 sint
1540 1206 1597 1246 ad
1643 1211 1796 1258 patres

300 1267 444 1317 suos‚''
471 1274 517 1308 et
547 1268 643 1308 “ad
670 1267 863 1321 populos
890 1282 995 1308 suos
1013 1267 1047 1309 :’'
1082 1268 1178 1308 “ad
1205 1267 1399 1321 patres‚‘'
1425 1269 1469 1308 in
1499 1268 1667 1317 Genesi,

372 1356 535 1399 jehovah
556 1357 647 1388 dixit
671 1357 715 1388 ad
736 1356 995 1394 Abrahamum,
1020 1357 1104 1389 “Tu
1123 1357 1248 1388 venies
1268 1357 1313 1388 ad
1338 1363 1458 1398 patres
1479 1363 1559 1389 tuos
1584 1357 1621 1389 in
1643 1367 1740 1398 pace,
1763 1363 1798 1389 et

474 1401 660 1441 sepelierIS
678 1401 714 1432 in
732 1402 835 1433 senio
852 1402 949 1432 bono
961 1400 979 1412 '¹
997 1399 1105 1442 (mxv.
1129 1401 1182 1441 15)
1197 1411 1203 1439 ;

299 1488 345 1524 et
373 1483 416 1524 in
445 1483 640 1524 Secundo
661 1483 798 1524 Libro
818 1484 1004 1536 Regum,

372 1558 534 1600 Jehovah
559 1559 603 1591 de
627 1559 774 1600 Joschia
797 1569 881 1599 rege
905 1558 1076 1600 Jehudae,
1101 1559 1222 1590 “Ecce
1248 1559 1325 1599 Ego
1349 1559 1522 1599 colligens
1548 1565 1582 1591 te
1606 1559 1650 1591 ad
1675 1566 1796 1600 patres

473 1609 565 1641 tuos,
583 1609 618 1634 et
635 1603 814 1643 colligeris
833 1603 868 1634 in
883 1603 1110 1643 sepulchrum
1128 1609 1228 1634 tuum
1246 1603 1283 1634 in
1301 1603 1417 1643 pace”
1434 1603 1528 1642 (xxii.
1547 1603 1620 1644 20):

301 1690 347 1725 et
377 1684 472 1725 “ad
499 1684 734 1738 populos‚”
760 1684 804 1724 in
836 1683 1005 1733 Genesi,

366 1762 386 1775 “
399 1760 605 1801 Exspiravit
622 1767 657 1793 et
675 1767 837 1792 mortuus
854 1767 910 1792 est
927 1761 1111 1792 Abraham
1132 1761 1168 1792 in
1187 1759 1371 1793 seneclute
1388 1761 1493 1799 bona,
1508 1771 1619 1792 senex
1635 1767 1671 1793 et
1688 1768 1795 1800 satur,

476 1811 511 1836 et
528 1803 700 1837 collectus
718 1805 763 1837 ad
778 1805 931 1846 populos
949 1815 1034 1836 suos
1046 1804 1064 1816 ''
1081 1804 1176 1842 (xxv.
1195 1805 1228 1844 8)
1243 1814 1251 1843 ;

298 1881 420 1931 alibi,

365 1959 386 1973 “
398 1958 601 1999 Exspiravit
621 1964 657 1990 et
676 1964 839 1990 mortuus
860 1964 915 1990 est
937 1957 1070 1996 Isacus,
1089 1963 1124 1990 et
1143 1955 1314 1990 collectus
1332 1958 1377 1989 ad
1397 1957 1550 1998 populos
1570 1967 1666 1996 suos,
1683 1967 1795 1989 senex

473 2009 508 2034 et
524 2010 623 2034 satur
639 2002 777 2034 dierum
789 2001 806 2014 '¹
824 2001 942 2041 (xxxv.
961 2001 1015 2043 29)
1029 2011 1037 2040 ;

299 2086 346 2121 et
373 2080 493 2128 alibi,

401 2156 603 2198 “Jacobus.
618 2182 626 2189 .
640 2181 647 2189 .
662 2156 884 2197 .exspiravst,
902 2162 938 2188 et
954 2154 1125 2188 collectus
1143 2156 1187 2188 ad
1205 2156 1358 2197 populos
1375 2166 1461 2188 suos
1473 2155 1492 2168 ”
1508 2155 1604 2196 (xlix.
1623 2156 1697 2197 33):

302 2246 399 2287 “ad
427 2252 580 2300 patres
593 2245 612 2261 ’¹
639 2252 685 2286 et
715 2246 810 2286 “ad
838 2245 1031 2299 populos
1044 2245 1064 2260 '¹
1087 2251 1157 2286 est
1184 2245 1242 2286 ad
1269 2259 1388 2294 SUOS,
1417 2245 1503 2286 hoc
1530 2252 1615 2295 est,
1644 2246 1701 2286 ad
1728 2246 1794 2286 sui

300 2310 470 2351 similes
497 2311 540 2350 in
567 2309 713 2350 altera
735 2310 856 2360 vita;
891 2322 994 2349 nam
1022 2310 1209 2362 quisque
1237 2315 1340 2362 post
1368 2315 1562 2349 mortem
1585 2310 1710 2350 venit
1736 2309 1793 2350 ad

300 2373 484 2420 similes,
513 2386 614 2413 curn
642 2372 800 2426 quibus
828 2373 871 2412 in
897 2378 1132 2412 aeternum
1159 2369 1370 2412 victurus.
1433 2371 1537 2411 Non
1569 2372 1656 2412 dici
1689 2378 1792 2425 pot-

300 2443 371 2478 est
408 2436 563 2489 colligi
600 2436 657 2476 ad
696 2442 849 2489 patres
886 2442 933 2476 et
970 2435 1027 2475 ad
1065 2434 1256 2488 populos
1293 2435 1337 2474 in
1375 2434 1641 2487 sepulchro;
1689 2449 1793 2475 nam

298 2500 438 2540 etiam
461 2499 517 2539 de
536 2498 805 2539 Abrahamo
827 2498 1003 2546 dicitur,
1024 2498 1144 2551 quod
1167 2497 1498 2550 “colligeretur
1520 2497 1577 2537 ad
1600 2498 1793 2550 patres‚’'

298 2569 345 2604 et
378 2562 498 2616 quod
533 2559 792 2602 “collec'tus
829 2561 886 2601 ad
924 2560 1116 2614 populos
1154 2559 1317 2606 esset,’'
1349 2573 1450 2600 cum
1488 2566 1706 2608 mortuus,
1741 2574 1791 2601 ac

298 2624 504 2678 sepultus
526 2625 570 2664 in
594 2637 713 2664 novo
737 2630 1049 2673 monumento,
1072 2623 1145 2663 ubi
1169 2623 1369 2663 nondum
1388 2622 1547 2676 aliquis
1569 2637 1628 2663 ex
1652 2624 1791 2676 patri-

297 2688 380 2729 bus
406 2687 499 2740 ejus
526 2694 603 2727 aut
632 2701 690 2727 ex
718 2686 895 2740 populis
922 2686 1015 2739 ejus
1043 2692 1222 2740 praeter
1246 2684 1402 2726 Saram
1426 2698 1631 2734 uxorem,
1655 2691 1792 2725 antea

296 2751 391 2792 fuit.
452 2749 590 2803 Apud
615 2749 822 2798 Hz'obum,

367 2838 606 2879 “Cognosces
626 2838 722 2879 quod
742 2848 811 2878 pax
832 2838 1100 2869 tabernaculum
1121 2843 1248 2875 tuum„
1264 2862 1271 2869 .
1285 2862 1292 2869 .
1308 2843 1358 2869 .et
1377 2837 1479 2868 liberi
1500 2837 1550 2869 tui
1571 2837 1661 2868 sicut
1680 2837 1790 2868 herba

474 2889 612 2919 terrae:
637 2882 762 2913 venies
783 2882 819 2913 in
841 2882 942 2913 senio
963 2882 1008 2913 ad
1028 2881 1269 2922 sepulchrum,
1290 2881 1381 2913 sicut
1400 2881 1594 2913 ascendere
1614 2881 1731 2912 acervi
1751 2879 1786 2911 in

471 2932 632 2966 tempore
650 2935 715 2957 suo
729 2924 746 2938 ’'
764 2925 809 2966 (v.
828 2934 879 2965 24,
899 2923 967 2967 25[,
987 2923 1080 2967 26]);
