<?xml version="1.0" encoding="UTF-8"?>
<!DOCTYPE html PUBLIC "-//W3C//DTD XHTML 1.0 Transitional//EN"
    "http://www.w3.org/TR/xhtml1/DTD/xhtml1-transitional.dtd">
<html xmlns="http://www.w3.org/1999/xhtml" xml:lang="en" lang="en">
 <head>
  <title>
</title>
<meta http-equiv="Content-Type" content="text/html;charset=utf-8" />
  <meta name='ocr-system' content='tesseract 3.04.00' />
  <meta name='ocr-capabilities' content='ocr_page ocr_carea ocr_par ocr_line ocrx_word'/>
</head>
<body>
  <div class='ocr_page' id='page_1' title='image "apocalypsisexpli03sweduoft_0437.png"; bbox 0 0 1962 3334; ppageno 0'>
   <div class='ocr_carea' id='block_1_1' title="bbox 0 0 91 3334">
    <p class='ocr_par' dir='ltr' id='par_1_1' title="bbox 0 0 91 3334">
     <span class='ocr_line' id='line_1_1' title="bbox 0 0 91 3334; baseline 0 0"><span class='ocrx_word' id='word_1_1' title='bbox 0 0 91 3334; x_wconf 95' lang='lat' dir='ltr'> </span> 
     </span>
    </p>
   </div>
   <div class='ocr_carea' id='block_1_2' title="bbox 573 251 1674 306">
    <p class='ocr_par' dir='ltr' id='par_1_2' title="bbox 573 251 1674 306">
     <span class='ocr_line' id='line_1_2' title="bbox 573 251 1674 306; baseline -0.005 -11"><span class='ocrx_word' id='word_1_2' title='bbox 573 263 679 296; x_wconf 83' lang='lat' dir='ltr'>CAP.</span> <span class='ocrx_word' id='word_1_3' title='bbox 702 263 785 304; x_wconf 81' lang='lat' dir='ltr'>XL,</span> <span class='ocrx_word' id='word_1_4' title='bbox 807 262 946 295; x_wconf 86' lang='lat' dir='ltr'><strong>VERS.</strong></span> <span class='ocrx_word' id='word_1_5' title='bbox 968 254 1116 295; x_wconf 72' lang='grc' dir='ltr'><strong>8.-’-Ν.</strong></span> <span class='ocrx_word' id='word_1_6' title='bbox 1137 251 1302 306; x_wconf 86' lang='lat' dir='ltr'><strong>654[l].</strong></span> <span class='ocrx_word' id='word_1_7' title='bbox 1512 282 1516 286; x_wconf 91' lang='lat'>.</span> <span class='ocrx_word' id='word_1_8' title='bbox 1574 261 1588 290; x_wconf 87' lang='lat'><em>1</em></span> <span class='ocrx_word' id='word_1_9' title='bbox 1596 259 1674 303; x_wconf 83' lang='lat'>751</span> 
     </span>
    </p>
   </div>
   <div class='ocr_carea' id='block_1_3' title="bbox 367 372 1677 456">
    <p class='ocr_par' dir='ltr' id='par_1_3' title="bbox 367 372 1677 456">
     <span class='ocr_line' id='line_1_3' title="bbox 367 372 1677 418; baseline -0.005 -10"><span class='ocrx_word' id='word_1_10' title='bbox 367 376 462 418; x_wconf 92' lang='lat' dir='ltr'>quod</span> <span class='ocrx_word' id='word_1_11' title='bbox 480 386 564 408; x_wconf 89' lang='lat' dir='ltr'>caro</span> <span class='ocrx_word' id='word_1_12' title='bbox 581 376 762 407; x_wconf 90' lang='lat' dir='ltr'>asinorum</span> <span class='ocrx_word' id='word_1_13' title='bbox 785 385 869 407; x_wconf 88' lang='lat' dir='ltr'>caro</span> <span class='ocrx_word' id='word_1_14' title='bbox 892 385 1026 412; x_wconf 85' lang='lat' dir='ltr'>eorum,</span> <span class='ocrx_word' id='word_1_15' title='bbox 1045 381 1081 407; x_wconf 91' lang='lat' dir='ltr'>et</span> <span class='ocrx_word' id='word_1_16' title='bbox 1104 374 1282 406; x_wconf 86' lang='lat' dir='ltr'>effluvium</span> <span class='ocrx_word' id='word_1_17' title='bbox 1303 382 1475 414; x_wconf 90' lang='lat' dir='ltr'>equorum</span> <span class='ocrx_word' id='word_1_18' title='bbox 1496 372 1677 403; x_wconf 80' lang='lat' dir='ltr'>effluvium</span> 
     </span>
     <span class='ocr_line' id='line_1_4' title="bbox 367 416 1676 456; baseline -0.004 -5"><span class='ocrx_word' id='word_1_19' title='bbox 367 429 515 456; x_wconf 78' lang='lat' dir='ltr'>eorum:</span> <span class='ocrx_word' id='word_1_20' title='bbox 543 421 593 451; x_wconf 84' lang='lat' dir='ltr'>ita</span> <span class='ocrx_word' id='word_1_21' title='bbox 614 419 874 450; x_wconf 83' lang='lat' dir='ltr'>commendasti</span> <span class='ocrx_word' id='word_1_22' title='bbox 898 418 1014 450; x_wconf 89' lang='lat' dir='ltr'>scelus</span> <span class='ocrx_word' id='word_1_23' title='bbox 1037 418 1299 450; x_wconf 79' lang='lat' dir='ltr'>adolescentiae</span> <span class='ocrx_word' id='word_1_24' title='bbox 1323 424 1415 454; x_wconf 78' lang='lat' dir='ltr'>tuae,</span> <span class='ocrx_word' id='word_1_25' title='bbox 1435 426 1515 447; x_wconf 89' lang='lat' dir='ltr'>cum</span> <span class='ocrx_word' id='word_1_26' title='bbox 1539 416 1676 446; x_wconf 88' lang='lat' dir='ltr'>ornasti</span> 
     </span>
    </p>
   </div>
   <div class='ocr_carea' id='block_1_4' title="bbox 367 459 1679 589">
    <p class='ocr_par' dir='ltr' id='par_1_4' title="bbox 367 459 1679 589">
     <span class='ocr_line' id='line_1_5' title="bbox 367 459 1679 503; baseline -0.003 -9"><span class='ocrx_word' id='word_1_27' title='bbox 367 473 413 494; x_wconf 87' lang='lat' dir='ltr'>ex</span> <span class='ocrx_word' id='word_1_28' title='bbox 425 463 592 503; x_wconf 85' lang='lat' dir='ltr'>Aegypto</span> <span class='ocrx_word' id='word_1_29' title='bbox 608 472 783 494; x_wconf 89' lang='lat' dir='ltr'>mammas</span> <span class='ocrx_word' id='word_1_30' title='bbox 796 468 891 494; x_wconf 81' lang='lat' dir='ltr'>tuas.</span> <span class='ocrx_word' id='word_1_31' title='bbox 905 486 913 494; x_wconf 92' lang='lat'>.</span> <span class='ocrx_word' id='word_1_32' title='bbox 926 487 934 494; x_wconf 94' lang='lat'><strong>.</strong></span> <span class='ocrx_word' id='word_1_33' title='bbox 948 473 975 494; x_wconf 74' lang='grc' dir='ltr'>,ε</span> <span class='ocrx_word' id='word_1_34' title='bbox 999 463 1242 503; x_wconf 83' lang='lat' dir='ltr'>quamobrem,</span> <span class='ocrx_word' id='word_1_35' title='bbox 1256 461 1412 492; x_wconf 90' lang='lat' dir='ltr'>Oholiba</span> <span class='ocrx_word' id='word_1_36' title='bbox 1415 484 1508 497; x_wconf 86' lang='lat'><strong>.....</strong></span> <span class='ocrx_word' id='word_1_37' title='bbox 1514 459 1679 490; x_wconf 83' lang='lat' dir='ltr'>excitabo</span> 
     </span>
     <span class='ocr_line' id='line_1_6' title="bbox 367 503 1670 543; baseline -0.003 -6"><span class='ocrx_word' id='word_1_38' title='bbox 367 506 523 538; x_wconf 85' lang='lat' dir='ltr'>amasios</span> <span class='ocrx_word' id='word_1_39' title='bbox 540 513 620 537; x_wconf 85' lang='lat' dir='ltr'>tuos</span> <span class='ocrx_word' id='word_1_40' title='bbox 636 511 761 537; x_wconf 85' lang='lat' dir='ltr'>contra</span> <span class='ocrx_word' id='word_1_41' title='bbox 776 512 860 543; x_wconf 89' lang='lat' dir='ltr'>te,.·.</span> <span class='ocrx_word' id='word_1_42' title='bbox 874 530 882 537; x_wconf 91' lang='lat'><strong>.</strong></span> <span class='ocrx_word' id='word_1_43' title='bbox 895 505 1003 537; x_wconf 75' lang='lat' dir='ltr'>,filios</span> <span class='ocrx_word' id='word_1_44' title='bbox 1022 505 1165 536; x_wconf 90' lang='lat' dir='ltr'>Babelis</span> <span class='ocrx_word' id='word_1_45' title='bbox 1182 511 1217 536; x_wconf 90' lang='lat' dir='ltr'>et</span> <span class='ocrx_word' id='word_1_46' title='bbox 1233 514 1359 535; x_wconf 87' lang='lat' dir='ltr'>omnes</span> <span class='ocrx_word' id='word_1_47' title='bbox 1377 503 1604 540; x_wconf 71' lang='lat' dir='ltr'>Chaldaeos..</span> <span class='ocrx_word' id='word_1_48' title='bbox 1618 527 1627 534; x_wconf 93' lang='lat'><strong>.</strong></span> <span class='ocrx_word' id='word_1_49' title='bbox 1640 527 1648 534; x_wconf 91' lang='lat'>.</span> <span class='ocrx_word' id='word_1_50' title='bbox 1662 527 1670 534; x_wconf 95' lang='lat'>.</span> 
     </span>
     <span class='ocr_line' id='line_1_7' title="bbox 367 546 1679 589; baseline -0.003 -9"><span class='ocrx_word' id='word_1_51' title='bbox 367 556 403 581; x_wconf 91' lang='lat' dir='ltr'>et</span> <span class='ocrx_word' id='word_1_52' title='bbox 418 559 545 580; x_wconf 90' lang='lat' dir='ltr'>omnes</span> <span class='ocrx_word' id='word_1_53' title='bbox 559 549 729 589; x_wconf 86' lang='lat' dir='ltr'>Assyrios</span> <span class='ocrx_word' id='word_1_54' title='bbox 744 559 823 580; x_wconf 87' lang='lat' dir='ltr'>cum</span> <span class='ocrx_word' id='word_1_55' title='bbox 841 549 910 579; x_wconf 87' lang='lat' dir='ltr'>illis</span> <span class='ocrx_word' id='word_1_56' title='bbox 924 557 948 586; x_wconf 87' lang='lat'>;.</span> <span class='ocrx_word' id='word_1_57' title='bbox 961 573 970 580; x_wconf 91' lang='lat'><strong>.</strong></span> <span class='ocrx_word' id='word_1_58' title='bbox 984 573 992 580; x_wconf 89' lang='lat'>.</span> <span class='ocrx_word' id='word_1_59' title='bbox 1005 548 1112 580; x_wconf 83' lang='lat' dir='ltr'>,filios</span> <span class='ocrx_word' id='word_1_60' title='bbox 1129 554 1210 579; x_wconf 90' lang='lat' dir='ltr'>tuos</span> <span class='ocrx_word' id='word_1_61' title='bbox 1226 554 1263 579; x_wconf 88' lang='lat' dir='ltr'>et</span> <span class='ocrx_word' id='word_1_62' title='bbox 1279 547 1369 578; x_wconf 90' lang='lat' dir='ltr'>filias</span> <span class='ocrx_word' id='word_1_63' title='bbox 1386 553 1464 578; x_wconf 87' lang='lat' dir='ltr'>tuas</span> <span class='ocrx_word' id='word_1_64' title='bbox 1480 546 1630 586; x_wconf 87' lang='lat' dir='ltr'>capient,</span> <span class='ocrx_word' id='word_1_65' title='bbox 1643 552 1679 576; x_wconf 91' lang='lat' dir='ltr'>et</span> 
     </span>
    </p>
   </div>
   <div class='ocr_carea' id='block_1_5' title="bbox 365 591 1679 718">
    <p class='ocr_par' dir='ltr' id='par_1_5' title="bbox 365 591 1679 718">
     <span class='ocr_line' id='line_1_8' title="bbox 366 591 1679 633; baseline -0.003 -9"><span class='ocrx_word' id='word_1_66' title='bbox 366 593 557 633; x_wconf 81' lang='lat' dir='ltr'>posteritas</span> <span class='ocrx_word' id='word_1_67' title='bbox 580 598 642 624; x_wconf 89' lang='lat' dir='ltr'>tua</span> <span class='ocrx_word' id='word_1_68' title='bbox 667 598 898 623; x_wconf 86' lang='lat' dir='ltr'>consumetur</span> <span class='ocrx_word' id='word_1_69' title='bbox 916 601 980 632; x_wconf 91' lang='lat' dir='ltr'>per</span> <span class='ocrx_word' id='word_1_70' title='bbox 1006 592 1138 632; x_wconf 83' lang='lat' dir='ltr'>ignem,</span> <span class='ocrx_word' id='word_1_71' title='bbox 1157 597 1289 622; x_wconf 81' lang='lat' dir='ltr'>exuent</span> <span class='ocrx_word' id='word_1_72' title='bbox 1311 591 1374 621; x_wconf 88' lang='lat' dir='ltr'>tibi</span> <span class='ocrx_word' id='word_1_73' title='bbox 1393 596 1512 621; x_wconf 88' lang='lat' dir='ltr'>vestes</span> <span class='ocrx_word' id='word_1_74' title='bbox 1533 596 1622 626; x_wconf 86' lang='lat' dir='ltr'>tuas,</span> <span class='ocrx_word' id='word_1_75' title='bbox 1643 596 1679 620; x_wconf 88' lang='lat' dir='ltr'>et</span> 
     </span>
     <span class='ocr_line' id='line_1_9' title="bbox 367 634 1677 670; baseline -0.004 -2"><span class='ocrx_word' id='word_1_76' title='bbox 367 643 510 668; x_wconf 87' lang='lat' dir='ltr'>sument</span> <span class='ocrx_word' id='word_1_77' title='bbox 528 646 615 669; x_wconf 85' lang='lat' dir='ltr'>vasa</span> <span class='ocrx_word' id='word_1_78' title='bbox 637 642 783 666; x_wconf 90' lang='lat' dir='ltr'>ornatus</span> <span class='ocrx_word' id='word_1_79' title='bbox 812 635 881 667; x_wconf 91' lang='lat' dir='ltr'>tui:</span> <span class='ocrx_word' id='word_1_80' title='bbox 913 635 963 666; x_wconf 88' lang='lat' dir='ltr'>ita</span> <span class='ocrx_word' id='word_1_81' title='bbox 985 644 1126 666; x_wconf 87' lang='lat' dir='ltr'>cessare</span> <span class='ocrx_word' id='word_1_82' title='bbox 1149 634 1276 666; x_wconf 77' lang='lat' dir='ltr'>faciam</span> <span class='ocrx_word' id='word_1_83' title='bbox 1300 634 1439 665; x_wconf 79' lang='lat' dir='ltr'>facinus</span> <span class='ocrx_word' id='word_1_84' title='bbox 1463 640 1562 664; x_wconf 90' lang='lat' dir='ltr'>tuum</span> <span class='ocrx_word' id='word_1_85' title='bbox 1587 643 1609 664; x_wconf 90' lang='lat' dir='ltr'>a</span> <span class='ocrx_word' id='word_1_86' title='bbox 1631 639 1677 670; x_wconf 90' lang='lat' dir='ltr'>te,</span> 
     </span>
     <span class='ocr_line' id='line_1_10' title="bbox 365 677 1678 718; baseline -0.003 -7"><span class='ocrx_word' id='word_1_87' title='bbox 365 686 403 711; x_wconf 89' lang='lat' dir='ltr'>et</span> <span class='ocrx_word' id='word_1_88' title='bbox 418 679 670 710; x_wconf 85' lang='lat' dir='ltr'>scortationem</span> <span class='ocrx_word' id='word_1_89' title='bbox 687 685 784 710; x_wconf 88' lang='lat' dir='ltr'>tuam</span> <span class='ocrx_word' id='word_1_90' title='bbox 801 688 821 709; x_wconf 92' lang='lat' dir='ltr'>e</span> <span class='ocrx_word' id='word_1_91' title='bbox 837 685 932 709; x_wconf 85' lang='lat' dir='ltr'>terra</span> <span class='ocrx_word' id='word_1_92' title='bbox 947 678 1114 718; x_wconf 85' lang='lat' dir='ltr'>Aegypti,</span> <span class='ocrx_word' id='word_1_93' title='bbox 1127 684 1167 709; x_wconf 93' lang='lat' dir='ltr'>ut</span> <span class='ocrx_word' id='word_1_94' title='bbox 1183 688 1255 709; x_wconf 90' lang='lat' dir='ltr'>non</span> <span class='ocrx_word' id='word_1_95' title='bbox 1274 678 1379 709; x_wconf 86' lang='lat' dir='ltr'>tollas</span> <span class='ocrx_word' id='word_1_96' title='bbox 1396 677 1519 708; x_wconf 90' lang='lat' dir='ltr'>oculos</span> <span class='ocrx_word' id='word_1_97' title='bbox 1535 683 1616 708; x_wconf 86' lang='lat' dir='ltr'>tuos</span> <span class='ocrx_word' id='word_1_98' title='bbox 1633 677 1678 707; x_wconf 90' lang='lat' dir='ltr'>ad</span> 
     </span>
    </p>
   </div>
   <div class='ocr_carea' id='block_1_6' title="bbox 365 720 1679 850">
    <p class='ocr_par' dir='ltr' id='par_1_6' title="bbox 365 720 1679 850">
     <span class='ocr_line' id='line_1_11' title="bbox 365 720 1679 763; baseline -0.003 -9"><span class='ocrx_word' id='word_1_99' title='bbox 365 723 456 760; x_wconf 84' lang='lat' dir='ltr'>illos,</span> <span class='ocrx_word' id='word_1_100' title='bbox 476 729 512 754; x_wconf 90' lang='lat' dir='ltr'>et</span> <span class='ocrx_word' id='word_1_101' title='bbox 535 722 690 763; x_wconf 84' lang='lat' dir='ltr'>Aegypti</span> <span class='ocrx_word' id='word_1_102' title='bbox 713 731 786 753; x_wconf 88' lang='lat' dir='ltr'>non</span> <span class='ocrx_word' id='word_1_103' title='bbox 806 722 1001 753; x_wconf 87' lang='lat' dir='ltr'>recorderis</span> <span class='ocrx_word' id='word_1_104' title='bbox 1020 722 1173 762; x_wconf 89' lang='lat' dir='ltr'>amplius</span> <span class='ocrx_word' id='word_1_105' title='bbox 1187 731 1211 757; x_wconf 86' lang='lat'>;.</span> <span class='ocrx_word' id='word_1_106' title='bbox 1225 746 1232 752; x_wconf 95' lang='lat'>.</span> <span class='ocrx_word' id='word_1_107' title='bbox 1247 746 1255 752; x_wconf 95' lang='lat'>.</span> <span class='ocrx_word' id='word_1_108' title='bbox 1268 721 1456 753; x_wconf 79' lang='lat' dir='ltr'>,ebrietate</span> <span class='ocrx_word' id='word_1_109' title='bbox 1475 727 1511 751; x_wconf 88' lang='lat' dir='ltr'>et</span> <span class='ocrx_word' id='word_1_110' title='bbox 1533 720 1679 751; x_wconf 85' lang='lat' dir='ltr'>tristitia</span> 
     </span>
     <span class='ocr_line' id='line_1_12' title="bbox 366 763 1679 806; baseline -0.002 -9"><span class='ocrx_word' id='word_1_111' title='bbox 366 766 581 806; x_wconf 89' lang='lat' dir='ltr'>impleberis,</span> <span class='ocrx_word' id='word_1_112' title='bbox 609 766 716 797; x_wconf 90' lang='lat' dir='ltr'>calice</span> <span class='ocrx_word' id='word_1_113' title='bbox 742 765 1000 796; x_wconf 81' lang='lat' dir='ltr'>devastationis</span> <span class='ocrx_word' id='word_1_114' title='bbox 1031 771 1067 796; x_wconf 93' lang='lat' dir='ltr'>et</span> <span class='ocrx_word' id='word_1_115' title='bbox 1094 765 1328 796; x_wconf 90' lang='lat' dir='ltr'>desolationis</span> <span class='ocrx_word' id='word_1_116' title='bbox 1338 763 1357 775; x_wconf 87' lang='lat'><strong>”</strong></span> <span class='ocrx_word' id='word_1_117' title='bbox 1384 764 1495 804; x_wconf 80' lang='lat' dir='ltr'>(xxiii.</span> <span class='ocrx_word' id='word_1_118' title='bbox 1520 771 1617 803; x_wconf 73' lang='lat'>2-33,</span> <span class='ocrx_word' id='word_1_119' title='bbox 1643 770 1679 794; x_wconf 92' lang='lat' dir='ltr'>et</span> 
     </span>
     <span class='ocr_line' id='line_1_13' title="bbox 366 809 693 850; baseline 0 -10"><span class='ocrx_word' id='word_1_120' title='bbox 366 819 473 850; x_wconf 89' lang='lat' dir='ltr'>porro</span> <span class='ocrx_word' id='word_1_121' title='bbox 488 809 535 841; x_wconf 91' lang='lat' dir='ltr'>ad</span> <span class='ocrx_word' id='word_1_122' title='bbox 550 809 672 848; x_wconf 86' lang='lat' dir='ltr'>finem)</span> <span class='ocrx_word' id='word_1_123' title='bbox 685 820 693 840; x_wconf 91' lang='lat'>:</span> 
     </span>
    </p>
   </div>
   <div class='ocr_carea' id='block_1_7' title="bbox 132 928 1679 2928">
    <p class='ocr_par' dir='ltr' id='par_1_7' title="bbox 132 928 1679 2928">
     <span class='ocr_line' id='line_1_14' title="bbox 193 928 1678 984; baseline -0.002 -13"><span class='ocrx_word' id='word_1_124' title='bbox 193 937 243 972; x_wconf 91' lang='lat' dir='ltr'>ut</span> <span class='ocrx_word' id='word_1_125' title='bbox 282 930 450 971; x_wconf 87' lang='lat' dir='ltr'>sciatur</span> <span class='ocrx_word' id='word_1_126' title='bbox 489 931 609 984; x_wconf 93' lang='lat' dir='ltr'>quod</span> <span class='ocrx_word' id='word_1_127' title='bbox 650 944 728 983; x_wconf 91' lang='lat' dir='ltr'>per</span> <span class='ocrx_word' id='word_1_128' title='bbox 768 929 1106 983; x_wconf 88' lang='lat' dir='ltr'>“Aegyptum”</span> <span class='ocrx_word' id='word_1_129' title='bbox 1145 928 1422 982; x_wconf 84' lang='lat' dir='ltr'>significetur</span> <span class='ocrx_word' id='word_1_130' title='bbox 1461 928 1678 969; x_wconf 89' lang='lat' dir='ltr'>naturalis</span> 
     </span>
     <span class='ocr_line' id='line_1_15' title="bbox 191 991 1678 1046; baseline -0.002 -12"><span class='ocrx_word' id='word_1_131' title='bbox 191 993 344 1042; x_wconf 89' lang='lat' dir='ltr'>homo,</span> <span class='ocrx_word' id='word_1_132' title='bbox 367 993 439 1033; x_wconf 87' lang='lat' dir='ltr'>hic</span> <span class='ocrx_word' id='word_1_133' title='bbox 461 999 696 1046; x_wconf 88' lang='lat' dir='ltr'>separatus</span> <span class='ocrx_word' id='word_1_134' title='bbox 717 1006 744 1033; x_wconf 91' lang='lat' dir='ltr'>a</span> <span class='ocrx_word' id='word_1_135' title='bbox 765 992 998 1046; x_wconf 88' lang='lat' dir='ltr'>spirituali,</span> <span class='ocrx_word' id='word_1_136' title='bbox 1017 999 1064 1033; x_wconf 91' lang='lat' dir='ltr'>et</span> <span class='ocrx_word' id='word_1_137' title='bbox 1087 1006 1166 1045; x_wconf 90' lang='lat' dir='ltr'>per</span> <span class='ocrx_word' id='word_1_138' title='bbox 1186 991 1516 1032; x_wconf 85' lang='lat' dir='ltr'>“Aschurem”</span> <span class='ocrx_word' id='word_1_139' title='bbox 1538 992 1678 1031; x_wconf 86' lang='lat' dir='ltr'>ratio-</span> 
     </span>
     <span class='ocr_line' id='line_1_16' title="bbox 176 1054 1676 1108; baseline -0.003 -11"><span class='ocrx_word' id='word_1_140' title='bbox 176 1056 310 1105; x_wconf 63' lang='lat' dir='ltr'>nale,</span> <span class='ocrx_word' id='word_1_141' title='bbox 337 1056 408 1096; x_wconf 90' lang='lat' dir='ltr'>hic</span> <span class='ocrx_word' id='word_1_142' title='bbox 434 1056 720 1096; x_wconf 85' lang='lat' dir='ltr'>ratiocinatio</span> <span class='ocrx_word' id='word_1_143' title='bbox 746 1069 806 1096; x_wconf 86' lang='lat' dir='ltr'>ex</span> <span class='ocrx_word' id='word_1_144' title='bbox 831 1055 919 1096; x_wconf 91' lang='lat' dir='ltr'>illis</span> <span class='ocrx_word' id='word_1_145' title='bbox 944 1069 1059 1108; x_wconf 92' lang='lat' dir='ltr'>quae</span> <span class='ocrx_word' id='word_1_146' title='bbox 1085 1055 1304 1096; x_wconf 85' lang='lat' dir='ltr'>naturalis</span> <span class='ocrx_word' id='word_1_147' title='bbox 1330 1054 1529 1095; x_wconf 89' lang='lat' dir='ltr'>hominis</span> <span class='ocrx_word' id='word_1_148' title='bbox 1555 1060 1676 1099; x_wconf 87' lang='lat' dir='ltr'>sunt,</span> 
     </span>
     <span class='ocr_line' id='line_1_17' title="bbox 191 1117 1678 1171; baseline -0.001 -12"><span class='ocrx_word' id='word_1_149' title='bbox 191 1119 328 1160; x_wconf 92' lang='lat' dir='ltr'>velim</span> <span class='ocrx_word' id='word_1_150' title='bbox 367 1119 506 1160; x_wconf 90' lang='lat' dir='ltr'>etiam</span> <span class='ocrx_word' id='word_1_151' title='bbox 545 1119 805 1159; x_wconf 90' lang='lat' dir='ltr'>summatim</span> <span class='ocrx_word' id='word_1_152' title='bbox 844 1118 923 1158; x_wconf 91' lang='lat' dir='ltr'>illa</span> <span class='ocrx_word' id='word_1_153' title='bbox 961 1117 1218 1171; x_wconf 86' lang='lat' dir='ltr'>explicare:</span> <span class='ocrx_word' id='word_1_154' title='bbox 1261 1119 1427 1159; x_wconf 87' lang='lat' dir='ltr'>“Duae</span> <span class='ocrx_word' id='word_1_155' title='bbox 1467 1117 1678 1157; x_wconf 89' lang='lat' dir='ltr'>mulieres</span> 
     </span>
     <span class='ocr_line' id='line_1_18' title="bbox 194 1179 1679 1234; baseline -0.002 -12"><span class='ocrx_word' id='word_1_156' title='bbox 194 1181 312 1222; x_wconf 87' lang='lat' dir='ltr'>filiae</span> <span class='ocrx_word' id='word_1_157' title='bbox 346 1182 474 1222; x_wconf 86' lang='lat' dir='ltr'>unius</span> <span class='ocrx_word' id='word_1_158' title='bbox 511 1182 669 1222; x_wconf 89' lang='lat' dir='ltr'>matris</span> <span class='ocrx_word' id='word_1_159' title='bbox 703 1181 896 1230; x_wconf 88' lang='lat' dir='ltr'>suerunt,</span> <span class='ocrx_word' id='word_1_160' title='bbox 929 1195 1044 1234; x_wconf 91' lang='lat' dir='ltr'>quae</span> <span class='ocrx_word' id='word_1_161' title='bbox 1075 1187 1307 1221; x_wconf 87' lang='lat' dir='ltr'>scortatae</span> <span class='ocrx_word' id='word_1_162' title='bbox 1341 1181 1384 1220; x_wconf 89' lang='lat' dir='ltr'>in</span> <span class='ocrx_word' id='word_1_163' title='bbox 1417 1179 1679 1233; x_wconf 84' lang='lat' dir='ltr'>Aegypt0,&#39;&#39;</span> 
     </span>
     <span class='ocr_line' id='line_1_19' title="bbox 191 1242 1678 1297; baseline -0.001 -13"><span class='ocrx_word' id='word_1_164' title='bbox 191 1243 417 1297; x_wconf 62' lang='lat' dir='ltr'>significat</span> <span class='ocrx_word' id='word_1_165' title='bbox 447 1244 784 1285; x_wconf 81' lang='lat' dir='ltr'>falsificationes</span> <span class='ocrx_word' id='word_1_166' title='bbox 814 1245 907 1284; x_wconf 91' lang='lat' dir='ltr'>veri</span> <span class='ocrx_word' id='word_1_167' title='bbox 937 1250 984 1284; x_wconf 92' lang='lat' dir='ltr'>et</span> <span class='ocrx_word' id='word_1_168' title='bbox 1017 1243 1150 1293; x_wconf 89' lang='lat' dir='ltr'>boni;</span> <span class='ocrx_word' id='word_1_169' title='bbox 1194 1251 1241 1283; x_wconf 90' lang='lat' dir='ltr'>et</span> <span class='ocrx_word' id='word_1_170' title='bbox 1279 1244 1383 1296; x_wconf 91' lang='lat' dir='ltr'>quia</span> <span class='ocrx_word' id='word_1_171' title='bbox 1413 1242 1491 1282; x_wconf 86' lang='lat' dir='ltr'>filii</span> <span class='ocrx_word' id='word_1_172' title='bbox 1520 1242 1678 1294; x_wconf 75' lang='lat' dir='ltr'>jacobi</span> 
     </span>
     <span class='ocr_line' id='line_1_20' title="bbox 192 1305 1677 1358; baseline -0.002 -11"><span class='ocrx_word' id='word_1_173' title='bbox 192 1319 315 1348; x_wconf 89' lang='lat' dir='ltr'>mere</span> <span class='ocrx_word' id='word_1_174' title='bbox 336 1306 564 1347; x_wconf 87' lang='lat' dir='ltr'>naturales</span> <span class='ocrx_word' id='word_1_175' title='bbox 587 1307 792 1347; x_wconf 90' lang='lat' dir='ltr'>homines</span> <span class='ocrx_word' id='word_1_176' title='bbox 814 1306 1006 1354; x_wconf 90' lang='lat' dir='ltr'>fuerunt,</span> <span class='ocrx_word' id='word_1_177' title='bbox 1029 1306 1318 1347; x_wconf 88' lang='lat' dir='ltr'>idololatrica</span> <span class='ocrx_word' id='word_1_178' title='bbox 1340 1305 1677 1358; x_wconf 86' lang='lat' dir='ltr'>Aegyptiorum</span> 
     </span>
     <span class='ocr_line' id='line_1_21' title="bbox 192 1367 1678 1422; baseline -0.001 -13"><span class='ocrx_word' id='word_1_179' title='bbox 192 1369 462 1416; x_wconf 85' lang='lat' dir='ltr'>imbuerunt,</span> <span class='ocrx_word' id='word_1_180' title='bbox 481 1383 560 1422; x_wconf 89' lang='lat' dir='ltr'>per</span> <span class='ocrx_word' id='word_1_181' title='bbox 580 1369 700 1422; x_wconf 90' lang='lat' dir='ltr'>quod</span> <span class='ocrx_word' id='word_1_182' title='bbox 723 1368 1002 1422; x_wconf 85' lang='lat' dir='ltr'>significatur</span> <span class='ocrx_word' id='word_1_183' title='bbox 1025 1369 1146 1422; x_wconf 92' lang='lat' dir='ltr'>quod</span> <span class='ocrx_word' id='word_1_184' title='bbox 1169 1367 1502 1409; x_wconf 83' lang='lat' dir='ltr'>falsificaverint</span> <span class='ocrx_word' id='word_1_185' title='bbox 1526 1368 1678 1408; x_wconf 87' lang='lat' dir='ltr'>omnia</span> 
     </span>
     <span class='ocr_line' id='line_1_22' title="bbox 192 1430 1678 1484; baseline -0.001 -12"><span class='ocrx_word' id='word_1_186' title='bbox 192 1445 298 1472; x_wconf 90' lang='lat' dir='ltr'>vera</span> <span class='ocrx_word' id='word_1_187' title='bbox 327 1431 572 1472; x_wconf 88' lang='lat' dir='ltr'>ecclesiae:</span> <span class='ocrx_word' id='word_1_188' title='bbox 614 1432 835 1472; x_wconf 87' lang='lat' dir='ltr'>“nomina</span> <span class='ocrx_word' id='word_1_189' title='bbox 864 1444 1016 1472; x_wconf 88' lang='lat' dir='ltr'>earum</span> <span class='ocrx_word' id='word_1_190' title='bbox 1050 1430 1202 1472; x_wconf 90' lang='lat' dir='ltr'>Ohola</span> <span class='ocrx_word' id='word_1_191' title='bbox 1234 1431 1374 1483; x_wconf 89' lang='lat' dir='ltr'>major</span> <span class='ocrx_word' id='word_1_192' title='bbox 1407 1437 1530 1479; x_wconf 89' lang='lat' dir='ltr'>natu,</span> <span class='ocrx_word' id='word_1_193' title='bbox 1563 1444 1678 1484; x_wconf 90' lang='lat' dir='ltr'>quae</span> 
     </span>
     <span class='ocr_line' id='line_1_23' title="bbox 194 1493 1676 1548; baseline -0.001 -13"><span class='ocrx_word' id='word_1_194' title='bbox 194 1494 409 1543; x_wconf 86' lang='lat' dir='ltr'>Samaria,</span> <span class='ocrx_word' id='word_1_195' title='bbox 432 1501 479 1535; x_wconf 93' lang='lat' dir='ltr'>et</span> <span class='ocrx_word' id='word_1_196' title='bbox 503 1493 714 1543; x_wconf 90' lang='lat' dir='ltr'>Oholiba,</span> <span class='ocrx_word' id='word_1_197' title='bbox 733 1508 847 1548; x_wconf 90' lang='lat' dir='ltr'>quae</span> <span class='ocrx_word' id='word_1_198' title='bbox 870 1494 1231 1547; x_wconf 90' lang='lat' dir='ltr'>Hierosolyma,&#39;&#39;</span> <span class='ocrx_word' id='word_1_199' title='bbox 1252 1493 1477 1547; x_wconf 87' lang='lat' dir='ltr'>significat</span> <span class='ocrx_word' id='word_1_200' title='bbox 1504 1500 1676 1534; x_wconf 85' lang='lat' dir='ltr'>utram-</span> 
     </span>
     <span class='ocr_line' id='line_1_24' title="bbox 193 1558 1676 1613; baseline -0.001 -14"><span class='ocrx_word' id='word_1_201' title='bbox 193 1573 279 1613; x_wconf 89' lang='lat' dir='ltr'>que</span> <span class='ocrx_word' id='word_1_202' title='bbox 300 1558 540 1599; x_wconf 82' lang='lat' dir='ltr'>ecclesiam</span> <span class='ocrx_word' id='word_1_203' title='bbox 563 1559 843 1611; x_wconf 89' lang='lat' dir='ltr'>spiritualem</span> <span class='ocrx_word' id='word_1_204' title='bbox 869 1565 915 1599; x_wconf 90' lang='lat' dir='ltr'>et</span> <span class='ocrx_word' id='word_1_205' title='bbox 939 1558 1201 1606; x_wconf 88' lang='lat' dir='ltr'>caelestem,</span> <span class='ocrx_word' id='word_1_206' title='bbox 1225 1571 1336 1611; x_wconf 90' lang='lat' dir='ltr'>quas</span> <span class='ocrx_word' id='word_1_207' title='bbox 1362 1563 1676 1611; x_wconf 88' lang='lat' dir='ltr'>repraesenta-</span> 
     </span>
     <span class='ocr_line' id='line_1_25' title="bbox 197 1619 1678 1675; baseline -0.001 -13"><span class='ocrx_word' id='word_1_208' title='bbox 197 1628 359 1662; x_wconf 89' lang='lat' dir='ltr'>verunt</span> <span class='ocrx_word' id='word_1_209' title='bbox 386 1622 555 1675; x_wconf 91' lang='lat' dir='ltr'>posteri</span> <span class='ocrx_word' id='word_1_210' title='bbox 578 1621 761 1674; x_wconf 83' lang='lat' dir='ltr'>Jacobi;</span> <span class='ocrx_word' id='word_1_211' title='bbox 795 1621 1028 1662; x_wconf 87' lang='lat' dir='ltr'>Israelitae</span> <span class='ocrx_word' id='word_1_212' title='bbox 1051 1622 1124 1674; x_wconf 90' lang='lat' dir='ltr'>qui</span> <span class='ocrx_word' id='word_1_213' title='bbox 1149 1622 1194 1660; x_wconf 91' lang='lat' dir='ltr'>in</span> <span class='ocrx_word' id='word_1_214' title='bbox 1217 1620 1417 1661; x_wconf 86' lang='lat' dir='ltr'>Samaria</span> <span class='ocrx_word' id='word_1_215' title='bbox 1438 1619 1678 1660; x_wconf 89' lang='lat' dir='ltr'>ecclesiam</span> 
     </span>
     <span class='ocr_line' id='line_1_26' title="bbox 191 1682 1676 1737; baseline -0.001 -13"><span class='ocrx_word' id='word_1_216' title='bbox 191 1684 486 1737; x_wconf 89' lang='lat' dir='ltr'>spiritualem,</span> <span class='ocrx_word' id='word_1_217' title='bbox 505 1690 551 1724; x_wconf 91' lang='lat' dir='ltr'>et</span> <span class='ocrx_word' id='word_1_218' title='bbox 571 1684 730 1736; x_wconf 90' lang='lat' dir='ltr'>Judaei</span> <span class='ocrx_word' id='word_1_219' title='bbox 751 1684 795 1723; x_wconf 91' lang='lat' dir='ltr'>in</span> <span class='ocrx_word' id='word_1_220' title='bbox 819 1683 1140 1735; x_wconf 90' lang='lat' dir='ltr'>Hierosolyma</span> <span class='ocrx_word' id='word_1_221' title='bbox 1157 1683 1396 1723; x_wconf 86' lang='lat' dir='ltr'>ecclesiam</span> <span class='ocrx_word' id='word_1_222' title='bbox 1414 1682 1676 1730; x_wconf 87' lang='lat' dir='ltr'>caelestem,</span> 
     </span>
     <span class='ocr_line' id='line_1_27' title="bbox 193 1743 1678 1800; baseline -0.001 -13"><span class='ocrx_word' id='word_1_223' title='bbox 193 1754 383 1800; x_wconf 88' lang='lat' dir='ltr'>utraque</span> <span class='ocrx_word' id='word_1_224' title='bbox 400 1761 460 1787; x_wconf 88' lang='lat' dir='ltr'>ex</span> <span class='ocrx_word' id='word_1_225' title='bbox 478 1747 637 1787; x_wconf 90' lang='lat' dir='ltr'>eadem</span> <span class='ocrx_word' id='word_1_226' title='bbox 656 1753 815 1795; x_wconf 89' lang='lat' dir='ltr'>matre,</span> <span class='ocrx_word' id='word_1_227' title='bbox 831 1760 945 1799; x_wconf 89' lang='lat' dir='ltr'>quae</span> <span class='ocrx_word' id='word_1_228' title='bbox 963 1752 1032 1787; x_wconf 92' lang='lat' dir='ltr'>est</span> <span class='ocrx_word' id='word_1_229' title='bbox 1052 1746 1263 1786; x_wconf 91' lang='lat' dir='ltr'>Divinum</span> <span class='ocrx_word' id='word_1_230' title='bbox 1278 1745 1448 1786; x_wconf 87' lang='lat' dir='ltr'>Verum</span> <span class='ocrx_word' id='word_1_231' title='bbox 1465 1759 1474 1785; x_wconf 89' lang='lat'>:</span> <span class='ocrx_word' id='word_1_232' title='bbox 1490 1749 1515 1764; x_wconf 86' lang='lat'><em>“</em></span> <span class='ocrx_word' id='word_1_233' title='bbox 1528 1743 1678 1785; x_wconf 90' lang='lat' dir='ltr'>Ohola</span> 
     </span>
     <span class='ocr_line' id='line_1_28' title="bbox 192 1807 1675 1862; baseline -0.002 -12"><span class='ocrx_word' id='word_1_234' title='bbox 192 1816 397 1851; x_wconf 87' lang='lat' dir='ltr'>scortata</span> <span class='ocrx_word' id='word_1_235' title='bbox 421 1816 492 1850; x_wconf 90' lang='lat' dir='ltr'>est</span> <span class='ocrx_word' id='word_1_236' title='bbox 518 1810 600 1849; x_wconf 90' lang='lat' dir='ltr'>sub</span> <span class='ocrx_word' id='word_1_237' title='bbox 626 1809 701 1850; x_wconf 92' lang='lat' dir='ltr'>Me</span> <span class='ocrx_word' id='word_1_238' title='bbox 719 1809 738 1824; x_wconf 90' lang='lat'><strong>”</strong></span> <span class='ocrx_word' id='word_1_239' title='bbox 761 1808 985 1862; x_wconf 88' lang='lat' dir='ltr'>significat</span> <span class='ocrx_word' id='word_1_240' title='bbox 1007 1808 1367 1849; x_wconf 84' lang='lat' dir='ltr'>falsificationem</span> <span class='ocrx_word' id='word_1_241' title='bbox 1394 1807 1544 1848; x_wconf 91' lang='lat' dir='ltr'>Divini</span> <span class='ocrx_word' id='word_1_242' title='bbox 1567 1807 1675 1848; x_wconf 90' lang='lat' dir='ltr'>Veri</span> 
     </span>
     <span class='ocr_line' id='line_1_29' title="bbox 192 1871 1675 1927; baseline -0.002 -13"><span class='ocrx_word' id='word_1_243' title='bbox 192 1873 313 1927; x_wconf 92' lang='lat' dir='ltr'>quod</span> <span class='ocrx_word' id='word_1_244' title='bbox 338 1873 383 1913; x_wconf 92' lang='lat' dir='ltr'>in</span> <span class='ocrx_word' id='word_1_245' title='bbox 405 1873 561 1913; x_wconf 90' lang='lat' dir='ltr'>Verbo</span> <span class='ocrx_word' id='word_1_246' title='bbox 580 1886 589 1912; x_wconf 82' lang='lat' dir='ltr'>z</span> <span class='ocrx_word' id='word_1_247' title='bbox 625 1877 710 1913; x_wconf 87' lang='lat' dir='ltr'>“et</span> <span class='ocrx_word' id='word_1_248' title='bbox 736 1873 905 1912; x_wconf 88' lang='lat' dir='ltr'>amavit</span> <span class='ocrx_word' id='word_1_249' title='bbox 929 1871 1145 1924; x_wconf 85' lang='lat' dir='ltr'>Assyrios</span> <span class='ocrx_word' id='word_1_250' title='bbox 1166 1872 1455 1924; x_wconf 89' lang='lat' dir='ltr'>propinquos,</span> <span class='ocrx_word' id='word_1_251' title='bbox 1478 1877 1525 1911; x_wconf 89' lang='lat' dir='ltr'>et</span> <span class='ocrx_word' id='word_1_252' title='bbox 1548 1871 1675 1912; x_wconf 90' lang='lat' dir='ltr'>dedit</span> 
     </span>
     <span class='ocr_line' id='line_1_30' title="bbox 193 1933 1674 1988; baseline -0.002 -12"><span class='ocrx_word' id='word_1_253' title='bbox 193 1936 496 1977; x_wconf 88' lang='lat' dir='ltr'>scortationes</span> <span class='ocrx_word' id='word_1_254' title='bbox 521 1949 623 1975; x_wconf 88' lang='lat' dir='ltr'>suas</span> <span class='ocrx_word' id='word_1_255' title='bbox 654 1949 787 1988; x_wconf 87' lang='lat' dir='ltr'>supra</span> <span class='ocrx_word' id='word_1_256' title='bbox 812 1933 1038 1975; x_wconf 62' lang='lat' dir='ltr'>delectum</span> <span class='ocrx_word' id='word_1_257' title='bbox 1063 1933 1254 1974; x_wconf 88' lang='lat' dir='ltr'>filiorum</span> <span class='ocrx_word' id='word_1_258' title='bbox 1282 1933 1502 1974; x_wconf 88' lang='lat' dir='ltr'>Aschuris</span> <span class='ocrx_word' id='word_1_259' title='bbox 1528 1935 1674 1974; x_wconf 91' lang='lat' dir='ltr'>omni-</span> 
     </span>
     <span class='ocr_line' id='line_1_31' title="bbox 192 1996 1674 2051; baseline -0.002 -12"><span class='ocrx_word' id='word_1_260' title='bbox 192 1998 306 2046; x_wconf 90' lang='lat' dir='ltr'>um,”</span> <span class='ocrx_word' id='word_1_261' title='bbox 323 1997 547 2051; x_wconf 86' lang='lat' dir='ltr'>significat</span> <span class='ocrx_word' id='word_1_262' title='bbox 570 1997 936 2038; x_wconf 88' lang='lat' dir='ltr'>confirmationes</span> <span class='ocrx_word' id='word_1_263' title='bbox 959 2011 1037 2050; x_wconf 89' lang='lat' dir='ltr'>per</span> <span class='ocrx_word' id='word_1_264' title='bbox 1053 1996 1196 2037; x_wconf 91' lang='lat' dir='ltr'>multa</span> <span class='ocrx_word' id='word_1_265' title='bbox 1218 1997 1477 2037; x_wconf 89' lang='lat' dir='ltr'>ratiocinia:</span> <span class='ocrx_word' id='word_1_266' title='bbox 1514 2000 1674 2037; x_wconf 82' lang='lat' dir='ltr'>“atta-</span> 
     </span>
     <span class='ocr_line' id='line_1_32' title="bbox 192 2059 1675 2112; baseline -0.002 -10"><span class='ocrx_word' id='word_1_267' title='bbox 192 2074 296 2102; x_wconf 91' lang='lat' dir='ltr'>men</span> <span class='ocrx_word' id='word_1_268' title='bbox 335 2061 638 2102; x_wconf 88' lang='lat' dir='ltr'>scortationes</span> <span class='ocrx_word' id='word_1_269' title='bbox 678 2073 781 2100; x_wconf 87' lang='lat' dir='ltr'>suas</span> <span class='ocrx_word' id='word_1_270' title='bbox 822 2074 883 2100; x_wconf 87' lang='lat' dir='ltr'>ex</span> <span class='ocrx_word' id='word_1_271' title='bbox 922 2059 1146 2112; x_wconf 86' lang='lat' dir='ltr'>Aegypto</span> <span class='ocrx_word' id='word_1_272' title='bbox 1186 2073 1275 2099; x_wconf 92' lang='lat' dir='ltr'>non</span> <span class='ocrx_word' id='word_1_273' title='bbox 1316 2060 1529 2107; x_wconf 87' lang='lat' dir='ltr'>deseruit,</span> <span class='ocrx_word' id='word_1_274' title='bbox 1571 2072 1675 2099; x_wconf 90' lang='lat' dir='ltr'>nam</span> 
     </span>
     <span class='ocr_line' id='line_1_33' title="bbox 132 2121 1674 2179; baseline -0.001 -15"><span class='ocrx_word' id='word_1_275' title='bbox 132 2176 137 2179; x_wconf 70' lang='lat'>,</span> <span class='ocrx_word' id='word_1_276' title='bbox 191 2136 293 2164; x_wconf 90' lang='lat' dir='ltr'>cum</span> <span class='ocrx_word' id='word_1_277' title='bbox 329 2137 384 2164; x_wconf 88' lang='lat' dir='ltr'>ea</span> <span class='ocrx_word' id='word_1_278' title='bbox 422 2123 664 2164; x_wconf 89' lang='lat' dir='ltr'>concubuit</span> <span class='ocrx_word' id='word_1_279' title='bbox 704 2123 749 2162; x_wconf 91' lang='lat' dir='ltr'>in</span> <span class='ocrx_word' id='word_1_280' title='bbox 789 2122 1100 2162; x_wconf 89' lang='lat' dir='ltr'>adolescentia</span> <span class='ocrx_word' id='word_1_281' title='bbox 1139 2122 1257 2170; x_wconf 87' lang='lat' dir='ltr'>sua,’&#39;</span> <span class='ocrx_word' id='word_1_282' title='bbox 1293 2121 1517 2175; x_wconf 86' lang='lat' dir='ltr'>significat</span> <span class='ocrx_word' id='word_1_283' title='bbox 1554 2122 1674 2175; x_wconf 90' lang='lat' dir='ltr'>quod</span> 
     </span>
     <span class='ocr_line' id='line_1_34' title="bbox 192 2184 1673 2240; baseline -0.002 -13"><span class='ocrx_word' id='word_1_284' title='bbox 192 2199 331 2240; x_wconf 90' lang='lat' dir='ltr'>usque</span> <span class='ocrx_word' id='word_1_285' title='bbox 366 2186 593 2239; x_wconf 87' lang='lat' dir='ltr'>prosecuti</span> <span class='ocrx_word' id='word_1_286' title='bbox 629 2186 719 2225; x_wconf 90' lang='lat' dir='ltr'>sint</span> <span class='ocrx_word' id='word_1_287' title='bbox 756 2184 1067 2225; x_wconf 90' lang='lat' dir='ltr'>idololatrica:</span> <span class='ocrx_word' id='word_1_288' title='bbox 1114 2185 1254 2225; x_wconf 90' lang='lat' dir='ltr'>“ideo</span> <span class='ocrx_word' id='word_1_289' title='bbox 1290 2185 1456 2225; x_wconf 87' lang='lat' dir='ltr'>tradidi</span> <span class='ocrx_word' id='word_1_290' title='bbox 1491 2198 1592 2224; x_wconf 88' lang='lat' dir='ltr'>eam</span> <span class='ocrx_word' id='word_1_291' title='bbox 1629 2185 1673 2224; x_wconf 92' lang='lat' dir='ltr'>in</span> 
     </span>
     <span class='ocr_line' id='line_1_35' title="bbox 193 2246 1672 2300; baseline -0.001 -11"><span class='ocrx_word' id='word_1_292' title='bbox 193 2262 375 2289; x_wconf 89' lang='lat' dir='ltr'>manum</span> <span class='ocrx_word' id='word_1_293' title='bbox 397 2249 666 2289; x_wconf 87' lang='lat' dir='ltr'>amasiorum</span> <span class='ocrx_word' id='word_1_294' title='bbox 689 2247 782 2299; x_wconf 83' lang='lat' dir='ltr'>ejus</span> <span class='ocrx_word' id='word_1_295' title='bbox 803 2246 994 2287; x_wconf 89' lang='lat' dir='ltr'>filiorum</span> <span class='ocrx_word' id='word_1_296' title='bbox 1016 2246 1268 2287; x_wconf 88' lang='lat' dir='ltr'>Aschuris”</span> <span class='ocrx_word' id='word_1_297' title='bbox 1285 2246 1510 2300; x_wconf 88' lang='lat' dir='ltr'>significat</span> <span class='ocrx_word' id='word_1_298' title='bbox 1532 2247 1672 2287; x_wconf 83' lang='lat' dir='ltr'>ratio-</span> 
     </span>
     <span class='ocr_line' id='line_1_36' title="bbox 191 2309 1671 2359; baseline -0.001 -7"><span class='ocrx_word' id='word_1_299' title='bbox 191 2313 308 2352; x_wconf 90' lang='lat' dir='ltr'>cinia</span> <span class='ocrx_word' id='word_1_300' title='bbox 331 2311 645 2352; x_wconf 88' lang='lat' dir='ltr'>confirmantia</span> <span class='ocrx_word' id='word_1_301' title='bbox 666 2309 978 2359; x_wconf 88' lang='lat' dir='ltr'>idololatrica;</span> <span class='ocrx_word' id='word_1_302' title='bbox 1014 2310 1115 2350; x_wconf 86' lang='lat' dir='ltr'>“illi</span> <span class='ocrx_word' id='word_1_303' title='bbox 1137 2310 1393 2351; x_wconf 84' lang='lat' dir='ltr'>revelarunt</span> <span class='ocrx_word' id='word_1_304' title='bbox 1416 2311 1671 2352; x_wconf 91' lang='lat' dir='ltr'>nuditatem</span> 
     </span>
     <span class='ocr_line' id='line_1_37' title="bbox 190 2371 1675 2427; baseline 0 -12"><span class='ocrx_word' id='word_1_305' title='bbox 190 2374 298 2427; x_wconf 91' lang='lat' dir='ltr'>ejus,</span> <span class='ocrx_word' id='word_1_306' title='bbox 336 2373 451 2414; x_wconf 88' lang='lat' dir='ltr'>filios</span> <span class='ocrx_word' id='word_1_307' title='bbox 487 2373 579 2425; x_wconf 87' lang='lat' dir='ltr'>ejus</span> <span class='ocrx_word' id='word_1_308' title='bbox 619 2380 666 2413; x_wconf 92' lang='lat' dir='ltr'>et</span> <span class='ocrx_word' id='word_1_309' title='bbox 703 2372 816 2412; x_wconf 88' lang='lat' dir='ltr'>filias</span> <span class='ocrx_word' id='word_1_310' title='bbox 856 2371 949 2424; x_wconf 91' lang='lat' dir='ltr'>ejus</span> <span class='ocrx_word' id='word_1_311' title='bbox 984 2379 1214 2425; x_wconf 88' lang='lat' dir='ltr'>ceperunt,</span> <span class='ocrx_word' id='word_1_312' title='bbox 1254 2379 1301 2413; x_wconf 90' lang='lat' dir='ltr'>et</span> <span class='ocrx_word' id='word_1_313' title='bbox 1339 2374 1482 2426; x_wconf 88' lang='lat' dir='ltr'>ipsam</span> <span class='ocrx_word' id='word_1_314' title='bbox 1520 2373 1675 2426; x_wconf 87' lang='lat' dir='ltr'>gladio</span> 
     </span>
     <span class='ocr_line' id='line_1_38' title="bbox 191 2434 1673 2488; baseline 0.001 -11"><span class='ocrx_word' id='word_1_315' title='bbox 191 2436 378 2477; x_wconf 90' lang='lat' dir='ltr'>tandem</span> <span class='ocrx_word' id='word_1_316' title='bbox 415 2435 717 2483; x_wconf 85' lang='lat' dir='ltr'>occiderunt,’&#39;</span> <span class='ocrx_word' id='word_1_317' title='bbox 748 2434 972 2488; x_wconf 89' lang='lat' dir='ltr'>significat</span> <span class='ocrx_word' id='word_1_318' title='bbox 1009 2435 1367 2488; x_wconf 90' lang='lat' dir='ltr'>deprivationem</span> <span class='ocrx_word' id='word_1_319' title='bbox 1404 2437 1549 2476; x_wconf 89' lang='lat' dir='ltr'>omnis</span> <span class='ocrx_word' id='word_1_320' title='bbox 1580 2439 1673 2478; x_wconf 91' lang='lat' dir='ltr'>veri</span> 
     </span>
     <span class='ocr_line' id='line_1_39' title="bbox 190 2496 1669 2551; baseline 0 -11"><span class='ocrx_word' id='word_1_321' title='bbox 190 2506 238 2540; x_wconf 91' lang='lat' dir='ltr'>et</span> <span class='ocrx_word' id='word_1_322' title='bbox 261 2499 380 2547; x_wconf 90' lang='lat' dir='ltr'>boni,</span> <span class='ocrx_word' id='word_1_323' title='bbox 399 2505 446 2540; x_wconf 93' lang='lat' dir='ltr'>et</span> <span class='ocrx_word' id='word_1_324' title='bbox 467 2499 572 2539; x_wconf 92' lang='lat' dir='ltr'>inde</span> <span class='ocrx_word' id='word_1_325' title='bbox 589 2496 942 2539; x_wconf 65' lang='lat' dir='ltr'>exstinctionem</span> <span class='ocrx_word' id='word_1_326' title='bbox 958 2497 1177 2538; x_wconf 86' lang='lat' dir='ltr'>ecclesiae</span> <span class='ocrx_word' id='word_1_327' title='bbox 1199 2499 1317 2551; x_wconf 90' lang='lat' dir='ltr'>apud</span> <span class='ocrx_word' id='word_1_328' title='bbox 1340 2498 1467 2549; x_wconf 88' lang='lat' dir='ltr'>illos;</span> <span class='ocrx_word' id='word_1_329' title='bbox 1502 2503 1527 2519; x_wconf 82' lang='lat'>‘⁴</span> <span class='ocrx_word' id='word_1_330' title='bbox 1541 2500 1669 2540; x_wconf 91' lang='lat' dir='ltr'>nudi-</span> 
     </span>
     <span class='ocr_line' id='line_1_40' title="bbox 191 2559 1670 2614; baseline 0.001 -12"><span class='ocrx_word' id='word_1_331' title='bbox 191 2561 296 2602; x_wconf 88' lang='lat' dir='ltr'>tas’‘</span> <span class='ocrx_word' id='word_1_332' title='bbox 320 2568 390 2602; x_wconf 87' lang='lat' dir='ltr'>est</span> <span class='ocrx_word' id='word_1_333' title='bbox 422 2562 689 2614; x_wconf 88' lang='lat' dir='ltr'>deprivatio,</span> <span class='ocrx_word' id='word_1_334' title='bbox 720 2559 832 2600; x_wconf 84' lang='lat' dir='ltr'>“filii</span> <span class='ocrx_word' id='word_1_335' title='bbox 863 2567 910 2601; x_wconf 95' lang='lat' dir='ltr'>et</span> <span class='ocrx_word' id='word_1_336' title='bbox 941 2559 1092 2601; x_wconf 88' lang='lat' dir='ltr'>filiae‘’</span> <span class='ocrx_word' id='word_1_337' title='bbox 1118 2567 1223 2601; x_wconf 90' lang='lat' dir='ltr'>sunt</span> <span class='ocrx_word' id='word_1_338' title='bbox 1248 2575 1354 2601; x_wconf 87' lang='lat' dir='ltr'>vera</span> <span class='ocrx_word' id='word_1_339' title='bbox 1385 2568 1431 2602; x_wconf 92' lang='lat' dir='ltr'>et</span> <span class='ocrx_word' id='word_1_340' title='bbox 1463 2562 1596 2609; x_wconf 88' lang='lat' dir='ltr'>bona,</span> <span class='ocrx_word' id='word_1_341' title='bbox 1624 2569 1670 2603; x_wconf 91' lang='lat' dir='ltr'>et</span> 
     </span>
     <span class='ocr_line' id='line_1_41' title="bbox 194 2621 1672 2676; baseline 0.001 -12"><span class='ocrx_word' id='word_1_342' title='bbox 194 2621 450 2664; x_wconf 71' lang='lat' dir='ltr'>“¹¹¹Ohola”</span> <span class='ocrx_word' id='word_1_343' title='bbox 471 2631 541 2664; x_wconf 89' lang='lat' dir='ltr'>est</span> <span class='ocrx_word' id='word_1_344' title='bbox 568 2623 758 2664; x_wconf 89' lang='lat' dir='ltr'>ecclesia</span> <span class='ocrx_word' id='word_1_345' title='bbox 778 2636 787 2662; x_wconf 92' lang='lat'>:</span> <span class='ocrx_word' id='word_1_346' title='bbox 823 2622 974 2662; x_wconf 87' lang='lat' dir='ltr'>“vidit</span> <span class='ocrx_word' id='word_1_347' title='bbox 997 2636 1122 2663; x_wconf 90' lang='lat' dir='ltr'>soror</span> <span class='ocrx_word' id='word_1_348' title='bbox 1146 2623 1238 2676; x_wconf 89' lang='lat' dir='ltr'>ejus</span> <span class='ocrx_word' id='word_1_349' title='bbox 1264 2622 1476 2672; x_wconf 89' lang='lat' dir='ltr'>Oholiba,</span> <span class='ocrx_word' id='word_1_350' title='bbox 1500 2631 1546 2665; x_wconf 91' lang='lat' dir='ltr'>et</span> <span class='ocrx_word' id='word_1_351' title='bbox 1573 2638 1672 2666; x_wconf 87' lang='lat' dir='ltr'>cor-</span> 
     </span>
     <span class='ocr_line' id='line_1_42' title="bbox 190 2685 1671 2739; baseline 0.001 -12"><span class='ocrx_word' id='word_1_352' title='bbox 190 2687 310 2739; x_wconf 90' lang='lat' dir='ltr'>rupit</span> <span class='ocrx_word' id='word_1_353' title='bbox 340 2699 540 2726; x_wconf 89' lang='lat' dir='ltr'>amorem</span> <span class='ocrx_word' id='word_1_354' title='bbox 572 2699 700 2726; x_wconf 87' lang='lat' dir='ltr'>suum</span> <span class='ocrx_word' id='word_1_355' title='bbox 732 2685 831 2738; x_wconf 90' lang='lat' dir='ltr'>plus</span> <span class='ocrx_word' id='word_1_356' title='bbox 861 2698 996 2738; x_wconf 89' lang='lat' dir='ltr'>quam</span> <span class='ocrx_word' id='word_1_357' title='bbox 1032 2685 1123 2734; x_wconf 87' lang='lat' dir='ltr'>illa,</span> <span class='ocrx_word' id='word_1_358' title='bbox 1156 2693 1203 2727; x_wconf 90' lang='lat' dir='ltr'>et</span> <span class='ocrx_word' id='word_1_359' title='bbox 1234 2688 1537 2728; x_wconf 85' lang='lat' dir='ltr'>scortationes</span> <span class='ocrx_word' id='word_1_360' title='bbox 1569 2702 1671 2728; x_wconf 86' lang='lat' dir='ltr'>suas</span> 
     </span>
     <span class='ocr_line' id='line_1_43' title="bbox 191 2747 1670 2801; baseline 0.002 -13"><span class='ocrx_word' id='word_1_361' title='bbox 191 2761 324 2801; x_wconf 90' lang='lat' dir='ltr'>supra</span> <span class='ocrx_word' id='word_1_362' title='bbox 355 2749 656 2788; x_wconf 87' lang='lat' dir='ltr'>scortationes</span> <span class='ocrx_word' id='word_1_363' title='bbox 687 2749 851 2788; x_wconf 87' lang='lat' dir='ltr'>sororis</span> <span class='ocrx_word' id='word_1_364' title='bbox 883 2747 1028 2795; x_wconf 88' lang='lat' dir='ltr'>suae,”</span> <span class='ocrx_word' id='word_1_365' title='bbox 1054 2748 1277 2800; x_wconf 87' lang='lat' dir='ltr'>significat</span> <span class='ocrx_word' id='word_1_366' title='bbox 1304 2749 1670 2791; x_wconf 87' lang='lat' dir='ltr'>devastationem</span> 
     </span>
     <span class='ocr_line' id='line_1_44' title="bbox 190 2809 1669 2864; baseline 0.001 -14"><span class='ocrx_word' id='word_1_367' title='bbox 190 2809 410 2851; x_wconf 87' lang='lat' dir='ltr'>ecclesiae</span> <span class='ocrx_word' id='word_1_368' title='bbox 440 2809 663 2858; x_wconf 88' lang='lat' dir='ltr'>caelestis,</span> <span class='ocrx_word' id='word_1_369' title='bbox 696 2822 830 2863; x_wconf 90' lang='lat' dir='ltr'>quam</span> <span class='ocrx_word' id='word_1_370' title='bbox 862 2823 975 2862; x_wconf 87' lang='lat' dir='ltr'>gens</span> <span class='ocrx_word' id='word_1_371' title='bbox 998 2810 1198 2862; x_wconf 90' lang='lat' dir='ltr'>Judaica,</span> <span class='ocrx_word' id='word_1_372' title='bbox 1230 2825 1344 2864; x_wconf 89' lang='lat' dir='ltr'>quae</span> <span class='ocrx_word' id='word_1_373' title='bbox 1375 2813 1419 2852; x_wconf 92' lang='lat' dir='ltr'>in</span> <span class='ocrx_word' id='word_1_374' title='bbox 1453 2812 1669 2853; x_wconf 88' lang='lat' dir='ltr'>Hieroso-</span> 
     </span>
     <span class='ocr_line' id='line_1_45' title="bbox 183 2872 1665 2928; baseline 0.001 -15"><span class='ocrx_word' id='word_1_375' title='bbox 183 2872 328 2925; x_wconf 72' lang='lat' dir='ltr'>lyma,</span> <span class='ocrx_word' id='word_1_376' title='bbox 370 2873 755 2926; x_wconf 88' lang='lat' dir='ltr'>repraesentavit;</span> <span class='ocrx_word' id='word_1_377' title='bbox 801 2886 915 2926; x_wconf 88' lang='lat' dir='ltr'>quae</span> <span class='ocrx_word' id='word_1_378' title='bbox 953 2874 1239 2926; x_wconf 87' lang='lat' dir='ltr'>“corrupisse</span> <span class='ocrx_word' id='word_1_379' title='bbox 1284 2887 1483 2915; x_wconf 88' lang='lat' dir='ltr'>amorem</span> <span class='ocrx_word' id='word_1_380' title='bbox 1527 2874 1665 2928; x_wconf 89' lang='lat' dir='ltr'>[plus]</span> 
     </span>
    </p>
   </div>
  </div>
 </body>
</html>
