1962 3334
329 243 433 284 1688
739 252 1072 284 APOCALYPSIS
1105 253 1406 285 EXPLICATA.

326 363 395 417 [B.
423 364 481 404 A.
511 364 682 418 30-32],
712 364 830 405 illius
858 366 1034 418 capitis,
1064 365 1137 406 ubi
1165 365 1277 406 haec
1303 365 1455 413 verba,

389 454 498 486 “Rex
512 455 609 492 dixit,
626 455 756 486 Nonne
774 455 842 486 hoc
861 461 915 486 est
931 455 1041 486 Babel
1060 465 1193 495 magna
1207 465 1312 496 quam
1331 465 1399 495 ego
1417 454 1600 486 aedificavi
1620 454 1655 486 in
1670 454 1816 486 domum

498 498 611 538 regni,
639 509 702 538 per
730 500 840 530 robur
864 499 1087 530 fortitudinis
1113 509 1225 536 meae,
1252 505 1287 530 et
1312 499 1347 529 in
1373 498 1524 538 gloriam
1550 498 1698 529 honoris
1723 499 1819 529 mei?

498 542 627 573 Adhuc
648 543 793 573 verbum
816 543 851 573 in
873 552 934 573 ore
955 543 1060 582 regis,
1079 553 1150 573 vox
1170 553 1189 573 e
1211 542 1320 573 caelis
1341 542 1479 579 cecidit,
1498 542 1649 579 dicens„
1665 566 1672 573 .
1686 566 1693 573 .
1709 541 1819 581 .Reg-

499 595 585 616 num
604 586 773 617 transibit
789 586 834 617 de
852 592 896 624 te,
914 592 950 617 et
966 588 1012 617 ab
1029 586 1176 617 homine
1194 586 1376 626 expellent
1395 592 1439 622 te,
1455 591 1490 616 et
1508 595 1588 616 cum
1606 585 1722 616 bestia
1739 585 1818 625 agri

496 629 672 660 habitatio
697 635 781 667 tua;
813 630 960 660 herbam
986 630 1078 661 sicut
1103 631 1216 660 boves
1242 635 1275 660 te
1300 636 1447 669 gustare
1471 629 1630 666 facient„
1646 653 1674 660 ..
1690 638 1818 669 ,usque

497 673 581 703 dum
607 673 701 704 scias
726 673 821 713 quod
841 673 1047 704 dominetur
1068 673 1281 704 Altissimus
1307 673 1343 703 in
1369 682 1518 713 regnum
1538 672 1706 710 hominis,
1727 678 1762 703 et
1786 671 1818 702 ei

496 717 552 747 cui
570 717 645 748 vult
664 717 727 748 det
744 716 869 749 illud.''

323 803 458 857 Quod
486 818 564 858 per
590 808 614 824 ‘¹
631 804 1130 846 Nebuchadnezarem”
1153 812 1202 846 ut
1234 818 1389 858 regem
1413 804 1593 845 Babelis
1620 804 1664 844 in
1690 803 1818 844 initio

321 866 599 920 significetur
631 867 827 908 ecclesia
865 868 1077 909 caelestis
1110 874 1155 908 et
1193 867 1286 921 ejus
1318 869 1647 908 incrementum
1679 880 1818 919 usque

320 930 377 970 ad
416 931 667 984 sapientiae
705 931 957 984 fastigium,
992 938 1176 972 constat
1215 945 1393 984 quoque
1425 931 1543 984 apud
1574 930 1816 979 Danielem,

321 993 393 1033 ubi
420 994 570 1046 agitur
592 994 648 1034 de
674 1000 829 1034 statua
859 995 955 1034 visa
985 994 1041 1034 ab
1066 995 1164 1048 ipso
1192 995 1236 1034 in
1263 995 1467 1034 somnio:
1502 994 1561 1034 ibi
1588 994 1765 1042 dicitur,

387 1081 516 1113 “Deus
536 1082 718 1114 caelorum
745 1083 838 1114 filios
858 1083 1027 1121 hominis,
1049 1083 1201 1115 bestiam
1223 1083 1310 1123 agri,
1331 1089 1366 1114 et
1390 1093 1494 1115 avem
1519 1083 1701 1115 caelorum
1722 1083 1819 1114 dedit

495 1126 531 1156 in
550 1136 697 1157 manum
720 1131 829 1164 tuam,
849 1133 883 1158 et
901 1127 1081 1158 dominari
1099 1127 1183 1158 fecit
1200 1133 1235 1158 te
1253 1127 1289 1158 in
1308 1137 1436 1158 omnes
1451 1137 1458 1166 ;
1483 1133 1521 1158 tu
1538 1137 1576 1158 es
1593 1133 1699 1167 caput
1711 1126 1729 1138 ”
1746 1132 1818 1158 sta-

495 1175 577 1201 tuae
598 1170 724 1210 “quod
745 1176 800 1201 est
817 1170 972 1201 aurum''
991 1171 1038 1210 (ii.
1057 1178 1108 1209 37,
1127 1171 1200 1210 38):

319 1271 399 1310 per
424 1260 598 1310 “caput
625 1258 846 1306 statuae,'’
869 1258 990 1312 quod
1014 1265 1111 1299 erat
1139 1273 1198 1299 ex
1222 1273 1344 1307 auro,
1369 1257 1648 1312 significatur
1670 1257 1817 1299 eccle-

319 1321 385 1360 sia
408 1321 619 1361 caelestis
642 1335 756 1375 quae
784 1328 854 1362 est
882 1322 1084 1362 omnium
1110 1323 1346 1375 primaria;
1380 1322 1500 1375 quod
1527 1321 1604 1362 illa
1627 1321 1818 1362 ecclesia

319 1397 397 1436 per
437 1386 629 1436 “regem
672 1384 885 1425 Babelis''
924 1385 968 1424 in
1010 1386 1232 1438 principio
1274 1385 1566 1438 significetur,
1605 1391 1675 1425 est
1715 1385 1819 1438 quia

319 1445 526 1495 ecclesia,
561 1461 674 1500 quae
707 1454 869 1500 postea
901 1447 951 1488 fit
987 1447 1129 1488 Babel
1165 1462 1243 1488 seu
1279 1448 1546 1500 Babylonia,
1574 1447 1760 1489 incohat
1793 1462 1818 1488 a

319 1508 444 1550 cultu
478 1509 661 1550 Domini
694 1517 740 1551 et
779 1525 838 1551 ex
871 1524 1029 1551 amore
1062 1512 1105 1551 in
1140 1511 1308 1564 Ipsum,
1342 1518 1388 1552 et
1426 1518 1533 1552 tunc
1566 1511 1684 1564 apud
1716 1510 1818 1551 illos

319 1578 481 1625 regnat
515 1572 637 1613 zelus
677 1573 963 1614 extendendi
1002 1580 1047 1614 et
1087 1573 1346 1627 perficiendi
1384 1573 1508 1614 illam
1547 1588 1624 1627 per
1661 1572 1818 1614 sancta

319 1635 438 1675 bona
464 1642 510 1676 et
537 1649 643 1676 vera
670 1635 812 1686 caeli;
854 1642 901 1676 at
934 1636 1020 1676 hoc
1054 1650 1113 1676 ex
1147 1650 1282 1677 causa
1308 1637 1456 1677 adhuc
1485 1636 1676 1685 latente,
1703 1650 1817 1690 quae

318 1704 388 1739 est
421 1711 547 1739 amor
574 1699 854 1747 dominandi,
883 1699 955 1752 qui
984 1706 1138 1740 tamen
1176 1713 1266 1740 non
1299 1700 1494 1753 erumpit
1527 1700 1610 1740 nisi
1636 1713 1816 1741 succes-

319 1762 425 1802 sive.
487 1760 576 1802 Sed
609 1762 664 1802 de
698 1761 782 1802 hac
814 1776 861 1802 re
894 1762 1022 1815 plura
1049 1763 1261 1803 dicentur
1293 1763 1366 1803 ubi
1398 1763 1626 1816 agendum
1658 1769 1728 1803 est
1761 1763 1817 1804 de

319 1824 585 1877 Babylonia.

402 1888 483 1942 [e.]
530 1889 671 1942 Apud
697 1889 963 1938 Hosclzeam‚

384 1975 553 2007 “Feriam
572 1976 643 2008 illis
665 1976 793 2008 foedus
817 1977 853 2008 in
873 1977 931 2008 die
953 1977 1014 2008 illo
1035 1988 1115 2009 cum
1137 1978 1214 2009 fera
1234 1978 1321 2018 agri,
1339 1984 1375 2009 et
1394 1988 1474 2009 cum
1495 1988 1561 2010 ave
1581 1978 1763 2010 caelorum
1781 1983 1817 2010 et

493 2020 611 2060 reptili
630 2027 757 2058 terrae,
777 2026 812 2052 et
833 2030 954 2052 arcum
973 2027 1008 2052 et
1026 2021 1186 2061 gladium
1205 2028 1240 2053 et
1260 2022 1394 2052 bellum
1412 2022 1577 2061 frangam
1595 2022 1640 2053 de
1657 2027 1762 2060 terra,
1781 2028 1816 2053 et

492 2065 621 2148 cismar}
635 2064 767 2095 faciam
786 2074 851 2096 eos
871 2074 1005 2102 secure,
1021 2071 1056 2096 et
1073 2065 1304 2105 desponsabo
1323 2072 1356 2096 te
1376 2065 1466 2096 Mihi
1484 2065 1519 2096 in
1533 2071 1719 2097 aeternum
1731 2065 1749 2077 ''
1767 2066 1816 2105 (ii.

495 2116 508 2138 1
537 2132 543 2145 ,
565 2116 604 2148 19
631 2119 638 2139 :

317 2195 429 2236 haec
463 2196 518 2236 de
550 2196 883 2237 instauratione
915 2210 1060 2237 novae
1093 2196 1312 2238 ecclesiae
1343 2211 1370 2238 a
1401 2197 1612 2245 Domino,
1641 2197 1697 2237 de
1729 2210 1815 2250 qua

316 2259 377 2299 ibi
414 2260 575 2312 agitur.
640 2258 775 2312 Quod
809 2266 917 2300 tunc
955 2259 1181 2312 Jehovah,
1215 2260 1301 2300 hoc
1334 2266 1419 2309 est,
1455 2260 1690 2309 Dominus,
1725 2274 1814 2301 non

316 2320 512 2363 facturus
538 2323 595 2363 sit
622 2322 780 2363 foedus
808 2336 908 2363 cum
936 2323 1028 2364 fera
1054 2324 1164 2376 agri,
1195 2330 1241 2364 et
1274 2337 1374 2364 curn
1402 2325 1472 2364 avi
1499 2323 1742 2373 caelorum,
1767 2331 1813 2366 et

317 2398 419 2426 cum
445 2385 595 2438 reptili
622 2392 783 2433 terrae,
814 2386 894 2426 sed
928 2399 1029 2426 cum
1058 2386 1330 2435 hominibus,
1358 2387 1476 2439 apud
1503 2400 1614 2440 quos
1641 2387 1813 2428 instau-

316 2448 488 2488 rabitur
519 2448 725 2497 ecclesia,
760 2455 920 2501 patet:
966 2463 1102 2502 quare
1135 2463 1214 2502 per
1252 2449 1329 2490 illa
1362 2448 1673 2502 significantur
1705 2449 1814 2490 talia

317 2525 430 2564 quae
457 2511 574 2564 apud
602 2511 833 2552 hominem
857 2518 988 2563 sunt;
1023 2525 1189 2565 nempe
1216 2526 1294 2565 per
1323 2512 1498 2552 “feram
1525 2514 1621 2565 agri
1634 2512 1654 2527 ”
1679 2512 1812 2553 affec-

317 2575 383 2614 tio
428 2575 743 2627 cognitionum
788 2575 896 2624 veri‚
946 2589 1024 2628 per
1071 2579 1239 2615 “avem
1286 2575 1546 2616 caelorum”
1590 2577 1813 2629 cogitatio

317 2637 551 2678 rationalis
575 2652 633 2677 ex
658 2637 893 2690 spirituali,
919 2645 965 2678 et
989 2652 1067 2691 per
1093 2637 1291 2691 “reptile
1315 2638 1498 2678 terrae’'
1516 2638 1811 2679 scientificum

318 2700 536 2741 naturalis
569 2700 777 2749 hominis,
812 2701 855 2740 in
888 2702 1037 2754 specie
1070 2700 1366 2741 scientificum
1401 2700 1647 2741 sensualis:
1692 2702 1811 2755 quod

318 2771 426 2805 tunc
452 2767 641 2804 “arcum
670 2770 715 2804 et
743 2763 945 2817 gladium
972 2764 1150 2817 franget
1180 2765 1235 2805 de
1264 2764 1416 2805 terra‘’
1439 2763 1663 2817 significat
1691 2765 1810 2818 quod

317 2825 626 2868 destructurus
641 2826 752 2867 falsa
769 2828 1083 2880 impugnantia
1103 2841 1208 2868 vera
1227 2825 1458 2867 doctrinae
1476 2841 1485 2877 ;
1514 2833 1559 2867 et
1577 2827 1697 2880 quod
1717 2841 1807 2867 non

317 2889 509 2944 amplius
533 2890 714 2943 aliquod
740 2890 976 2931 discidium
999 2891 1116 2931 inter
1138 2904 1243 2932 vera
1270 2896 1315 2931 et
1341 2890 1452 2931 falsa
1476 2896 1521 2931 et
1549 2891 1666 2931 inter
1688 2890 1807 2931 bona
