1962 3334
639 298 747 332 CAP.
769 299 851 341 1x.,
873 298 1013 332 VERS.
1039 298 1210 344 17.—N.
1234 290 1328 343 578.
1442 284 1450 289 ’
1616 299 1724 341 1449

239 411 286 453 in
315 410 359 453 T
350 411 518 460 breuis,

306 487 471 519 “Sedent
489 487 527 518 in
546 493 651 523 terra,
667 493 788 519 tacent
806 487 969 519 seniores
988 486 1083 518 filiae
1101 486 1236 524 Zionis,
1253 485 1449 518 ascendere
1467 485 1630 529 fecerunt
1648 485 1724 526 pul-

410 540 532 562 verem
548 540 658 571 super
672 537 779 571 caput
793 539 910 567 suum,
928 530 1117 563 cinxerunt
1131 539 1171 562 se
1186 530 1311 567 saccis,
1327 529 1546 561 descendere
1560 528 1724 561 iecerunt

411 573 450 605 in
474 580 604 606 terram
620 580 727 614 caput
742 584 859 612 suum,
875 574 1034 614 virgines
1052 572 1359 614 Hierosolymae”
1375 573 1423 613 (ii.
1443 574 1506 613 ιο).

241 663 326 706 Per
350 665 558 719 “caput’'
582 672 734 707 autem
766 666 812 706 in
838 663 1051 719 oppossto
1075 679 1212 706 sensu
1242 663 1522 718 significatur
1551 664 1723 706 astutia

238 741 354 781 quae
377 727 467 770 illis
490 729 565 783 qui
589 730 634 769 in
659 742 813 770 amore
834 728 1097 770 dominandi
1118 734 1238 769 sunt.
1301 727 1429 769 Haec
1451 727 1723 781 intelligitur
1790 732 1795 735 '

237 803 318 844 per
343 793 371 811 ‘⁴
381 797 518 844 caput
527 790 549 806 ’'
573 791 691 844 apud
715 791 884 840 Mosen,

301 887 605 970 Semezibmulieris
618 887 842 971 c)onculoebit
853 894 961 929 caput
970 887 1161 928 serpentis,
1171 893 1208 919 et
1219 897 1371 928 serpens
1384 886 1504 919 laedet
1515 886 1723 918 calcaneum

456 941 507 962 en.
524 941 573 962 ιιι.
593 939 631 970 15
659 941 667 970 ;

237 1005 358 1061 apud
380 1006 615 1059 Davidem,

305 1082 512 1115 “Dominus
527 1084 574 1115 ad
592 1083 756 1115 dextram
779 1090 878 1115 tuam
895 1083 1073 1124 percussit
1092 1083 1130 1115 in
1149 1083 1207 1116 die
1224 1083 1299 1115 irae
1314 1093 1402 1115 suae
1418 1093 1533 1123 reges,
1549 1082 1724 1123 judicavit

410 1126 505 1158 inter
533 1133 672 1167 gentes,
697 1127 861 1167 implevit
888 1127 1123 1159 cadaveribus
1150 1127 1247 1165 suis;
1277 1127 1455 1168 percussit
1477 1132 1585 1167 caput
1611 1136 1722 1167 super

409 1175 545 1253 &affl
558 1170 729 1254 11⁵1u33am3
752 1180 773 1202 e
789 1170 938 1202 flumine
954 1171 992 1202 in
1005 1171 1064 1202 via
1078 1170 1187 1209 bibet,
1201 1178 1391 1212 propterea
1402 1170 1576 1202 exaltabit
1588 1176 1696 1211 caput
1705 1169 1724 1182 '¹

475 1238 484 1245 ι
545 1238 554 1246 0
594 1231 615 1236 -
662 1239 670 1253 j

239 1295 339 1335 (quae
360 1297 518 1335 expnoeta
534 1298 702 1327 videamur
719 1306 826 1335 supm,
845 1306 877 1327 n.
896 1288 1067 1340 518[ᾱ];)
1097 1293 1145 1328 et
1165 1287 1287 1340 apud
1310 1287 1525 1337 eundem,

303 1369 431 1403 “Deus
447 1371 645 1402 contundet
663 1377 771 1411 caput
788 1371 964 1403 hostium.
976 1396 986 1404 .
999 1396 1007 1403 .
1021 1396 1045 1409 .,
1062 1371 1234 1403 verticem
1250 1371 1380 1412 capilli,
1400 1371 1671 1403 ambulantibus
1687 1371 1724 1402 in

411 1414 569 1446 reatibus
580 1413 599 1426 ’‘
615 1414 690 1454 (Ps.
707 1414 818 1446 lxviii.
836 1422 876 1446 22
897 1412 957 1456 [B.
970 1416 1015 1446 A.
1033 1412 1115 1456 21]).

238 1498 375 1553 Quod
398 1500 610 1548 astutiae,
629 1514 709 1554 per
733 1514 845 1554 quas
870 1500 1039 1541 malum
1065 1501 1309 1542 intendunt
1334 1507 1381 1542 et
1406 1501 1725 1543 machinantur

237 1561 351 1611 aliis,
376 1575 509 1615 super
532 1563 655 1616 ipsos
680 1563 886 1612 redeant,
908 1562 1189 1617 significatur
1219 1577 1300 1617 per

305 1650 433 1682 “Dare
450 1651 547 1682 viam
572 1651 609 1682 in
633 1658 739 1692 caput
758 1651 913 1683 eorum'’
929 1651 1063 1691 (Ezech.
1084 1652 1130 1683 ix.
1149 1660 1213 1689 10:
1236 1662 1312 1692 cap.
1329 1652 1375 1684 xi.
1394 1660 1432 1683 21
1450 1661 1458 1688 :
1481 1662 1557 1693 cap.
1574 1652 1644 1684 xvi.
1660 1660 1724 1692 43;

411 1703 488 1735 cap.
504 1695 587 1726 xvii.
607 1703 669 1735 19;
692 1705 767 1735 cap.
784 1695 868 1727 xxii.
885 1703 924 1734 31
939 1706 947 1727 z
978 1696 1062 1737 Joel
1080 1696 1126 1727 iv.
1145 1694 1206 1737 [B.
1224 1697 1270 1727 Α.
1287 1694 1353 1737 ἰίἰ.]
1370 1705 1402 1734 4,
1422 1696 1463 1735 7).

241 1776 361 1830 Quid
386 1783 540 1818 autem
566 1791 645 1830 per

304 1852 435 1894 Capita
452 1859 603 1893 septem,
621 1863 727 1893 super
744 1854 875 1894 quibus
894 1853 1099 1886 diademata
1116 1860 1253 1895 septem
1273 1853 1325 1893 (in
1343 1854 1553 1896 Apocalypsi,
1570 1863 1646 1895 cap.
1663 1854 1724 1886 xii.

411 1905 454 1936 3;
477 1906 554 1937 cap.
571 1897 643 1928 xiii.
664 1905 692 1935 1,
709 1905 750 1936 33
774 1906 850 1938 cap.
867 1897 950 1929 xvii.
968 1905 998 1936 3,
1017 1905 1045 1936 7,
1062 1897 1106 1938 9),

237 1985 529 2040 significatur,
561 1986 786 2027 videbitur
815 1985 940 2027 infra.
1000 1986 1241 2028 Praeterea
1270 2000 1349 2040 per
1382 1986 1596 2040 “caput,”
1621 1987 1725 2041 quia

237 2061 496 2102 supremum
518 2055 565 2090 et
587 2049 844 2102 primarium
866 2055 937 2090 est
958 2049 1004 2089 in
1025 2048 1223 2098 homine,
1242 2050 1381 2090 etiam
1403 2049 1531 2102 plura
1552 2049 1723 2103 signifi-

238 2117 426 2162 cantur;
458 2112 572 2152 sicut
596 2124 814 2152 cacumen
836 2112 1019 2160 montis,
1042 2111 1288 2164 fastigium,
1308 2113 1582 2165 primarium,
1601 2113 1724 2166 prin-

239 2175 406 2229 cipium
427 2175 540 2223 viae,
567 2174 764 2227 plateae,
791 2175 973 2222 mensis,
1001 2181 1047 2215 et
1073 2174 1247 2215 similia.

317 2244 441 2299 578.
472 2244 562 2285 “Et
574 2244 710 2285 oribus
723 2244 881 2285 illorum
896 2245 1018 2285 exirit
1034 2244 1153 2298 ignis,
1174 2248 1218 2285 et
1235 2245 1385 2292 fumus,
1401 2248 1446 2286 et
1461 2245 1726 2298 sulphur-st—

229 2304 377 2365 ·Quod
407 2304 633 2358 significet
658 2306 851 2358 cogitata
884 2312 928 2346 et
959 2306 1062 2346 inde
1089 2306 1325 2347 ratiocinia
1354 2307 1641 2348 scaturientia
1669 2322 1727 2348 ex

239 2380 390 2410 amore
413 2366 525 2407 mali
543 2373 587 2407 et
608 2381 665 2407 ex
693 2382 843 2408 amore
859 2367 995 2420 salsi,
1021 2374 1064 2408 et
1091 2382 1148 2408 ex
1174 2369 1516 2421 concupiscentia
1545 2369 1723 2410 destru-

238 2429 346 2470 endi
364 2443 472 2470 vera
494 2436 538 2470 et
557 2429 668 2470 bona
682 2437 769 2482 per
785 2430 920 2482 falsa
940 2430 1062 2479 mali,
1089 2437 1273 2472 constat
1304 2446 1364 2472 ex
1395 2431 1723 2485 significatione

242 2490 412 2539 “oris,”
436 2491 559 2544 quod
588 2491 647 2531 sit
678 2492 904 2544 cogitatio
934 2498 982 2532 et
1011 2491 1117 2532 inde
1141 2492 1431 2533 ratiocinatio
1456 2504 1512 2540 (de
1533 2499 1599 2541 qua
1616 2504 1648 2532 in
1671 2513 1725 2533 ex-

238 2559 410 2597 plicatione
427 2561 470 2589 ad
483 2569 609 2589 versum
627 2569 674 2598 19,
689 2562 891 2599 sequentem)
909 2564 919 2600 3
949 2564 1010 2591 ex
1027 2550 1361 2603 Significatione
1382 2557 1408 2572 ‘⁴
1423 2553 1582 2605 igniS‚”
1599 2554 1722 2606 quod

242 2608 302 2648 sit
325 2621 455 2649 amor
478 2610 560 2656 sui,
578 2616 624 2650 et
654 2610 759 2650 inde
785 2622 914 2650 amor
938 2609 1046 2650 mali
1067 2620 1123 2658 (de
1140 2629 1206 2658 qua
1223 2630 1329 2659 supra,
1349 2631 1380 2651 n.
1400 2620 1578 2663 504[c-e].
1597 2622 1616 2664 5
1625 2623 1720 2664 39);

241 2681 303 2710 ex
328 2667 658 2722 significatione
682 2670 865 2719 “sumi,‘'
881 2670 1002 2724 quod
1033 2671 1092 2712 sit
1122 2667 1311 2712 densum
1342 2672 1502 2713 falsum
1534 2674 1722 2714 scaturi-

239 2741 321 2769 ens
345 2742 406 2769 ex
429 2732 583 2770 amore
608 2730 715 2771 mali
740 2741 795 2779 (de
809 2750 874 2779 qua
887 2741 982 2771 etiam
996 2750 1103 2779 supra,
1117 2751 1149 2772 n.
1163 2743 1260 2784 494.
1280 2742 1375 2785 539)
1394 2747 1403 2783 ;
1429 2740 1477 2774 et
1498 2747 1558 2774 ex
1582 2735 1722 2788 signi—

242 2787 453 2832 ficatione
486 2790 785 2844 “sulphuris,”
815 2792 936 2846 quod
966 2792 1027 2834 sit
1057 2794 1428 2847 concupiscentia
1458 2795 1721 2837 destruendi

239 2850 460 2894 ecclesiae
496 2866 603 2894 vera
642 2860 689 2895 et
724 2854 846 2895 bona
881 2867 960 2908 per
993 2854 1107 2896 falsa
1140 2855 1259 2897 mali.
1321 2855 1455 2909 Quod
1492 2857 1604 2899 haec
1641 2871 1720 2911 per

242 2914 495 2969 “sulphur’‘
511 2915 801 2970 significetur,
820 2924 1031 2960 constare
1047 2924 1203 2973 potest
1225 2933 1284 2961 ex
1302 2919 1457 2963 Verbo
1480 2921 1552 2962 ubi
1575 2922 1720 2963 nomi-
