1962 3334
258 264 364 317 1566
665 271 997 306 APOCALvPffls
1029 273 1327 306 EXPLICATA.

252 399 331 438 per
356 384 433 425 illa
459 384 621 435 verba;
655 398 746 426 non
773 391 926 426 autem
952 385 1015 426 illi
1041 387 1114 440 qui
1141 385 1397 428 Ecclesiam
1426 387 1737 435 Israeliticam‚

253 448 298 488 hi
325 448 443 488 enim
476 461 501 487 a
532 447 750 501 principio
777 462 915 502 usque
942 449 998 489 ad
1031 449 1165 490 finem
1192 449 1297 490 mali
1329 450 1519 497 fuerunt,
1549 457 1596 491 ut
1631 450 1769 491 con-'

252 518 373 552 stare
397 517 551 564 potest
579 524 638 551 ex
661 511 862 564 patribus
885 525 1038 552 eorum
1065 513 1108 552 in
1136 512 1371 566 Aegypto,
1397 520 1443 553 et
1466 514 1568 554 dein
1595 514 1639 554 in
1661 514 1739 554 de-

253 581 402 624 serto;
441 574 521 614 sed
549 573 754 627 Antiqua
786 573 1008 623 Ecclesia,
1037 575 1159 627 cujus
1192 575 1398 616 homines
1425 576 1742 629 intelliguntur

252 651 331 690 per
360 640 550 690 “patres
576 636 794 685 illorum,”
821 644 917 678 erat
950 651 1085 691 quam
1113 638 1334 679 Dominus
1363 639 1602 692 “equitare
1633 639 1738 680 fecit

253 715 385 754 super
407 699 602 741 excelsis
628 706 788 749 terrae,
813 707 860 741 et
877 701 1054 742 ‘cibavit
1080 708 1304 754 proventu
1327 716 1537 755 agrorum
1555 703 1589 743 :”
1621 703 1741 756 quod

253 764 340 804 illis
373 763 541 803 bonum
573 763 738 804 amoris
771 763 989 804 naturalis
1022 771 1068 804 et
1102 765 1270 804 bonum
1302 766 1467 805 amoris
1500 765 1741 819 spiritualis

253 839 355 866 cum
388 839 542 866 eorum
564 825 772 878 jucundis
799 826 908 866 data
939 826 1102 867 fuerint
1136 841 1214 880 per
1241 841 1362 876 vera,
1390 842 1449 868 ex
1482 828 1641 881 quibus
1672 829 1740 868 in·

253 888 512 941 telligentia
544 902 713 938 eorum,
742 895 788 930 et
822 889 1070 930 secundum
1104 904 1216 943 quae
1248 891 1343 931 vita
1375 904 1543 939 eorum,
1572 890 1741 944 signifi-

254 958 383 992 catur
409 966 488 1005 per
516 951 727 1005 “Sugere
753 953 857 993 fecit
885 965 987 992 eum
1014 952 1103 993 mel
1131 967 1154 993 e
1180 967 1302 1006 rupe,
1327 960 1373 994 et
1400 953 1550 994 oleum
1576 968 1600 994 e
1627 967 1742 994 saxo

223 1019 226 1023 '
254 1021 410 1068 petrae
429 1014 463 1066 ;'’
495 1028 574 1068 per
600 1018 625 1035 “
642 1015 731 1056 mel
744 1015 763 1030 ”
790 1015 1069 1068 significatur
1090 1015 1335 1068 jucundum
1368 1017 1532 1056 amoris
1559 1023 1741 1063 natura-

254 1077 321 1125 lis,
350 1091 428 1130 per
458 1077 645 1118 “oleum
659 1078 677 1093 ”
699 1077 945 1131 jucundum
972 1079 1136 1118 amoris
1164 1078 1422 1131 spiritualis,
1450 1092 1502 1119 ac
1530 1093 1608 1132 per
1632 1082 1742 1119 “ru-

254 1139 391 1192 pem'’
413 1145 460 1180 et
484 1143 686 1179 “saxum
717 1139 907 1192 petrae'’
929 1153 1085 1179 verum
1117 1153 1143 1180 a
1174 1140 1388 1180 Domino.
1442 1151 1554 1188 (Quod
1575 1147 1742 1180 “oleum''

253 1203 409 1240 significet
428 1203 550 1232 bonum
571 1203 687 1232 amoris
707 1208 737 1232 et
757 1203 927 1237 charitatis,
947 1204 1093 1232 videatur
1111 1213 1216 1240 supra,
1236 1213 1267 1233 n.
1291 1202 1368 1245 375
1384 1214 1390 1238 ;
1421 1205 1574 1241 quodque
1587 1201 1604 1212 ⁴¹
1619 1213 1713 1241 rupes
1725 1204 1742 1213 ''

254 1253 319 1340 3¹¹
332 1255 451 1293 petra''
468 1256 646 1294 significent
665 1265 775 1285 verum
795 1266 814 1285 a
831 1257 982 1291 Domino,
998 1265 1028 1286 n.
1048 1245 1115 1299 [41
1130 1245 1180 1299 1,]
1199 1257 1364 1298 443[a].)
1423 1246 1564 1299 Apud
1595 1246 1742 1287 Davi-

286 1314 364 1349 em,

322 1395 476 1428 “cibavi
491 1406 621 1482 fgij
641 1397 745 1482 εέῗζρε
767 1397 885 1435 tritici,
904 1403 940 1428 et
963 1407 983 1428 e
1007 1403 1108 1437 petra
1127 1397 1232 1428 melle
1257 1397 1416 1428 saturavi
1436 1407 1499 1429 eos
1510 1396 1528 1408 ’'
1545 1396 1617 1437 (Ps.
1635 1397 1743 1429 lxxxi.

433 1447 471 1479 17
543 1465 549 1472 .
601 1465 608 1472 .
626 1449 639 1471 1
710 1452 716 1473 :

256 1550 334 1590 per
376 1536 594 1590 “adipem
640 1536 809 1576 tritici”
850 1536 986 1577 etiam
1029 1535 1307 1589 significatur
1346 1535 1592 1589 jucundum
1637 1537 1743 1577 boni

256 1598 512 1652 spiritualis,
542 1605 588 1639 et
620 1612 699 1652 per
728 1599 856 1639 “mel
883 1613 907 1639 e
934 1599 1094 1652 petra”
1116 1599 1361 1651 jucundum
1387 1599 1494 1640 boni
1521 1599 1740 1639 naturalis

257 1674 337 1714 per
366 1674 476 1701 vera
505 1675 531 1701 a
562 1660 763 1701 Domino
795 1671 983 1709 (utsupra).
1042 1659 1287 1701 Sciendum
1319 1667 1389 1701 est
1420 1661 1541 1714 quod
1572 1661 1742 1700 bonum

258 1722 463 1763 naturale
497 1735 587 1762 non
620 1723 678 1763 sit
704 1722 873 1762 bonum
907 1722 989 1762 nisi
1022 1722 1159 1762 etiam
1192 1722 1249 1762 sit
1282 1722 1450 1762 bonum
1483 1721 1740 1775 spirituale;

257 1798 362 1826 nam
400 1799 534 1826 omne
572 1785 742 1826 bonum
782 1785 924 1826 influit
963 1799 1042 1838 per
1079 1784 1356 1838 spiritualem
1395 1784 1625 1825 hominem
1666 1798 1744 1825 seu

258 1855 459 1890 mentem
491 1850 535 1889 in
562 1848 816 1890 naturalem
843 1849 1073 1889 hominem
1101 1863 1179 1889 seu
1206 1855 1422 1896 mentem,
1452 1854 1498 1888 et
1524 1854 1743 1902 quantum

256 1912 395 1953 homo
422 1926 500 1953 seu
523 1925 650 1953 mens
677 1911 893 1952 naturalis
915 1912 1074 1965 recipit
1096 1912 1264 1951 bonum
1291 1911 1486 1951 hominis
1512 1925 1590 1952 seu
1616 1924 1743 1952 men-

257 1975 315 2015 tis
341 1975 598 2028 spiritualis,
627 1982 807 2016 tantum
833 1975 992 2028 recipit
1019 1975 1213 2024 bonum;
1248 1981 1487 2027 utrumque
1515 1988 1593 2014 seu
1619 1980 1743 2014 utro-

256 2037 369 2078 bivis
395 2038 479 2078 erit
507 2044 554 2079 ut
581 2039 639 2079 sit
665 2038 860 2088 bonum;
894 2043 1169 2091 quapropter
1191 2037 1358 2077 bonum
1382 2036 1587 2077 naturale
1613 2050 1743 2089 sepa-

257 2107 405 2142 ratum
451 2115 476 2141 a
517 2101 638 2142 bono
680 2100 897 2155 spirituali
939 2101 982 2140 in
1024 2114 1072 2140 se
1114 2106 1184 2140 est
1226 2099 1408 2147 malum,
1443 2099 1561 2152 quod
1606 2113 1744 2152 usque

257 2165 500 2218 percipitur
517 2165 574 2205 ab
592 2165 775 2205 homine
791 2164 905 2204 sicut
924 2164 1092 2204 bonum
1110 2176 1118 2203 z
1153 2164 1253 2216 quia
1271 2169 1508 2215 utrumque
1524 2162 1623 2210 erit,
1644 2162 1745 2202 ideo

257 2230 301 2268 in
340 2228 450 2268 lo‘cis
487 2227 640 2268 allatis
678 2234 724 2268 et
761 2227 908 2268 adhuc
947 2226 1184 2266 afferendis
1221 2226 1382 2265 dicitur
1410 2225 1660 2277 “butyrum
1698 2231 1744 2265 et

258 2291 387 2339 mel,''
412 2290 519 2332 “lac
547 2297 593 2332 et
617 2290 746 2339 mel,''
771 2290 948 2343 “adeps
975 2295 1020 2330 et
1048 2288 1176 2337 mel,''
1200 2294 1296 2328 tum
1323 2287 1512 2328 “oleum
1535 2294 1581 2328 et
1605 2287 1693 2327 mel
1712 2287 1746 2336 ;''

258 2368 309 2395 ac
350 2368 428 2407 per
468 2353 760 2407 “butyrum‚‘'
795 2352 943 2401 “lac,’‘
979 2351 1227 2405 “adipem'’
1263 2357 1309 2391 et
1351 2349 1572 2390 “oleum’'
1604 2351 1743 2402 signi-

258 2417 418 2458 ficatur
453 2418 622 2458 bonum
664 2417 829 2457 amoris
871 2415 1126 2469 spiritualis,
1165 2428 1216 2455 ac
1259 2427 1337 2467 per
1381 2413 1508 2453 “mel
1526 2413 1545 2427 ’'
1576 2413 1742 2454 bonum

258 2481 423 2521 amoris
447 2480 678 2529 naturalis,
700 2493 787 2520 una
810 2492 911 2520 cum
930 2478 1137 2531 jucundis
1160 2490 1327 2518 eorum.
1380 2475 1518 2529 Apud
1535 2475 1742 2516 Ezechie-

259 2543 355 2591 lem,

326 2640 413 2672 “Sic
427 2645 556 2671 ornata
573 2649 610 2671 es
628 2649 715 2670 auro
730 2645 765 2670 et
782 2644 943 2679 argento,
962 2643 997 2669 et
1013 2643 1132 2669 vestes
1149 2643 1230 2668 tuae
1246 2637 1377 2676 byssus
1391 2641 1426 2667 et
1443 2636 1596 2666 sericum
1614 2641 1649 2666 et
1666 2645 1740 2666 acu-

435 2682 592 2724 piCtum;
618 2683 786 2720 similam,
804 2682 875 2713 mel
896 2688 931 2713 et
951 2682 1070 2713 oleum
1089 2681 1288 2717 comedisti,
1307 2680 1400 2710 unde
1422 2679 1570 2719 pulchra
1589 2677 1686 2710 faeta
1706 2689 1747 2710 es

435 2727 539 2758 valde
553 2727 759 2764 admodum,
772 2733 807 2757 et
821 2731 1032 2766 prosperata
1045 2735 1083 2756 es
1098 2734 1209 2765 usque
1221 2724 1266 2755 ad
1281 2733 1441 2763 regnum.
1473 2748 1479 2754 .
1495 2747 1502 2754 .
1517 2747 1523 2754 .
1539 2723 1603 2754 ‚At
1614 2732 1746 2762 panem

435 2780 564 2808 meum,
579 2780 684 2811 quem
703 2770 784 2801 dedi
798 2770 871 2807 tibi,
886 2779 927 2800 ac
945 2769 1111 2806 similam,
1126 2768 1256 2804 oleum,
1271 2767 1341 2798 mel
1359 2767 1486 2807 quibus
1499 2766 1615 2797 cibavi
1630 2772 1673 2804 te,
1688 2766 1747 2797 de-

434 2814 517 2846 disti
535 2824 655 2845 coram
674 2814 779 2845 idolis
797 2813 833 2844 in
851 2813 999 2844 odorem
1018 2812 1146 2853 quietis
1158 2811 1175 2823 ''
1194 2811 1265 2851 (xvi
1285 2819 1334 2850 13,
1358 2811 1429 2851 19):

261 2912 373 2955 haec
407 2912 462 2953 de
490 2910 824 2965 Hierosolyma,
852 2924 931 2965 per
956 2923 1088 2964 quam
1117 2907 1392 2963 significatur
1419 2906 1627 2957 ecclesia,
1655 2906 1744 2960 pri-
