1962 3334
288 259 392 310 1728
700 267 1033 301 APOCALYPSIS
1059 269 1358 302 EXPLICATA.

280 385 326 419 et
369 379 431 419 sic
465 386 745 432 expurgetur
777 380 994 421 naturalis
1026 381 1177 431 homo,
1212 382 1331 436 quod
1363 382 1579 435 imprimis
1611 382 1660 424 fit
1697 396 1773 436 per

281 442 574 483 tentationes.

364 509 453 563 [eL]
489 494 718 562 Quoniam
736 524 816 564 per
836 515 861 532 “
876 511 1095 552 Israelem
1109 512 1128 527 ”
1146 513 1190 553 in
1212 526 1426 566 supremo
1443 527 1580 554 sensu
1602 515 1771 555 intelli-

280 571 400 623 gitur
427 571 661 621 Dominus,
690 573 792 613 ideo
814 574 951 614 etiam
976 574 1092 626 Ipse,
1117 574 1223 614 dum
1250 574 1408 623 infans,
1435 576 1478 615 in
1503 575 1772 630 Aegyptum

279 634 458 675 delatus
485 642 568 683 est,
597 636 846 676 secundum
872 636 983 677 haec
1010 637 1128 690 apud
1154 637 1449 686 Matthaeum,

347 730 365 743 ¹⁴
375 729 538 770 Angelus
550 730 696 762 Domini
710 732 873 771 apparuit
887 732 922 763 in
938 733 1080 763 somnio
1093 732 1262 774 Josepho,
1277 733 1408 771 dicens,
1426 732 1660 774 Experrecstus
1674 744 1773 766 assu-

455 784 511 805 me
531 774 694 812 Puerum,
709 781 744 806 et
760 775 843 815 fuge
861 776 896 806 in
916 776 1132 816 Aegyptum,
1148 783 1182 807 et
1199 783 1314 808 estote
1332 777 1380 808 ibi
1396 787 1508 817 usque
1525 778 1608 809 dum
1627 778 1750 809 dixero
1765 788 1771 816 ;

460 842 467 849 .
483 842 490 849 .
504 842 511 849 .
527 818 600 849 ‚ille
618 817 846 858 experrectus
863 821 1057 860 assumpsit
1074 820 1225 851 Puerum
1244 826 1278 851 et
1298 827 1447 851 matrem
1468 820 1584 861 Ipsius
1602 820 1720 860 noctu,
1738 829 1773 853 et

456 864 633 893 concessit
657 862 692 892 in
714 862 930 903 Aegyptum,
948 870 982 894 et
1003 869 1077 894 erat
1095 864 1142 894 ibi
1162 874 1273 904 usque
1293 864 1337 895 ad
1358 870 1508 895 mortem
1532 864 1709 897 Herodis:
1734 872 1773 897 ut

453 905 659 944 impleretur
679 906 773 946 quod
797 905 930 937 dietum
951 913 1064 938 est...
1080 917 1117 939 .a
1142 907 1347 947 Propheta„
1363 907 1434 939 ‚Ex
1458 908 1625 949 Aegypto
1646 909 1772 940 vocavi

455 948 580 979 Filium
600 959 718 980 meum
731 949 748 961 '⁸
766 949 813 988 (ii.
836 949 974 990 13—15):

277 1056 357 1096 per
379 1043 490 1084 haec
513 1045 650 1085 etiam
673 1044 1011 1098 significabatur
1028 1046 1169 1099 prima
1191 1045 1428 1087 instructio
1451 1047 1646 1096 Domini,
1667 1061 1771 1089 nam

278 1107 499 1147 Dominus
532 1109 646 1148 sicut
678 1108 789 1148 alius
821 1108 958 1149 homo
990 1107 1234 1150 instruetus
1271 1116 1355 1158 est,
1391 1110 1470 1150 sed
1507 1124 1566 1150 ex
1605 1111 1771 1152 Divino

278 1184 359 1210 suo
385 1170 532 1211 hausit
560 1172 710 1211 omnia
736 1171 1066 1224 intelligentius
1093 1178 1139 1212 et
1172 1173 1419 1224 sapientius
1451 1186 1585 1225 quam
1611 1186 1769 1214 omnes

280 1234 378 1274 alii:
418 1234 498 1274 sed
529 1234 598 1274 hic
632 1248 835 1274 secessus
867 1236 911 1275 in
944 1234 1214 1288 Aegyptum
1246 1235 1382 1276 modo
1414 1237 1771 1288 repraesentavit

278 1295 648 1348 instructionem;
677 1311 780 1338 nam
807 1298 922 1338 sicut
949 1299 1099 1339 omnia
1125 1299 1512 1351 repraesentativa
1537 1298 1770 1340 Ecclesiae

282 1361 557 1402 Israeliticae
590 1367 636 1401 et
672 1361 885 1413 Judaicae
919 1361 1072 1413 Ipsum
1104 1360 1388 1414 spectabant,
1418 1362 1520 1402 ideo
1557 1363 1693 1402 etiam
1727 1363 1771 1403 in

279 1424 336 1466 Se
363 1425 721 1477 repraesentavit
748 1430 794 1465 et
821 1424 1005 1477 perfecit
1033 1423 1122 1473 illa,
1150 1425 1214 1465 ita
1245 1426 1364 1465 enim
1389 1424 1593 1478 implevit
1620 1426 1771 1466 omnia

278 1488 428 1541 Legis.
492 1486 669 1540 Quippe
692 1488 1078 1540 repraesentativa
1096 1494 1225 1528 erant
1244 1487 1401 1528 ultima
1419 1488 1532 1528 caeli
1555 1495 1600 1529 et
1624 1488 1770 1529 eccle-

278 1553 383 1599 siae,
418 1557 463 1592 et
496 1552 647 1591 omnia
678 1552 837 1604 priora,
872 1565 986 1604 quae
1019 1558 1123 1591 sunt
1155 1551 1408 1600 rationalia,
1443 1551 1690 1604 spiritualia
1721 1558 1767 1592 et

278 1614 507 1663 caelestia,
536 1615 579 1654 in
607 1614 765 1654 ultima
790 1615 961 1654 intrant
988 1621 1034 1655 et
1061 1615 1104 1654 in
1131 1614 1216 1654 illis
1244 1621 1362 1663 sunt,
1388 1629 1524 1668 quare
1549 1615 1770 1655 Dominus

278 1692 356 1732 per
382 1678 459 1719 illa
490 1679 532 1718 in
560 1677 729 1718 ultimis
755 1677 862 1728 fuit;
896 1683 942 1718 et
969 1678 1071 1731 quia
1097 1678 1140 1717 in
1167 1677 1336 1718 ultimis
1364 1685 1433 1718 est
1460 1691 1594 1719 omne
1621 1678 1768 1727 robur,

277 1743 380 1784 ideo
412 1756 470 1782 ex
513 1741 664 1794 primis
704 1754 782 1793 per
822 1741 981 1781 ultima
1021 1741 1278 1794 subjugavit
1319 1742 1470 1782 omnia
1511 1742 1694 1791 inferna,
1723 1749 1769 1783 et

277 1806 454 1859 redegit
486 1805 529 1845 in
557 1804 760 1845 ordinem
787 1805 938 1845 omnia
963 1805 1006 1844 in
1034 1804 1183 1845 caelis.
1246 1805 1357 1845 Inde
1389 1811 1485 1846 erat
1518 1805 1638 1858 quod
1670 1811 1771 1846 tota

278 1871 372 1910 vita
398 1869 580 1909 Domini
609 1868 652 1907 in
680 1867 848 1908 mundo
880 1867 1009 1908 fuerit
1037 1869 1436 1920 repraesentativa,
1465 1882 1604 1921 usque
1631 1868 1768 1909 etiam

277 1933 335 1974 ad
361 1933 512 1973 omnia
538 1931 614 1971 illa
639 1945 753 1984 quae
780 1930 897 1984 apud
915 1930 1237 1983 Evangelistas
1260 1938 1568 1972 memorantur
1594 1931 1649 1971 de
1668 1945 1770 1984 pas-

278 1997 403 2036 sione
427 1995 585 2047 Ipsius,
611 2008 724 2048 quae
747 1994 1152 2046 repraesentabant
1175 1994 1318 2051 qualis
1341 2001 1448 2034 tunc
1472 1994 1552 2035 fuit
1579 1994 1770 2034 ecclesia

279 2065 439 2100 contra
476 2058 688 2098 Divinum
726 2063 771 2098 et
809 2063 969 2098 contra
1005 2057 1124 2097 bona
1160 2064 1207 2098 et
1244 2071 1349 2098 vera
1386 2057 1499 2098 caeli
1540 2064 1586 2098 et
1624 2057 1769 2098 eccle·

277 2123 381 2163 siae.

363 2183 443 2237 [e.]
487 2182 563 2222 Ex
585 2182 655 2222 his
686 2187 901 2222 constare
924 2187 1082 2234 potest
1104 2182 1211 2234 quid
1233 2181 1508 2234 intelligitur
1530 2195 1610 2235 per
1634 2182 1769 2222 “Ae-

278 2244 510 2299 gyptum,'’
538 2244 611 2284 ubi
637 2244 692 2284 de
720 2243 910 2283 ecclesia
934 2243 1226 2283 instauranda
1252 2257 1278 2283 a
1304 2243 1501 2283 Domino
1527 2244 1690 2296 agitur,
1727 2244 1770 2283 in

278 2307 569 2362 sequentibus
597 2307 706 2347 locis
724 2306 934 2358 2—Apud
960 2306 1162 2355 Esaiam,

344 2398 429 2429 “Sic
446 2397 533 2429 dixit
546 2397 720 2438 Jehovah,
738 2396 853 2427 Labor
867 2396 1022 2437 Aegypti
1041 2402 1075 2427 et
1092 2406 1228 2427 merces
1242 2395 1371 2427 Cuschi
1389 2402 1423 2427 et
1437 2396 1664 2434 Sabaeorum,
1681 2394 1772 2427 viro-

454 2451 531 2472 rum
562 2441 806 2481 longitudinis,
831 2441 925 2480 apud
950 2439 1002 2470 Te
1028 2440 1281 2479 praeteribunt,
1307 2446 1342 2470 et
1368 2440 1448 2471 Tibi
1473 2446 1587 2478 erunt,
1613 2446 1694 2480 post
1718 2440 1771 2471 Te

454 2485 564 2522 ibunt,
586 2485 621 2515 in
642 2484 793 2515 vinculis
814 2483 1076 2524 praeteribunt:
1106 2484 1155 2514 ita
1177 2489 1216 2514 ut
1235 2493 1319 2523 erga
1339 2483 1389 2514 Te
1410 2484 1596 2514 incurvent
1616 2493 1664 2520 se,
1685 2493 1770 2523 erga

453 2529 504 2560 Te
525 2534 649 2566 orent;
675 2528 924 2559 tantummodo
942 2527 977 2558 in
997 2527 1048 2558 Te
1068 2527 1174 2565 Deus,
1192 2533 1227 2558 et
1244 2533 1428 2567 praeterea
1445 2537 1518 2558 non
1539 2527 1635 2558 Deus
1649 2526 1666 2538 ’'
1684 2528 1767 2567 (xlv.

456 2572 527 2612 14):

233 2652 239 2658 “
276 2662 388 2703 haec
412 2661 467 2701 de
488 2661 697 2708 Domino,
718 2660 774 2700 de
797 2673 885 2713 quo
906 2660 950 2699 in
973 2665 1075 2700 toto
1097 2658 1174 2699 illo
1197 2659 1344 2711 capite
1362 2659 1534 2711 agitur:
1568 2672 1646 2712 per
1666 2658 1768 2699 “la-

277 2726 434 2766 borem
456 2723 692 2776 Aegypti”
710 2730 755 2764 et
778 2737 858 2775 per
878 2723 1171 2763 “mercedem
1208 2720 1367 2763 Cuschi
1394 2729 1440 2762 et
1464 2720 1770 2762 Sabaeorum''

276 2786 553 2840 significatur
571 2786 816 2838 jucundum
839 2786 1002 2826 amoris
1026 2785 1240 2825 naturalis
1263 2799 1320 2825 ex
1340 2785 1635 2838 acquisitione
1658 2797 1783 2836 cog--

277 2851 498 2891 nitionum
524 2849 616 2889 veri
649 2855 694 2889 et
726 2849 858 2899 boni;
897 2849 1018 2901 ipsae
1046 2848 1330 2900 cognitiones
1361 2847 1668 2900 significantur
1689 2860 1768 2899 per

279 2911 555 2962 “Sabaeos,''
582 2913 655 2966 qui
680 2919 901 2953 vocantur
926 2912 1042 2952 “viri
1069 2911 1364 2964 longitudinis
1377 2911 1394 2926 '’
1417 2925 1475 2952 ex
1502 2911 1637 2955 bono.
1662 2923 1766 2951 nam
