1962 3334
53 338 120 359 ,ἶβίν

67 369 104 397 4»

58 400 86 409 ,⁴
108 402 112 405 ,

611 267 718 323 cir.
739 288 822 329 XL,
843 287 983 320 VERs.
1006 244 1152 319 8ss—N.
1173 275 1337 331 654[e].
1503 284 1506 285 ⁷
1607 285 1715 328 1729

233 407 262 425 ‘⁸
273 402 511 456 longitudo
521 401 542 417 ”
565 400 789 454 significat
809 400 978 441 bonum
998 405 1045 440 et
1076 397 1171 452 ejus
1195 396 1342 452 quale,
1369 410 1422 437 ac
1450 395 1715 436 “latitudo'’

228 478 383 507 verum
408 471 456 506 et
486 464 579 517 ejus
603 463 762 518 quale:
794 463 915 516 quod
939 461 1163 502 accessuri
1184 461 1241 501 ad
1265 459 1519 507 ecclesiam,
1546 465 1594 499 et
1616 458 1713 498 Do-

227 529 398 569 minum
428 528 623 580 agnituri
657 533 704 567 et
741 525 982 574 adoraturi,
1014 523 1292 577 significatur
1328 536 1407 576 per
1434 521 1615 574 “Apud
1646 521 1714 562 Te

227 591 552 644 praeteribunt,
584 589 687 630 Tibi
717 595 863 636 erunt,
895 601 1006 641 erga
1034 587 1102 628 Te
1133 586 1431 627 incurvabunt
1462 599 1510 626 se
1527 585 1562 625 :”
1591 584 1714 638 quod

227 652 444 694 naturalis
474 653 612 693 homo
640 652 760 705 apud
791 651 894 693 illos
923 651 1167 691 serviturus
1198 649 1416 702 spirituali
1446 655 1493 689 et
1523 649 1586 688 sic
1618 647 1713 688 Do·

225 715 364 763 mino,
385 715 664 768 significatur
684 728 764 769 per
783 714 905 768 quod
929 715 1012 754 “in
1033 713 1221 754 vinculis
1243 710 1592 765 praeteribunt;”
1609 723 1715 751 nam

230 779 315 818 “in
330 778 519 818 vinculis
540 777 632 819 ire”
648 778 871 826 dicuntur,
889 777 1009 829 apud
1030 790 1142 829 quos
1160 782 1426 816 coercentur
1441 774 1715 827 cupiditates

228 853 344 894 quae
383 847 488 881 sunt
524 839 742 880 naturalis
779 839 999 880 hominis:
1043 838 1164 892 quod
1200 838 1396 890 agnituri
1432 836 1553 890 quod
1591 835 1715 876 solus

119 912 121 917 ’
184 939 192 942 -
228 902 451 944 Dominus
475 904 533 944 sit
558 903 696 950 Deus,
723 901 991 955 intelligitur
1015 914 1094 954 per
1118 900 1239 954 quod
1264 904 1412 952 “erga
1437 900 1590 952 Ipsum
1611 912 1712 939 ora·

226 965 356 1014 bunt,
383 965 703 1006 tantummodo
733 965 778 1006 in
802 965 908 1017 Ipso
934 964 1071 1012 Deus,
1098 971 1145 1023 et
1176 969 1410 1016 praeterea
1435 975 1527 1002 non
1553 961 1715 1002 Deus.'’

227 1026 368 1081 Apud
391 1028 626 1076 Davidem,

293 1127 313 1141 ‘⁴
321 1126 478 1158 Venient
490 1126 642 1167 pinguoe
654 1136 699 1158 ex
711 1126 887 1167 Aegypto,
899 1125 1017 1157 Cusch
1029 1125 1241 1157 accelerabit
1251 1134 1379 1156 manus
1390 1133 1474 1156 suas
1486 1123 1564 1155 Deo
1578 1133 1586 1161 ;
1605 1133 1717 1164 regna

401 1177 527 1208 terrae,
544 1176 687 1201 cantate
707 1169 796 1207 Deo,
813 1169 955 1210 psallite
976 1169 1135 1200 Domino
1145 1168 1164 1179 ”
1180 1168 1253 1208 (Ps.
1273 1168 1383 1199 lxviii.
1400 1176 1452 1207 32,
1466 1176 1508 1207 33
1526 1165 1587 1209 [B.
1603 1169 1649 1199 A.
1663 1176 1715 1206 31,

403 1211 478 1254 ³2])
488 1225 496 1245 ε

227 1328 307 1368 ρει·
347 1315 580 1368 “pingues
617 1329 678 1355 ex
718 1313 970 1367 Aegypto‘’
995 1312 1306 1366 significantur
1349 1319 1528 1366 gentes,
1555 1313 1630 1366 qui
1670 1313 1714 1353 in

226 1375 462 1418 affectione
489 1379 658 1419 sciendi
682 1391 803 1425 vera,
826 1383 873 1418 et
899 1390 979 1429 per
997 1381 1023 1397 “
1037 1376 1295 1418 Cuschum”
1313 1375 1623 1429 significantur
1641 1377 1715 1429 qui

226 1453 287 1480 ex
307 1439 506 1492 jucundo
527 1439 742 1480 naturalis
766 1439 960 1480 hominis
980 1439 1189 1480 hauriunt
1211 1439 1312 1489 illa;
1344 1438 1465 1492 quod
1490 1452 1569 1491 per
1588 1438 1715 1480 “Cu-

227 1501 416 1543 schum”
440 1501 550 1542 illud
580 1501 872 1555 significetur,
898 1509 1080 1543 constat
1110 1516 1171 1542 ex
1199 1502 1297 1542 aliis
1328 1501 1439 1542 locis
1470 1502 1545 1542 ubi
1575 1503 1718 1542 nomi-

227 1571 388 1615 natur;
423 1592 442 1608 .

508 1650 573 1690 (Ut
591 1650 671 1682 Gen.
688 1650 723 1682 ii.
742 1659 804 1690 133
829 1650 927 1692 Zeph.
945 1650 993 1682 iii.
1009 1658 1037 1689 5,
1055 1660 1086 1691 9,
1106 1658 1167 1688 1o;
1190 1650 1286 1682 Dan.
1303 1650 1349 1682 xi.
1365 1658 1408 1689 43
1421 1650 1445 1690 :)

226 1749 348 1804 quod
372 1755 537 1803 gentes
562 1756 825 1802 recepturae
855 1763 962 1790 vera
992 1756 1039 1791 et
1069 1749 1189 1790 bona
1220 1749 1333 1790 caeli
1363 1756 1410 1790 et
1441 1749 1659 1790 ecclesiae
1689 1764 1717 1790 a

219 1812 441 1861 -Domino,
461 1812 738 1865 significatur
754 1826 833 1865 per
853 1813 975 1866 quod
994 1816 1172 1865 “regna
1193 1819 1339 1853 terrae
1361 1819 1576 1854 canerent
1598 1813 1713 1862 Deo,

226 1882 276 1916 et
300 1875 546 1928 psallerent
573 1875 808 1916 Domino.''
867 1875 1006 1928 Apud
1030 1875 1291 1924 Hosclzeam,

276 1975 314 1989 '⁵‘
323 1973 414 2006 Cum
430 1974 567 2005 honore
583 1974 776 2006 advenient
792 1974 883 2005 sicut
897 1974 975 2005 avis
990 1984 1036 2005 ex
1051 1974 1229 2015 Aegypto,
1246 1981 1281 2005 et
1297 1974 1388 2006 sicut
1404 1974 1568 2006 columba
1583 1985 1604 2006 e
1623 1981 1717 2007 terra

400 2017 582 2058 Assyriae,
598 2024 635 2049 et
649 2018 810 2049 habitare
826 2017 954 2048 faciam
971 2027 1034 2048 eos
1050 2027 1158 2058 super
1175 2018 1341 2049 domibus
1357 2017 1460 2050 suis”
1476 2019 1535 2058 (xi.
1554 2019 1608 2058 11)
1621 2028 1630 2055 ;

219 2112 338 2156 'haec
363 2127 542 2167 quoque
566 2114 623 2154 de
650 2114 847 2154 Domino
868 2114 1172 2155 instauraturo
1193 2115 1431 2155 ecclesiam
1457 2115 1575 2168 apud
1601 2129 1715 2168 gen-

228 2184 329 2227 tes;
368 2177 520 2217 “sicut
545 2178 639 2217 avis
665 2191 724 2217 ex
751 2176 972 2229 Aegypto
984 2177 1003 2191 '’
1028 2177 1205 2225 dicitur,
1232 2178 1335 2231 quia
1362 2178 1525 2218 “avis’'
1546 2178 1715 2231 signifi—

219 2245 304 2280 ‘cat
328 2239 631 2292 cogitationes
656 2253 716 2280 ex
740 2240 856 2279 veris
882 2239 1164 2290 scientificis;
1204 2244 1289 2281 “et
1314 2242 1430 2281 sicut
1455 2240 1665 2281 columba
1690 2255 1716 2282 e

102 2320 107 2327 ·
167 2334 171 2337 ⁴
222 2308 349 2343 ‘terra
378 2301 624 2354 Assyriae”
649 2302 825 2349 dicitur,
852 2303 955 2355 quia
988 2302 1265 2343 “columba”
1290 2302 1514 2356 significat
1546 2304 1715 2344 bonum

227 2364 449 2405 rationale
491 2378 551 2405 ex
591 2364 822 2418 spirituali,
864 2369 889 2384 ‘⁴
905 2364 1095 2417 Assyria
1105 2365 1125 2379 '¹
1160 2366 1304 2418 ipsum
1345 2366 1592 2416 rationale;
1637 2380 1717 2419 per

232 2426 474 2468 “habitare
494 2427 639 2468 facere
660 2441 792 2479 super
808 2427 1014 2468 domibus
1038 2428 1127 2467 suis
1138 2427 1158 2442 ”
1174 2427 1483 2481 significantur
1503 2430 1716 2470 interiora

229 2490 395 2530 mentis
416 2489 635 2530 formatae
662 2503 740 2542 per
764 2504 870 2530 vera
894 2504 954 2530 ex
979 2490 1115 2538 bono,
1142 2491 1204 2531 sic
1230 2491 1317 2531 tuti
1342 2491 1400 2531 ab
1425 2491 1715 2532 infestatione

230 2565 259 2592 a
282 2551 403 2592 salsis
428 2552 546 2592 mali.
607 2551 745 2605 Apud
770 2552 972 2601 Esaiam,

296 2649 316 2664 ¹¹
330 2648 406 2680 Erit
425 2650 460 2680 in
480 2650 538 2681 die
557 2650 619 2681 illo
637 2651 789 2681 excutiet
807 2649 968 2691 Jehovah
988 2651 1031 2682 de
1051 2651 1149 2691 spioe
1166 2651 1264 2683 fluvii
1284 2661 1396 2693 nsque
1415 2653 1460 2684 ad
1479 2652 1625 2684 fluvium
1645 2653 1716 2684 Ae-

403 2693 525 2733 gypti:
552 2699 587 2724 et
610 2703 677 2724 vos
699 2694 917 2733 colligemini
935 2694 1037 2725 alteri
1060 2695 1233 2734 unus,filii
1255 2694 1420 2727 Israelis:
1449 2696 1516 2727 erit
1541 2706 1657 2736 porro,
1678 2697 1714 2728 in

403 2737 460 2768 die
487 2737 548 2768 illo
572 2737 756 2776 clangetur
779 2737 927 2768 buccina
950 2747 1091 2777 magna,
1114 2744 1150 2769 et
1173 2738 1319 2770 venient
1342 2746 1532 2779 pereuntes
1556 2741 1592 2771 in
1621 2747 1716 2771 terra

404 2780 585 2817 Aschuris,
605 2786 641 2811 et
659 2780 798 2819 expulsi
818 2778 873 2811 [¹le
892 2787 987 2811 terra
1006 2781 1172 2822 Aegypti,
1191 2789 1227 2813 et
1245 2782 1481 2814 incurvabunt
1500 2793 1540 2814 se
1555 2782 1715 2824 Jehovae

403 2823 440 2854 in
457 2830 578 2855 monte
595 2821 795 2855 sanctitatis
812 2823 849 2857 in
868 2823 1122 2865 Hierosolyma
1132 2824 1151 2836 ''
1166 2825 1286 2864 (xxvii.
1307 2833 1356 2863 12,
1376 2826 1429 2866 13)
1444 2837 1452 2858 ε

231 2917 316 2959 “in
336 2918 407 2959 die
432 2918 542 2959 illo”
566 2917 788 2972 significat
814 2919 1060 2961 adventum
1086 2919 1294 2962 Domini:
1329 2922 1423 2963 “de
1450 2922 1573 2975 spica
1598 2922 1716 2964 fluvii
