1962 3334
285 263 390 308 1734
644 296 645 299 ,
692 263 1024 296 APOCALvPffls
1056 264 1355 297 EXPLICATA.

349 378 493 410 Salomo
509 379 671 419 “accepit
690 378 797 409 filiam
818 378 1013 410 Pharaonis
1032 379 1068 410 in
1086 389 1244 418 uxorem,
1259 386 1294 411 et
1311 379 1457 411 adduxit
1474 379 1570 410 illam
1590 379 1625 410 in
1643 379 1766 410 urbem

451 422 599 453 Davidis
611 422 629 433 '’
647 422 678 461 (1
696 423 776 463 Reg.
795 423 841 453 iii.
863 423 893 461 Ι)
910 432 916 459 ς

350 465 395 497 Et
422 475 562 506 quoque
590 472 717 505 postea
740 465 938 497 aedificavit
961 466 1053 497 filiae
1079 466 1276 498 Pharaonis
1301 467 1445 498 domurn
1470 466 1571 507 juxta
1593 466 1767 506 porticum

448 510 477 549 (1
497 510 578 550 Reg.
599 509 656 540 vii.
677 509 728 549 8);

274 608 352 647 per
389 609 503 648 quae
541 596 680 635 etiam
713 601 1104 647 repraesentatum
1143 601 1212 635 est
1250 595 1368 648 quod
1401 595 1602 643 scientia,
1635 608 1768 647 super

273 671 360 710 qua
382 657 593 698 fundatur
615 658 759 697 omnis
782 657 1085 710 intelligentia
1108 664 1153 698 et
1177 659 1411 709 sapientia,
1437 670 1514 709 per
1534 661 1558 676 ‘⁴
1575 656 1765 710 Aegyp-

273 720 401 760 tum''
418 721 462 760 in
485 720 606 761 bono
629 734 763 761 sensu
785 720 1072 773 significetur.
1134 720 1195 761 Et
1218 721 1320 773 quia
1343 721 1576 773 unicuique
1599 720 1767 760 homini

273 783 492 823 ecclesiae
519 790 588 823 est
615 783 859 836 spirituale,
888 783 1107 823 rationale
1135 790 1180 823 et
1208 783 1426 831 naturale,
1455 783 1556 823 ideo
1583 782 1767 823 Salomo

272 845 526 886 aedificavit
550 853 641 886 tres
674 846 847 894 domos,
874 846 1070 886 Domum
1095 846 1178 886 Dei
1204 860 1281 886 seu
1304 845 1543 898 Templum
1571 859 1652 898 pro
1678 846 1766 898 spi-

273 909 433 956 rituali,
464 909 661 949 Domum
688 909 826 949 silvae
854 909 1014 949 Libani
1042 923 1121 961 pro
1147 909 1355 949 rationali
1385 908 1508 961 (nam
1538 907 1767 949 “cedrus”

274 978 320 1012 et
353 972 456 1012 inde
487 971 726 1012 “Libanus
739 972 757 987 ''
783 971 1005 1024 significat
1044 971 1300 1025 rationale),
1329 985 1380 1012 ac
1419 972 1615 1013 Domum
1653 971 1767 1011 filiae

274 1035 515 1075 Pharaonis
535 1049 614 1088 pro
637 1035 829 1076 naturali
848 1049 856 1085 ;
890 1035 1001 1075 haec
1027 1048 1191 1075 arcana
1213 1048 1302 1074 non
1326 1042 1546 1087 apparent
1568 1035 1611 1074 in
1635 1047 1767 1074 sensu

274 1098 488 1138 historico
512 1097 665 1146 Verbi,
691 1098 770 1138 sed
798 1111 936 1151 usque
959 1098 1002 1137 in
1025 1098 1242 1149 spirituali
1266 1097 1357 1149 ejus
1381 1110 1513 1137 sensu
1535 1097 1769 1137 recondita

274 1160 435 1201 latent.

357 1223 440 1277 [9.]
492 1223 730 1265 Hactenus
770 1225 826 1264 de
867 1224 1202 1277 significatione
1242 1223 1522 1277 “Aegypti’'
1561 1224 1605 1264 in
1644 1224 1767 1264 bono

275 1299 408 1326 sensu
431 1285 580 1326 actum
600 1293 669 1327 est
688 1300 696 1336 ;
730 1300 846 1326 nunc
870 1287 1071 1339 sequitur
1094 1293 1142 1326 ut
1165 1300 1342 1339 quoque
1361 1287 1416 1326 de
1439 1285 1767 1338 significatione

276 1348 552 1401 “Aegypti'’
589 1350 633 1389 in
672 1362 804 1389 sensu
843 1349 962 1389 malo
1001 1363 1078 1389 seu
1116 1350 1328 1401 opposito
1365 1355 1550 1400 agatur:
1597 1349 1640 1388 in
1682 1349 1767 1389 hoc

278 1425 411 1452 sensu
440 1411 758 1464 “Aegyptus”
786 1411 1010 1464 significat
1044 1412 1297 1452 naturalem
1329 1412 1556 1452 hominem
1588 1424 1767 1463 separa-

272 1481 369 1514 tum
395 1488 421 1514 a
447 1474 680 1526 spirituali,
709 1488 786 1514 seu
812 1488 966 1514 verum
995 1474 1287 1515 scientificum
1316 1481 1570 1526 separatum
1594 1488 1620 1514 a
1649 1474 1769 1515 bono

275 1537 507 1589 spirituali,
541 1537 661 1590 quod
695 1538 738 1577 in
777 1551 824 1577 se
856 1544 925 1577 est
957 1537 1142 1587 salsum;
1185 1551 1276 1585 seu,
1311 1537 1430 1590 quod
1467 1537 1600 1585 idem,
1634 1536 1768 1577 fidem

275 1606 530 1652 separatam
563 1614 589 1640 a
622 1600 856 1648 charitate,
891 1614 1004 1653 quae
1041 1601 1085 1640 in
1123 1614 1170 1640 se
1208 1613 1296 1640 non
1329 1606 1397 1640 est
1430 1599 1553 1640 fides.
1616 1599 1768 1640 Homo

273 1664 392 1703 enim
430 1664 628 1704 nascitur
666 1663 896 1711 naturalis,
932 1670 978 1704 et
1018 1664 1208 1715 primum
1245 1663 1391 1704 haurit
1428 1662 1672 1704 scientifica
1707 1677 1767 1703 ex

273 1726 493 1778 magistro
525 1732 570 1766 et
606 1733 807 1779 parente,
843 1733 939 1766 tum
977 1740 1036 1766 ex
1075 1725 1268 1767 le<ffione
1301 1726 1526 1774 librorum,
1560 1733 1605 1766 et
1637 1726 1768 1766 simul

274 1803 334 1829 ex
361 1789 455 1829 vita
487 1789 530 1828 in
558 1789 752 1839 mundo;
792 1795 838 1829 et
871 1789 951 1828 nisi
985 1789 1122 1829 homo
1153 1789 1201 1829 fit
1230 1789 1484 1842 spiritualis,
1514 1789 1598 1829 hoc
1631 1796 1715 1837 est,
1743 1803 1767 1829 e

273 1865 392 1892 novo
429 1852 639 1900 nascitur,
680 1858 786 1892 tunc
829 1851 1075 1892 scientifica
1117 1865 1229 1905 quae
1272 1852 1433 1900 hausit,
1472 1851 1669 1903 applicat
1710 1852 1767 1891 ad

276 1913 632 1955 confirmandum
665 1914 880 1955 naturalis
918 1915 1110 1955 hominis
1148 1915 1376 1967 appetitus
1413 1920 1459 1955 et
1491 1914 1765 1967 voluptates,
1818 1963 1820 1967 Δ

273 1977 412 2018 verbo
429 1977 520 2030 ejus
538 1991 727 2026 amoreS,
745 1978 818 2031 qui
837 1991 993 2018 omnes
1012 1984 1115 2018 sunt
1136 1985 1294 2018 contra
1311 1977 1520 2017 Divinum
1536 1978 1737 2018 ordinem
1756 1992 1765 2028 ;

276 2046 322 2080 et
346 2039 415 2080 hic
440 2040 654 2080 naturalis
677 2041 813 2080 homo
836 2047 904 2081 est
931 2041 1004 2094 qui
1027 2040 1302 2093 significatur
1325 2054 1403 2093 per
1427 2044 1451 2060 “
1466 2040 1767 2093 Aegyptum’'

276 2103 320 2142 in
368 2116 501 2142 sensu
547 2103 771 2155 opposito,
816 2110 864 2144 ut
914 2110 1122 2143 constare
1168 2109 1322 2156 potest
1367 2117 1426 2144 ex
1476 2103 1767 2156 sequentibus

274 2165 386 2205 locis
403 2165 612 2218 z—Apud
638 2165 922 2215 Ezechielem,

339 2262 546 2304 “Quoniam
559 2262 577 2274 ”
597 2263 736 2294 Pharao
755 2263 897 2294 “elatus
914 2268 968 2294 est
984 2262 1181 2301 altitudine,
1199 2269 1234 2294 et
1251 2263 1347 2294 dedit
1364 2263 1560 2303 fastigium.
1576 2263 1684 2294 .inter
1703 2263 1768 2294 im-

449 2307 562 2346 plexa,
575 2313 610 2337 et
627 2306 759 2337 elatum
777 2313 831 2337 est
848 2316 908 2337 cor
924 2306 1002 2346 ejus
1021 2307 1056 2337 in
1074 2306 1260 2337 altitudine
1274 2316 1346 2344 sua,
1361 2307 1452 2337 dabo
1467 2317 1546 2338 eum
1565 2307 1600 2337 in
1619 2317 1765 2338 manum

447 2350 550 2381 fortis
564 2350 722 2389 gentium
738 2359 761 2386 ;.
776 2374 783 2381 .
798 2374 805 2381 .
820 2350 936 2389 ,juxta
950 2350 1167 2389 impietatem
1183 2350 1260 2390 ejus
1275 2350 1380 2390 rejeci
1394 2359 1488 2387 eum:
1510 2360 1617 2390 quare
1628 2351 1767 2382 exscin-

447 2394 533 2424 dent
550 2403 629 2424 eum
645 2393 761 2431 alieni,
776 2394 923 2424 violenti
936 2394 1107 2433 gentium,
1122 2400 1156 2424 et
1173 2393 1342 2434 dejicient
1357 2403 1448 2431 eum,
1463 2403 1569 2433 super
1583 2394 1765 2425 montibus

447 2444 482 2467 et
500 2437 651 2467 vallibus
672 2437 874 2468 ceciderunt
894 2437 981 2468 rami
1001 2436 1078 2476 ejus
1093 2446 1116 2472 ;.
1131 2462 1138 2468 .
1153 2461 1159 2468 .
1175 2437 1283 2468 .unde
1300 2437 1560 2468 descenderunt
1576 2447 1619 2468 ex
1640 2439 1765 2468 umbra

448 2479 526 2520 ejus
551 2490 678 2511 omnes
703 2480 824 2520 populi
849 2486 972 2518 terrae,
993 2488 1027 2511 et
1051 2481 1283 2511 deseruerunt
1302 2489 1406 2518 eum;
1435 2490 1541 2520 super
1560 2481 1663 2511 ruina
1685 2480 1764 2520 ejus

447 2523 657 2554 habitabunt
677 2524 794 2554 omnis
814 2524 890 2554 avis
911 2524 1099 2561 caelorum,
1121 2530 1155 2554 et
1174 2533 1280 2563 super
1300 2523 1407 2554 ramis
1428 2523 1504 2563 ejus
1525 2531 1627 2555 erunt
1647 2524 1764 2555 omnis

448 2567 524 2598 fera
555 2567 868 2606 agri:....omnes
897 2567 1079 2598 tradentur
1110 2567 1226 2604 morti,
1255 2567 1299 2597 ad
1331 2573 1461 2597 terram
1490 2567 1694 2598 inferiorem
1728 2568 1764 2598 in

449 2610 567 2641 medio
588 2610 740 2641 filiorum
761 2611 917 2641 hominis
941 2611 986 2642 ad
1006 2610 1264 2641 descendentes
1289 2611 1324 2641 in
1344 2611 1495 2641 foveam.
1544 2610 1585 2641 In
1610 2611 1667 2642 die
1691 2611 1763 2648 ino,

449 2664 519 2694 quo
543 2655 779 2684 descensurus
804 2660 858 2685 est
882 2654 917 2684 in
939 2653 1144 2692 infernum„
1160 2655 1363 2693 ..obtegam
1390 2663 1496 2693 super
1519 2663 1562 2684 eo
1582 2655 1763 2694 abyssum,

449 2704 483 2728 et
503 2697 670 2728 inhibebo
691 2697 837 2728 flumina
856 2697 943 2737 ejus,
964 2703 1002 2728 ut
1021 2697 1251 2728 occludantur
1270 2707 1382 2737 aquae
1403 2707 1564 2736 magnae,
1585 2703 1620 2728 et
1639 2699 1763 2728 atrabo

448 2750 555 2780 super
578 2750 621 2770 eo
643 2740 827 2778 Libanum,
851 2747 885 2772 et
909 2750 1036 2771 omnes
1055 2742 1201 2771 arbores
1225 2741 1301 2780 agri
1326 2750 1433 2780 super
1456 2750 1500 2771 eo
1520 2741 1761 2780 languescent.

449 2784 515 2815 Cui
536 2784 661 2815 similis
682 2783 796 2815 factus
816 2794 855 2815 es
875 2784 924 2815 sic
944 2784 979 2814 in
999 2784 1113 2823 gloria
1132 2791 1166 2815 et
1186 2784 1221 2814 in
1242 2784 1486 2824 magnitudine
1505 2784 1596 2815 inter
1615 2785 1761 2815 arbores

450 2827 605 2859 Edenis?
635 2837 715 2857 cum
741 2827 956 2858 descendere
981 2826 1096 2858 factus
1120 2827 1228 2858 fueris
1253 2837 1332 2858 cum
1357 2828 1542 2858 arboribus
1570 2827 1700 2858 Edenis
1726 2827 1761 2858 in

446 2877 577 2902 terram
595 2871 813 2907 inferiorern,
835 2871 870 2901 in
888 2871 1005 2901 medio
1023 2871 1325 2911 praeputiatorum
1345 2871 1506 2902 cubueris
1524 2880 1602 2902 cum
1620 2870 1760 2901 confos-

446 2915 495 2946 sis
511 2914 650 2954 gladio:
672 2914 727 2945 hic
745 2921 798 2945 est
818 2914 955 2945 Pharao
973 2921 1007 2945 et
1024 2915 1141 2946 omnis
1160 2915 1347 2945 multitudo
1365 2914 1470 2954 ejus¹’
1482 2915 1590 2955 (xxxi.
1608 2915 1745 2954 10-1S):
