1956 3328
637 299 743 331 cAP.
765 299 846 339 xl„
869 298 1007 330 VERs.
1037 298 1205 342 19.--N.
1228 287 1390 342 701[e].
1464 277 1468 279 ’
1649 298 1752 343 1905

275 418 451 466 partem
487 412 667 453 obviam
703 411 875 459 alteri,”
905 417 1001 452 erat
1039 411 1285 452 secundum
1317 411 1479 452 rituale
1510 411 1754 459 foederum,

279 487 393 527 quae
428 479 532 514 sunt
567 474 686 513 inter
715 473 845 513 duOS.
901 483 979 519 (Sed
998 484 1077 512 haee
1095 484 1190 520 plene
1209 484 1366 520 explicata
1383 484 1550 512 videantur
1568 483 1600 511 in
1619 483 1757 511 Arcanis

280 537 553 571 Caelestaeus‚an.
570 535 683 573 [111783
698 537 740 564 ad
757 536 860 572 1862.)
917 524 1053 577 Quod
1083 525 1243 565 foedus
1272 524 1440 566 sactum
1471 526 1530 565 sit
1560 539 1639 578 per
1669 525 1755 564 cir-

277 588 612 635 cumcisionem,
640 593 736 627 erat
768 587 870 639 quia
902 587 1179 627 circumcisio
1205 587 1579 640 repraesentabat
1607 585 1755 639 purifi-

243 645 503 692 'cationem
543 651 600 690 ab
638 650 863 690 amoribus
903 650 969 690 sui
1013 656 1060 690 et
1105 650 1272 698 mundi,
1315 651 1389 703 qui
1434 656 1538 690 sunt
1579 662 1756 689 amores

274 714 476 766 corporei
498 719 544 753 et
568 718 820 758 terrestres.
844 725 896 752 ac
919 713 1219 753 remotionem
1241 726 1394 753 eorum
1413 727 1422 761 ;
1455 726 1591 765 quare
1617 712 1755 752 etiam

273 776 551 816 circumcisio
581 773 698 815 facta
729 781 799 815 est
836 789 915 828 per
945 774 1193 827 gladiolum
1225 789 1284 815 ex
1317 774 1479 827 lapide,
1514 788 1592 827 per
1622 787 1754 827 quem

273 837 551 890 significatur
571 850 724 877 verum
747 835 991 885 doctrinae,
1016 851 1094 890 per
1119 838 1239 891 quod
1262 837 1311 877 fit
1338 838 1483 877 omnis
1506 836 1756 890 purificatio

273 911 299 938 a
329 897 459 938 malis
484 903 531 937 et
560 897 684 937 salsis
714 910 766 938 ac
792 898 987 938 remotio
1011 907 1182 938 eorum.
1241 909 1319 945 (Sed
1334 909 1459 946 singula
1473 917 1557 945 quae
1571 909 1611 936 de
1626 908 1680 936 1110
1692 908 1757 937 foe-

271 962 348 990 dere
361 961 393 989 in
408 970 447 989 eo
466 961 568 998 oepite
581 961 697 998 scripta
710 966 793 995 sunt,
809 962 903 990 etiam
923 962 955 990 in
969 962 1109 990 Arcanis
1126 962 1311 991 Caelestibus
1325 962 1482 998 explicata
1495 967 1579 995 sunt,
1594 970 1614 990 a
1628 970 1659 990 n.
1678 963 1756 998 1987

271 1015 316 1043 ad
333 1021 430 1051 2095:
454 1019 486 1042 et
504 1015 545 1042 de
564 1014 813 1047 circumcisione,
829 1023 860 1043 n.
881 1023 960 1051 2039
979 1014 1044 1047 fin..
1064 1015 1144 1051 2046
1163 1015 1228 1048 fin..
1245 1015 1333 1051 2632,
1350 1023 1438 1051 2799.
1454 1015 1544 1051 4462,
1560 1023 1649 1051 7044.
1666 1016 1756 1051 8093,

271 1066 340 1104 ibi.)
409 1055 501 1096 Ast
536 1057 639 1108 quia
674 1069 753 1109 per
785 1061 811 1077 ‘⁸
824 1057 1183 1104 Abrahamum‚”
1217 1062 1241 1077 ·‘
1257 1057 1437 1097 Isaeum
1450 1056 1470 1070 ”
1500 1063 1547 1096 et
1580 1056 1754 1108 “Jaco-

271 1116 408 1157 bum‘'
448 1118 492 1157 in
537 1131 670 1157 sensu
715 1118 895 1158 interno
937 1117 1207 1170 intelligitur
1249 1118 1485 1165 Dominus,
1527 1117 1631 1158 inde
1677 1131 1755 1170 per

274 1183 467 1220 “semen
480 1179 499 1194 ”
543 1179 720 1220 illorum
768 1179 1081 1233 significantur
1129 1194 1288 1221 omnes
1324 1182 1410 1234 ·qui
1458 1180 1515 1220 ab
1563 1180 1755 1220 ecclesia

273 1241 454 1282 Domini
479 1248 599 1290 sunt,
624 1256 737 1296 quae
763 1243 958 1284 ecclesia
982 1244 1122 1284 etiam
1148 1243 1420 1296 intelligitur
1445 1257 1524 1296 per
1548 1247 1755 1284 “terram

268 1302 570 1352 Canaanem,''
587 1317 720 1358 quam
739 1318 893 1346 semen
911 1305 1089 1346 illorum
1111 1305 1467 1347 hereditaturum
1486 1313 1595 1347 erat.
1647 1306 1752 1347 Fuit

267 1367 407 1408 etiam
432 1367 589 1407 foedus
614 1368 774 1408 initum
801 1381 902 1409 cum
930 1368 1133 1416 Noacho,

339 1454 444 1497 Quod
463 1465 535 1487 non
555 1456 709 1496 perirent
725 1456 877 1497 amplius
891 1457 1055 1488 homines
1074 1467 1137 1497 per
1154 1467 1264 1498 aquas
1280 1458 1413 1496 diluvii,
1430 1464 1465 1489 et
1483 1458 1576 1499 quod
1596 1468 1697 1490 arcus
1717 1458 1753 1490 in

439 1499 532 1530 nube
548 1505 642 1531 esset
661 1499 698 1530 in
716 1499 858 1540 signum
875 1500 967 1531 illius
982 1501 1136 1532 foederis
1154 1502 1249 1540 (Gen.
1267 1501 1311 1533 vi.
1331 1509 1380 1540 17,
1400 1502 1458 1541 18;
1481 1511 1556 1542 cap.
1573 1501 1617 1533 ix.
1633 1501 1752 1543 9-17):

267 1585 386 1638 quod
418 1586 556 1626 etiam
587 1587 632 1626 id
658 1577 816 1627 foedus
842 1587 1046 1628 involvat
1072 1587 1434 1640 conjunctionem
1462 1589 1645 1630 Domini
1674 1604 1755 1643 per

267 1647 482 1688 Divinum
513 1648 700 1696 Verum,
733 1657 945 1696 constare
983 1657 1138 1703 potest
1170 1652 1227 1691 ab
1258 1652 1566 1705 explicatione
1597 1666 1752 1693 eorum

266 1709 312 1748 in
331 1708 532 1749 Arcanis
556 1709 832 1750 caelestibus
854 1721 902 1758 (n.
917 1723 1069 1759 659-675.
1084 1727 1115 1750 et
1130 1731 1161 1751 n.
1179 1725 1371 1760 1022-1059)
1390 1727 1398 1761 ;
1430 1714 1551 1766 quod
1580 1718 1606 1733 “
1621 1727 1752 1754 arcus

267 1770 312 1810 in
333 1770 489 1818 nube‚”
507 1785 585 1812 seu
607 1772 693 1819 iris,
714 1772 772 1812 ibi
795 1772 1018 1825 significet
1041 1775 1446 1826 regenerationem,
1466 1789 1579 1828 quae
1602 1775 1651 1816 fit
1674 1790 1754 1828 per

269 1831 479 1873 Divinum
513 1833 697 1881 Verum,
732 1841 778 1874 et
814 1847 894 1887 per
928 1836 1070 1875 vitam
1107 1836 1355 1876 secundum
1391 1837 1515 1885 illud,
1549 1844 1595 1878 et
1632 1839 1752 1891 quod

267 1895 371 1936 inde
397 1896 454 1936 sit
481 1897 600 1949 quod
632 1896 707 1937 ille
733 1910 862 1937 arcus
888 1905 1147 1951 assumptus
1173 1899 1231 1939 sit
1263 1900 1307 1939 in
1334 1901 1512 1952 signum
1543 1900 1750 1949 foederis,

266 1955 478 1996 videatur
501 1958 641 1997 etiam
666 1957 726 1997 ibi
751 1969 797 2005 (n.
811 1969 917 2006 1042).

349 2018 429 2072 [e.]
464 2018 655 2071 Quart0‚
685 2019 814 2069 Quod
825 2027 1062 2072 praeterea
1085 2023 1303 2075 quicquid
1319 2023 1558 2077 coty‘ungit,
1584 2024 1753 2065 dic‘lum

266 2079 329 2120 sit
339 2079 502 2131 foedus
513 2094 534 2127 ‚·
565 2087 613 2121 ut
641 2079 938 2130 Sabbathum,
965 2083 1084 2135 apud
1109 2083 1276 2132 Mosen,

332 2173 559 2205 “Servabunt
575 2174 636 2205 filii
658 2174 781 2206 Isaelis
799 2175 1030 2208 Sabbathum.
1044 2202 1052 2208 .
1066 2202 1074 2208 .
1089 2177 1139 2208 ,in
1155 2178 1406 2217 generationes
1422 2189 1515 2218 suas,
1532 2179 1658 2211 foedus
1675 2189 1751 2213 sae-

439 2218 507 2248 culi
518 2217 536 2228 ”
556 2218 676 2257 (Exod.
694 2219 786 2250 xxxi.
807 2219 877 2258 16):

269 2307 390 2360 quod
413 2305 692 2348 Sabbathum
715 2309 889 2349 dicatur
913 2309 1105 2350 “foedus
1127 2311 1331 2359 saeculi,’‘
1354 2319 1449 2352 erat
1471 2314 1573 2366 quia
1598 2313 1748 2355 “Sab-

267 2369 484 2410 bathum‘’
524 2371 567 2410 in
612 2384 820 2422 supremo
864 2385 996 2411 sensu
1041 2372 1307 2424 significavit
1348 2376 1557 2415 unionem
1601 2376 1749 2416 Divini

267 2443 368 2471 cum
396 2431 607 2472 Humano
638 2434 681 2473 in
709 2433 918 2481 Domino,
946 2447 997 2474 ac
1030 2435 1072 2474 in
1103 2449 1235 2475 sensu
1261 2435 1512 2488 respectivo
1537 2438 1748 2490 conjunc·

268 2493 438 2534 tionem
461 2494 642 2535 Domini
665 2509 764 2535 cum
783 2496 910 2536 caelo
931 2504 978 2536 et
1000 2497 1202 2545 ecclesia,
1222 2505 1268 2538 et
1291 2499 1333 2538 in
1357 2501 1592 2540 universali
1615 2515 1748 2542 sensu

268 2550 627 2608 conjunctionem
659 2558 763 2598 boni
795 2565 841 2599 et
873 2560 977 2606 veri,
1006 2574 1118 2612 quae
1145 2560 1397 2613 conjunctio
1423 2571 1609 2603 vocatur
1640 2578 1747 2604 con-

262 2616 432 2670 jugium
459 2619 681 2660 caeleste:
718 2622 880 2674 “quies
911 2622 954 2661 in
981 2623 1051 2662 die
1077 2621 1326 2664 Sabbathi’‘
1352 2625 1454 2664 inde
1481 2625 1748 2677 significavit

267 2686 437 2720 statum
464 2683 637 2722 unionis
662 2683 778 2723 illius
806 2691 852 2724 et
884 2683 1208 2736 conjunctionis
1234 2686 1364 2733 illius,
1393 2689 1494 2739 quia
1521 2701 1598 2739 per
1624 2688 1747 2728 illurn

269 2741 465 2783 Domino
490 2756 580 2795 pax
610 2751 655 2784 et
687 2747 824 2798 quies,
849 2753 895 2786 et
927 2760 1004 2799 per
1034 2747 1158 2787 illum
1184 2749 1319 2789 etiam
1354 2763 1442 2801 pax
1476 2757 1520 2790 et
1553 2750 1672 2790 salus
1705 2752 1746 2790 in

267 2802 405 2842 Caelis
429 2809 476 2843 et
501 2804 543 2843 ln
571 2805 714 2845 terris.
773 2818 884 2853 (Quod
904 2818 956 2846 illa
978 2827 1035 2855 per
1054 2816 1312 2852 “Sabbaihum,''
1330 2826 1359 2848 et
1379 2830 1435 2857 per
1455 2819 1471 2828 '⁴
1484 2822 1621 2857 quietem
1635 2822 1651 2828 ''
1673 2828 1748 2850 tunc

266 2865 491 2901 significentur,
501 2867 645 2896 videatur
656 2869 687 2897 in
698 2870 833 2898 Arcam's
848 2871 1039 2903 Caele-stibus.
1051 2880 1080 2899 n.
1092 2873 1180 2909 8494,
1191 2874 1280 2909 8495.
1292 2875 1380 2909 8510.
1395 2882 1448 2910 103
1453 2875 1500 2909 56,
1517 2875 1622 2910 10360,
1640 2875 1747 2910 10367·

270 2917 797 2959 10370.[²¹10374.10668.10730-)
856 2911 990 2964 Quod
1016 2913 1083 2953 Sal
1114 2914 1155 2953 in
1185 2915 1409 2955 sacrificiis
1436 2916 1611 2955 dicatur
1639 2916 1744 2955 “sal
