1962 3334
644 261 749 294 CAP.
772 262 855 302 1x.,
877 260 1014 294 VERS.
1041 261 1209 294 10.—N.
1234 226 1326 306 55'9.
1434 283 1441 288 .
1624 263 1729 306 1407

241 388 338 417 rum
362 374 606 416 multorum
631 374 902 415 currentium
933 373 978 414 in
1002 373 1212 422 bellum,'’
1236 373 1459 427 significet
1491 373 1731 415 ratiocina-

241 443 389 483 tiones
424 442 538 482 sicut
574 454 634 481 ex
664 440 780 481 veris
815 438 1047 480 doctrinae
1078 453 1138 480 ex
1170 439 1325 480 Verbo
1356 438 1616 488 intellectis,
1650 453 1732 493 pro

240 505 399 558 quibus
434 504 646 545 ardenter
682 503 975 556 pugnandum
1012 509 1096 544 est.
1156 502 1224 544 Ut
1261 503 1373 543 haec
1404 503 1731 556 intelligantur,

239 567 481 608 dicendum
507 573 576 607 est
602 566 723 620 quod
748 579 927 619 pugnae
951 565 1220 618 spirituales,
1248 579 1362 619 quae
1388 572 1492 606 sunt
1518 578 1598 618 pro
1615 566 1733 606 veris

240 637 400 671 contra
431 629 557 678 salsa,
596 629 706 670 fiant
746 643 804 669 ex
843 628 1014 677 Verbo,
1041 635 1089 670 et
1125 627 1447 669 confirmentur
1483 642 1563 682 per
1597 629 1734 669 series

240 699 608 746 argumentorum
639 699 686 733 et
718 691 1072 741 conclusionum,
1099 705 1179 744 per
1208 706 1318 748 quas
1350 705 1478 732 mens
1508 691 1736 733 illustrata

240 755 374 809 plene
410 756 719 805 convincitur;
763 755 850 796 hoc
889 755 1042 808 itaque
1077 762 1148 796 est
1185 755 1306 808 quod
1343 753 1621 808 significatur
1656 767 1735 807 per

243 823 440 859 “vocem
471 818 641 858 alarum
673 818 787 859 sicut
813 830 971 858 vocem
1003 831 1210 858 curruum
1242 831 1458 871 equorum
1490 817 1734 858 multorum

241 882 513 922 currentium
539 882 583 921 in
609 880 816 921 bellum.”
876 881 1267 922 Ratiocinationes
1299 880 1516 921 sensualis
1540 880 1734 938 bominis

240 958 300 985 ex
325 943 447 985 salsis
478 951 526 984 et
556 957 637 996 pro
667 943 790 984 salsis
821 943 955 996 plane
982 944 1150 985 similes
1174 950 1397 997 apparent
1422 943 1734 984 ratiocinatio·

241 1007 369 1047 nibus
405 1006 648 1059 spiritualis
684 1006 893 1054 hominis,
931 1007 975 1047 in
1012 1014 1207 1047 externa
1241 1006 1398 1054 forma,
1436 1007 1516 1047 sed
1554 1019 1735 1059 prorsus

241 1068 480 1109 dissimiles
516 1076 620 1110 sunt
656 1069 701 1109 in
738 1070 941 1120 interna;
985 1082 1077 1110 non
1113 1070 1233 1110 enim
1266 1069 1351 1110 illis
1387 1069 1562 1123 aliquae
1598 1070 1735 1110 series

240 1132 686 1185 argumentationum
709 1139 756 1173 et
778 1131 1118 1173 conclusionum
1141 1138 1261 1181 sunt,
1279 1133 1359 1173 sed
1382 1132 1527 1173 solum
1550 1145 1734 1185 persua-

240 1195 390 1236 siones
421 1208 480 1235 ex
512 1194 770 1236 scientificis
796 1195 1079 1236 sensualibus
1107 1194 1242 1248 (quae
1268 1195 1425 1249 quales
1450 1202 1556 1236 sunt
1587 1196 1631 1236 in
1664 1209 1735 1236 se-

240 1264 409 1311 quente
439 1257 632 1298 articulo
663 1257 875 1311 dicetur),
908 1259 1067 1312 quibus
1099 1272 1227 1299 mens
1257 1258 1503 1299 infatuatur
1532 1258 1613 1299 sed
1644 1271 1734 1299 non

240 1318 540 1359 COHVlnCitur.
588 1329 701 1367 (Quod
716 1327 734 1337 ‘⁸
747 1330 817 1359 alae
828 1329 845 1339 ’'
861 1330 1039 1367 significent
1051 1339 1126 1359 vera
1138 1330 1322 1368 spiritualia,
1336 1335 1368 1359 et
1382 1331 1457 1359 inde
1473 1327 1491 1338 ⁴⁴
1502 1339 1566 1358 vox
1581 1330 1704 1359 alarum
1717 1331 1733 1339 ''

240 1377 459 1407 ventilationes
469 1386 508 1406 ex
522 1377 591 1411 illis,
604 1378 739 1415 proinde
749 1378 1015 1412 ratiocinationes,
1025 1388 1063 1408 ac
1078 1379 1111 1407 in
1125 1387 1277 1416 supremo
1288 1388 1384 1408 sensu
1401 1379 1554 1407 Divinum
1566 1379 1737 1416 Spirituale

240 1427 329 1464 quod
343 1431 391 1455 ωε
404 1427 557 1455 Divinum
570 1428 702 1462 Verum,
716 1428 862 1457 videatur
876 1437 983 1466 supra,
996 1437 1027 1458 n.
1045 1419 1139 1469 283.
1195 1429 1293 1465 Quod
1307 1433 1416 1457 autem
1433 1426 1450 1436 ⁴¹
1462 1437 1573 1457 currus
1584 1428 1601 1437 '¹
1617 1428 1736 1466 signifi·

240 1485 315 1509 cent
332 1479 520 1508 doetrinalia
538 1489 595 1509 seu
609 1489 685 1509 vera
698 1481 876 1515 doetrinae,
892 1486 1055 1510 ostensum
1075 1487 1122 1510 est
1140 1490 1247 1519 supra,
1263 1491 1294 1511 n.
1316 1480 1408 1523 355,
1424 1482 1479 1510 ubi
1498 1481 1607 1510 aetum
1627 1486 1675 1510 est
1693 1482 1734 1510 de

240 1528 467 1566 significatione
482 1531 499 1542 ¹·
510 1529 614 1566 equi.··
629 1530 718 1566 quod
731 1530 770 1558 sit
785 1530 1008 1564 intellectuale,
1021 1535 1053 1559 et
1067 1530 1121 1559 ubi
1135 1530 1239 1567 agitur
1253 1531 1294 1559 de
1305 1530 1424 1565 Verbo,
1440 1531 1529 1567 quod
1544 1530 1582 1559 sit
1597 1530 1736 1560 intellec-

241 1579 293 1603 tus
306 1574 428 1611 Verbi.)

319 1643 453 1686 559·
475 1642 661 1682 [Vers.10.]
684 1633 762 1674 “ft
772 1633 975 1674 habebant
986 1634 1144 1675 caudas
1155 1634 1309 1675 similes
1323 1633 1734 1687 scorpiis.”—Quod

242 1694 464 1747 significet
495 1694 732 1748 scz'entzfica
762 1696 988 1736 sensualia
1018 1710 1129 1749 quae
1146 1696 1431 1748 persuasiva,
1461 1702 1643 1736 constat
1674 1710 1734 1736 ex

244 1755 570 1810 significatione
604 1758 924 1805 “caudarum,'’
949 1759 1069 1811 quod
1099 1759 1189 1799 sint
1220 1758 1466 1799 scientifica
1497 1758 1732 1807 sensualia,

242 1820 300 1860 de
324 1832 411 1872 qua
431 1820 655 1871 sequitur;
687 1826 732 1859 et
754 1834 814 1860 ex
837 1820 1164 1873 significatione
1186 1821 1477 1873 scorpiorum,
1501 1821 1621 1874 quod
1643 1821 1734 1862 sint

243 1882 505 1933 persuasiva
543 1880 818 1921 infatuantia
861 1888 908 1921 et
951 1881 1222 1922 suffocantia
1259 1892 1315 1929 (de
1334 1901 1398 1929 qua
1420 1901 1526 1930 supra.
1549 1901 1581 1922 n.
1608 1891 1732 1934 544);

242 1942 347 1982 inde
370 1942 577 1983 “caudae
603 1941 769 1982 similes
791 1942 977 1995 scorpiis
991 1942 1009 1957 '’
1032 1941 1287 1995 significant
1310 1942 1556 1984 scientifica
1577 1956 1732 1984 sensu·

241 2004 329 2046 alia
345 2019 458 2059 quae
477 2005 745 2058 persuasiva.
802 2004 935 2058 Quod
955 2009 982 2025 ‘⁴
995 2006 1165 2046 caudae
1178 2005 1197 2020 ’²
1214 2005 1469 2059 significent
1487 2006 1733 2048 scientifica

242 2068 477 2117 sensualia,
501 2074 572 2108 est
598 2068 700 2121 quia
726 2068 910 2116 caudae,
934 2082 1048 2121 quae
1074 2067 1371 2120 exporrectae
1398 2075 1586 2110 exstant
1613 2071 1732 2122 apud

243 2131 452 2172 animalia
475 2138 635 2179 terrae,
659 2137 764 2171 sunt
791 2131 1156 2171 continuationes
1177 2132 1331 2184 spinae
1355 2132 1475 2172 dorsi
1497 2146 1611 2186 quae
1637 2147 1732 2174 me·

243 2192 366 2234 dulla
382 2193 565 2246 spinalis
582 2200 784 2241 vocatur,
803 2200 850 2234 et
868 2193 979 2234 haec
998 2200 1069 2234 est
1087 2195 1368 2235 continuatio
1384 2195 1568 2242 cerebri,
1583 2209 1635 2237 ac
1654 2210 1734 2249 per

245 2256 514 2296 “cerebrum
525 2255 545 2270 ”
570 2254 850 2308 significatur
875 2255 1179 2308 intelligentia
1203 2263 1250 2297 et
1281 2257 1502 2309 sapientia
1528 2258 1734 2300 similiter

243 2330 295 2358 ac
321 2330 400 2370 per
423 2317 637 2371 “caput,”
659 2331 719 2358 ex
744 2331 878 2358 causa
900 2318 1003 2371 quia
1028 2317 1331 2371 intelligentia
1354 2325 1400 2359 et
1427 2320 1649 2372 sapientia
1673 2322 1733 2362 ibi

243 2380 287 2420 in
312 2380 401 2420 suis
426 2381 651 2433 principiis
673 2380 899 2430 resident;
932 2386 979 2420 et
1002 2380 1104 2433 quia
1124 2381 1292 2422 caudae
1315 2388 1419 2422 sunt
1443 2383 1602 2423 ultima
1622 2383 1729 2436 ejus,

243 2442 345 2483 ideo
371 2456 449 2495 per
473 2442 573 2483 illas
605 2442 915 2496 significantur
940 2441 1187 2484 scientifica
1212 2444 1448 2493 sensualia,
1475 2445 1586 2486 haec
1612 2447 1731 2486 enim

243 2512 349 2546 sunt
373 2505 531 2546 ultima
556 2505 887 2567 intelligentiae
910 2512 955 2546 et
982 2506 1244 2558 sapientiae.
1295 2506 1550 2549 Scientifica
1575 2522 1729 2549 sensu-

243 2567 331 2608 alia
355 2575 459 2610 sunt
485 2568 562 2609 illa
583 2567 829 2609 scientifica
850 2581 964 2621 quae
986 2581 1046 2608 ex
1069 2569 1237 2610 mundo
1259 2582 1338 2622 per
1358 2571 1552 2624 quinque
1575 2584 1731 2612 sensus

244 2630 443 2682 corporis
466 2631 652 2679 intrant,
674 2637 722 2671 et
747 2630 850 2671 inde
876 2631 920 2670 in
946 2644 993 2671 se
1019 2629 1226 2683 spectata
1247 2638 1350 2672 sunt
1377 2646 1482 2685 prae
1509 2634 1730 2674 interiori·

245 2693 392 2733 oribus
418 2693 678 2742 materialia,
703 2706 919 2746 corporea
939 2699 986 2734 et
1013 2693 1251 2735 mundana.
1303 2693 1475 2736 Omnes
1500 2695 1562 2735 illi
1587 2696 1659 2749 qui
1685 2697 1728 2736 in

244 2768 396 2796 amore
431 2756 496 2796 sui
532 2762 651 2804 sunt,
694 2762 740 2796 et
780 2769 828 2796 se
868 2754 1247 2798 confirmaverunt
1284 2765 1443 2798 contra
1480 2758 1643 2799 Divina
1682 2766 1728 2799 et

245 2817 502 2870 spiritualia,
528 2818 757 2859 sensuales
788 2818 994 2859 homines
1019 2825 1149 2869 sunt;
1186 2825 1232 2860 et
1264 2833 1364 2860 cum
1397 2821 1479 2861 sibi
1511 2819 1652 2861 relicti
1683 2821 1728 2860 in

245 2880 400 2933 spiritu
425 2894 505 2922 suo
531 2881 751 2934 cogitant,
777 2881 832 2922 de
859 2880 1032 2923 Divinis
1057 2888 1103 2924 et
1129 2882 1431 2936 spiritualibus
1462 2897 1520 2924 ex
1548 2883 1729 2925 scienti-
