1962 3334
312 241 419 282 1810
722 249 1056 283 APOCALYPSIS
1088 250 1387 284 EXPLICATA.

306 363 509 414 procedit
528 363 583 403 ab
600 363 718 416 Ipso,
736 364 855 417 quod
875 365 1174 406 communiter
1188 371 1376 406 vocatur
1393 364 1604 406 Divinum
1621 365 1796 406 Bonum

304 439 355 466 ac
395 426 606 466 Divinum
646 426 830 475 Verum,
870 434 965 468 tum
993 427 1166 480 justitia
1203 434 1248 468 et
1276 427 1502 480 judicium,
1536 435 1583 469 et
1619 443 1795 482 quoque

304 501 429 528 amor
454 495 500 528 et
527 488 661 529 fides:
701 490 812 530 haec
841 497 944 531 sunt
971 503 1050 543 per
1075 505 1187 544 quae
1216 491 1437 531 Dominus
1462 498 1623 544 regnat
1645 506 1653 542 ;
1692 505 1795 544 pro-

303 552 406 592 inde
433 552 509 592 illa
540 559 644 593 sunt
672 555 847 606 proprie
874 568 1063 607 regnum
1092 555 1273 596 Domini
1300 555 1419 607 apud
1450 555 1552 595 illos
1584 556 1656 608 qui
1682 556 1795 596 reci-

304 616 459 667 piunt;
505 629 608 656 nam
641 630 741 656 curn
779 617 857 657 illa
893 624 1086 670 regnant
1124 619 1242 671 apud
1280 618 1468 670 angelos
1506 624 1551 658 et
1589 619 1794 658 homines

304 685 410 719 tunc
445 679 547 732 Ipse
575 680 795 720 Dominus
822 688 997 733 regnat,
1027 696 1140 734 quae
1172 682 1290 722 enim
1323 682 1573 735 procedunt
1600 682 1657 722 ab
1689 682 1795 735 Ipso

303 749 406 782 sunt
431 743 559 795 Ipse;
595 743 815 784 Dominus
842 745 885 784 in
913 745 1039 785 caelo
1062 758 1151 785 non
1178 745 1298 785 aliud
1326 752 1396 785 est
1423 758 1556 798 quam
1580 745 1794 785 Divinum

302 806 565 858 procedens.
640 807 860 847 Dominus
898 808 1077 861 quidem
1118 822 1207 848 non
1246 809 1382 848 modo
1422 809 1539 860 regit
1578 808 1680 849 illos
1720 810 1794 862 qui

302 870 521 921 recipiunt
549 870 712 910 Divina
738 870 953 911 caelestia
978 877 1025 911 et
1051 871 1298 923 spiritualia
1322 871 1379 911 ab
1406 871 1525 924 Ipso,
1549 872 1628 912 sed
1655 873 1793 913 etiam

301 931 402 972 illos
428 934 501 986 qui
528 946 618 973 non
645 934 879 986 recipiunt,
908 934 1023 974 sicut
1050 947 1207 974 omnes
1234 934 1276 974 in
1304 934 1502 984 inferno;
1541 935 1620 975 sed
1654 949 1792 989 usque

300 1008 390 1035 non
431 996 516 1036 dici
558 1002 711 1048 potest
751 997 871 1050 quod
913 997 972 1036 ibi
1013 997 1070 1037 sit
1111 1010 1300 1049 regnum
1343 997 1538 1046 Domini,
1581 999 1792 1054 quoniam

300 1071 478 1111 prorsus
506 1059 665 1099 nolunt
693 1060 787 1112 regi
812 1074 870 1099 ex
896 1059 1061 1100 Divino
1088 1060 1206 1113 quod
1231 1060 1448 1112 procedit,
1473 1067 1519 1100 et
1545 1060 1792 1102 secundum

299 1120 391 1173 ejus
417 1122 583 1162 ordinis
609 1122 761 1175 leges3
794 1123 932 1163 immo
960 1130 1130 1175 negant
1155 1122 1413 1171 Dominum,
1439 1129 1484 1164 et
1511 1137 1558 1163 se
1581 1131 1792 1165 avertunt

302 1184 359 1224 ab
387 1185 516 1237 Ipso;
551 1192 598 1226 at
626 1200 764 1239 usque
789 1186 1008 1226 Dominus
1035 1187 1153 1238 regit
1179 1186 1294 1234 illos,
1321 1199 1409 1226 non
1437 1187 1551 1227 sicut
1574 1188 1699 1240 regni
1726 1189 1792 1228 sui

299 1247 502 1288 subditos
525 1255 570 1288 et
594 1249 727 1297 cives,
753 1249 831 1288 sed
856 1250 970 1289 sicut
993 1247 1272 1289 refractarios
1296 1256 1341 1289 et
1364 1249 1569 1298 rebelles,
1590 1251 1791 1291 tenendo

297 1311 342 1351 in
369 1311 556 1351 vinculis
589 1325 643 1351 ne
672 1311 840 1351 malurn
867 1311 1032 1352 faciant
1065 1312 1145 1352 sibi
1174 1318 1344 1360 mutuo,
1372 1326 1424 1352 ac
1456 1313 1672 1365 imprimis
1704 1313 1791 1354 illis

298 1375 372 1427 qui
403 1388 426 1414 e
459 1388 600 1427 regno
634 1374 776 1426 Ipsius
808 1381 927 1415 sunt.
990 1373 1123 1427 Quod
1156 1374 1264 1415 illud
1297 1376 1354 1415 sit
1386 1389 1576 1428 regnum
1610 1376 1791 1417 Domini

298 1437 418 1490 quod
447 1437 649 1490 procedit
676 1437 732 1477 ab
761 1437 865 1489 Ipso
891 1444 937 1478 et
964 1438 1189 1490 recipitur,
1215 1444 1424 1478 constare
1447 1445 1601 1491 potest
1629 1453 1654 1479 a
1679 1439 1790 1480 locis

297 1501 340 1540 in
387 1500 541 1541 Verbo
587 1501 660 1540 ubi
710 1503 937 1553 “regnum
984 1500 1099 1541 Dei”
1141 1501 1334 1541 dicitur:
1386 1507 1434 1542 ut
1480 1502 1524 1542 in
1570 1500 1790 1543 Oratione

301 1561 496 1611 Domini,

363 1663 381 1676 “
392 1661 571 1746 Adv(er}iat
581 1669 858 1746 {egnum)tuum,
874 1663 934 1694 fiat
948 1663 1116 1695 voluntas
1132 1670 1202 1702 tua,
1215 1664 1307 1695 sicut
1324 1665 1359 1695 in
1374 1664 1473 1696 caelo
1486 1664 1594 1696 etiam
1611 1665 1647 1696 in
1665 1671 1760 1696 terra
1771 1664 1789 1677 ’¹

485 1708 516 1737 lv
529 1711 580 1737 att
605 1731 612 1738 .
631 1707 676 1738 vi.
697 1715 737 1738 10
764 1718 769 1739 :

295 1811 415 1864 quod
452 1811 511 1850 ibi
549 1824 626 1863 per
660 1811 916 1864 “regnum'’
947 1811 1229 1864 intelligatur
1260 1812 1461 1864 receptio
1493 1811 1642 1852 Divini
1674 1812 1788 1853 Boni

295 1887 346 1914 ac
381 1874 530 1914 Divini
563 1874 684 1923 Veri,
719 1888 832 1928 quae
866 1875 1117 1927 procedunt
1155 1889 1180 1915 a
1219 1875 1430 1924 Domino,
1465 1882 1510 1916 et
1547 1876 1591 1916 in
1628 1875 1787 1929 quibus

295 1943 365 1977 est
398 1937 619 1977 Dominus
651 1938 769 1990 apud
801 1937 990 1990 angelos
1022 1938 1133 1978 caeli
1170 1945 1215 1978 et
1253 1939 1370 1990 apud
1402 1939 1606 1979 homines
1638 1939 1786 1979 eccle-

295 2000 400 2048 siae,
441 2007 595 2052 patet;
641 2014 744 2041 nam
781 2002 994 2054 sequitur,
1035 2001 1179 2042 .“Fiat
1217 2001 1428 2042 voluntas
1469 2008 1546 2042 tua
1585 2003 1700 2042 sicut
1741 2003 1784 2042 in

295 2063 422 2103 caelo
445 2064 581 2103 etiam
607 2064 650 2104 in
677 2070 795 2104 terra
813 2063 846 2114 ;’'
872 2063 1084 2105 voluntas
1108 2064 1192 2104 Dei
1215 2064 1264 2105 fit
1292 2077 1392 2105 cum
1415 2064 1491 2104 illa
1512 2065 1785 2117 recipiuntur

294 2126 428 2167 corde
455 2134 501 2167 et
528 2127 688 2175 anima,
718 2127 802 2167 hoc
830 2133 914 2176 est,
943 2140 1095 2168 amore
1122 2134 1168 2168 et
1195 2126 1294 2168 fide.
1357 2127 1419 2168 Et
1446 2127 1564 2176 alibi,

361 2234 560 2275 “Quaerite
578 2235 693 2274 primo
712 2245 861 2275 regnum
880 2232 1094 2266 [¹]caelorum
1113 2241 1147 2266 et
1164 2234 1241 2275 ejus
1258 2235 1442 2275 justitiam,
1457 2241 1555 2266 turre.
1571 2235 1709 2266 .omnia
1724 2235 1786 2267 ad-

467 2278 633 2318 jicientur
651 2279 752 2309 vobis
764 2278 782 2290 '¹
799 2279 942 2318 (Matth.
960 2279 1005 2310 vi.
1024 2279 1098 2318 33):

293 2399 371 2439 per
413 2389 639 2439 “regnum
686 2386 945 2427 caelorum''
986 2387 1028 2426 in
1075 2386 1293 2438 spirituali
1339 2400 1472 2427 sensu
1517 2386 1786 2440 intelligitur

292 2449 504 2489 Divinum
545 2449 730 2497 Verum,
773 2456 819 2490 et
866 2463 944 2502 per
988 2449 1271 2502 “justitiam'’
1317 2450 1528 2490 Divinum
1575 2449 1782 2500 Bonum;

291 2526 426 2566 quare
459 2512 633 2560 dicitur,
672 2511 929 2564 “Quaerite
963 2514 1106 2565 primo
1137 2526 1326 2565 regnum
1359 2512 1584 2553 caelorum
1616 2518 1662 2553 et
1692 2512 1784 2566 ejus

286 2575 506 2628 justitiam
526 2574 557 2624 ;'’
595 2582 640 2614 et
673 2575 716 2614 in
749 2589 958 2627 supremo
990 2589 1123 2616 sensu
1156 2589 1233 2628 per
1267 2579 1493 2628 “regnum
1526 2575 1784 2616 caelorum”

290 2637 558 2689 intelligitur
585 2637 819 2686 Dominus,
848 2639 1059 2691 quoniam
1088 2639 1188 2691 Ipse
1216 2644 1284 2678 est
1317 2652 1450 2678 omne
1477 2639 1542 2678 sui
1567 2639 1707 2691 regni,
1736 2645 1782 2679 et

291 2713 368 2753 per
397 2699 652 2752 “justitiam
666 2700 683 2714 ”
711 2701 754 2740 in
787 2701 947 2741 eodem
980 2715 1111 2741 sensu
1145 2700 1420 2754 significatur
1445 2693 1653 2742 meritum
1687 2701 1782 2742 Do-

291 2763 423 2803 mini:
467 2768 512 2803 et
550 2763 651 2815 quia
688 2763 839 2811 homo,
873 2764 946 2816 qui
978 2765 1147 2816 regitur
1178 2778 1203 2804 a
1235 2764 1444 2812 Domino,
1479 2777 1568 2804 non
1600 2763 1697 2804 vult
1735 2771 1781 2805 et

291 2832 413 2865 amat
442 2826 523 2864 nisi
546 2839 658 2878 quae
684 2825 865 2865 Domini
889 2833 1005 2874 sunt,
1031 2827 1207 2866 ducitur
1229 2827 1326 2878 ipso
1350 2827 1579 2867 nesciente
1602 2826 1658 2866 ad
1684 2826 1779 2866 feli-

290 2888 358 2928 cia
380 2888 423 2932 in
447 2894 680 2928 aeternum
699 2902 707 2938 ;
742 2889 843 2929 ideo
866 2889 1026 2930 dicitur
1044 2889 1163 2943 quod
1185 2890 1372 2930 “omnia
1394 2889 1657 2942 adjicientur
1677 2889 1781 2939 illi,'’

1954 1886 1962 1912 4

1954 2022 1962 2061 ⁵.

1930 2099 1935 2104 ·
1956 2077 1962 2113 i

1937 2118 1962 2158 ’ἔ

1951 2172 1962 2203 Ἴ
