1962 3334
281 248 387 301 1876
688 259 1021 294 APOCALYPSIS
1052 262 1349 296 EXPLICATA.

277 369 413 423 Quod
446 385 524 424 per
550 385 701 412 arcam
728 380 1096 426 repraesentatus
1123 376 1181 417 sit
1213 376 1434 417 Dominus
1461 378 1608 432 quoad
1636 379 1759 420 Divi-

274 447 382 473 num
416 433 601 482 Verum,
636 441 682 475 et
719 435 823 476 inde
855 436 1159 489 significatum
1195 438 1407 480 Divinum
1439 439 1609 481 Verum
1641 441 1759 495 quod

271 509 298 536 a
322 496 534 544 Domino,
559 497 622 537 ita
646 497 862 546 Verbum,
888 499 1026 540 etiam
1049 507 1262 542 constare
1289 508 1443 554 potest
1466 516 1524 543 ex
1547 517 1615 552 eo,
1640 503 1760 557 quod

271 558 375 599 inde
403 558 581 599 locutus
608 560 666 600 sit
693 560 915 601 Dominus
942 575 1042 602 cum
1070 563 1226 614 Mose3
1260 577 1364 604 nam
1392 564 1566 613 dicitur,

337 646 408 678 “In
425 657 543 678 arcam
562 648 662 679 dabis
677 647 968 688 Testimonium„
982 675 990 682 .
1003 675 1011 682 .
1026 657 1076 682 ,et
1095 652 1306 683 conveniam
1325 658 1359 683 te
1379 652 1436 690 ibi,
1450 659 1486 684 et
1501 653 1626 694 loquar
1642 659 1758 686 tecum

444 692 489 722 ab
509 693 601 722 inter
614 692 702 722 duos
715 693 889 724 cherubos
902 694 958 734 qui
977 704 1083 734 super
1096 705 1178 725 arca
1188 695 1410 734 Testimonii,
1425 706 1532 727 omne
1549 698 1643 738 quod
1660 707 1760 738 prae-

445 741 611 775 cepturus
629 745 707 766 sum
726 736 788 767 tibi
805 737 849 767 ad
867 736 958 768 filios
978 737 1119 769 Israelis
1131 737 1148 749 ’¹
1162 738 1283 778 (Exod.
1300 749 1380 771 xxv.
1399 748 1450 778 21,
1469 739 1543 780 22);

270 806 316 841 et
342 800 461 850 alibi,

336 874 520 915 “Quando
541 875 725 915 ingressus
750 881 804 906 est
830 875 953 907 Moses
978 877 1013 907 in
1034 876 1244 908 Tentorium
1265 884 1473 915 conventus,
1493 884 1532 909 ut
1554 878 1759 919 loqueretur

442 928 521 949 cum
545 919 638 958 Ipso,
656 919 791 950 audivit
811 930 934 950 vocem
956 920 1135 960 loquentis
1152 921 1197 951 ad
1217 921 1315 951 illum
1332 921 1484 961 desuper
1503 923 1757 962 propitiatorio,

443 963 538 1003 quod
559 973 666 1002 super
685 973 767 994 arca
787 963 1012 1001 Testimonii,
1033 965 1078 994 ab
1103 964 1194 995 inter
1213 965 1304 995 duos
1324 965 1520 1004 cherubos;
1549 965 1597 997 ita
1620 966 1758 998 locutus

443 1013 497 1037 est
514 1007 559 1037 ad
580 1007 680 1037 illum
694 1006 712 1018 ’'
725 1007 849 1046 (Num.
867 1007 924 1038 vii.
945 1008 1018 1047 89);

269 1089 388 1142 quod
416 1089 637 1129 Dominus
664 1089 768 1129 inde
795 1089 974 1130 locutus
1006 1090 1062 1130 sit
1095 1090 1151 1130 ad
1184 1089 1358 1140 Mosen,
1396 1097 1492 1131 erat
1524 1091 1626 1145 quia
1656 1090 1757 1132 Lex

269 1158 366 1192 erat
398 1152 482 1201 ibi;
516 1158 562 1192 et
594 1165 673 1205 per
701 1152 914 1204 “Legem
927 1152 946 1166 ”
972 1152 1096 1192 illam
1125 1153 1168 1192 in
1196 1166 1332 1193 sensu
1359 1153 1454 1193 lato
1481 1153 1758 1206 significatur

269 1212 492 1254 Dominus
524 1214 671 1267 quoad
699 1214 915 1262 Verbum,
945 1221 990 1255 et
1025 1215 1338 1255 Dominusex
1371 1208 1526 1256 Verbo
1559 1215 1755 1269 loquitur

269 1289 370 1317 cum
394 1276 576 1316 homine
595 1291 603 1326 3
637 1277 757 1330 quod
783 1277 1014 1330 “desuper
1036 1278 1349 1330 propitiatorio
1372 1279 1489 1319 inter
1511 1278 1623 1318 duos
1645 1278 1753 1318 che-

270 1338 444 1387 rubos,'’
467 1345 564 1379 erat
587 1340 689 1392 quia
712 1353 790 1392 per
811 1343 835 1359 “
850 1340 1213 1392 propitiatorium
1227 1340 1246 1354 ''
1266 1340 1542 1392 significatur
1564 1340 1756 1381 remotio

268 1400 517 1441 falsitatum
545 1415 602 1441 ex
631 1402 856 1441 amoribus
883 1401 1025 1450 malis,
1055 1408 1101 1442 et
1134 1408 1240 1442 tunc
1270 1403 1471 1455 receptio
1497 1408 1542 1442 et
1569 1402 1752 1451 auditio,

268 1469 314 1503 et
342 1476 420 1516 per
444 1463 735 1503 “cherubos’'
758 1463 904 1503 tutela
931 1477 986 1504 ne
1012 1464 1200 1504 adeatur
1223 1465 1304 1504 nisi
1331 1477 1463 1517 quam
1487 1478 1565 1517 per
1586 1464 1754 1505 bonum

268 1526 446 1566 amoris.
509 1525 735 1577 Quoniam
778 1525 998 1566 Dominus
1039 1526 1082 1566 in
1122 1526 1249 1566 caelo
1281 1533 1327 1566 et
1369 1527 1412 1566 in
1454 1526 1646 1567 ecclesia
1682 1532 1752 1567 est

270 1588 482 1628 Divinum
507 1588 677 1628 Verum
704 1602 782 1628 seu
806 1587 1023 1636 Verbum,
1049 1594 1095 1629 et
1122 1588 1207 1628 hoc
1231 1588 1501 1641 intelligitur
1522 1602 1600 1642 per
1625 1592 1649 1608 ‘⁴
1666 1588 1755 1629 Le-

268 1650 404 1703 gem'’
437 1650 657 1691 inclusam
697 1664 843 1699 arcae,
877 1656 923 1690 et
962 1651 1064 1703 quia
1096 1651 1353 1703 praesentia
1385 1650 1568 1691 Domini
1605 1657 1674 1691 est
1711 1651 1754 1691 in

271 1713 399 1766 Lege
431 1727 509 1754 seu
541 1713 710 1761 Verbo,
745 1713 847 1753 ideo
879 1712 951 1752 ubi
987 1713 1067 1753 fuit
1099 1726 1203 1753 arca
1235 1713 1293 1753 ibi
1329 1712 1409 1753 fuit
1439 1713 1644 1765 Jehovah
1677 1727 1755 1754 seu

270 1776 506 1824 Dominus,
535 1782 582 1816 ut
609 1782 820 1816 constare
847 1781 1001 1828 potest
1029 1789 1087 1815 ex
1115 1775 1182 1815 his
1209 1775 1327 1828 apud
1352 1775 1519 1824 Mosen,

333 1865 460 1896 “Dixit
479 1865 602 1896 Moses
613 1864 631 1876 ”
645 1865 689 1896 ad
706 1864 890 1906 Jehovam,
906 1864 989 1895 “Ne
1008 1874 1140 1905 quaeso
1158 1864 1317 1905 relinque
1331 1874 1407 1902 nos,
1423 1865 1504 1905 quia
1520 1865 1651 1896 novisti
1669 1874 1754 1906 quo-

441 1909 548 1940 modo
565 1909 890 1940 castrametandum
908 1908 1011 1939 nobis
1031 1914 1085 1939 est
1105 1909 1140 1939 in
1161 1908 1312 1945 deserto,
1330 1909 1424 1939 unde
1444 1908 1513 1939 eris
1530 1909 1632 1939 nobis
1655 1905 1750 1949 [pro]

439 1953 559 1990 oculis,
575 1959 609 1983 et
627 1952 684 1983 fiet
702 1952 844 1992 quando
858 1952 963 1982 iveris
978 1952 1174 1989 nobiscum,
1189 1958 1223 1981 et
1241 1951 1298 1982 fiet
1318 1953 1451 1982 bonum
1467 1952 1551 1982 illud
1565 1961 1633 1992 quo
1647 1953 1754 1983 bene-

440 1996 544 2027 faciet
563 1995 724 2037 Jehovah
745 1995 859 2033 nobis,
880 1995 1144 2026 benefaciemus
1164 1994 1271 2025 etiam
1293 1995 1384 2026 Tibi.
1434 1995 1476 2026 Et
1500 1993 1648 2035 profeffi
1669 2001 1753 2026 sunt

439 2050 461 2070 a
486 2039 609 2070 Monte
633 2039 792 2080 Jehovae
813 2039 938 2069 itinere
958 2039 1063 2069 trium
1084 2039 1233 2076 dierum,
1255 2045 1289 2069 et
1313 2048 1394 2069 arca
1418 2039 1570 2069 foederis
1594 2038 1752 2080 Jehovae

440 2083 665 2123 proficiscens
679 2092 799 2113 coram
819 2082 888 2113 illis
906 2082 1031 2113 itinere
1045 2082 1150 2113 trium
1165 2083 1302 2115 dierum
1317 2082 1361 2112 ad
1379 2082 1665 2121 investigandum
1683 2082 1752 2112 illis

439 2127 596 2167 requiem
614 2136 620 2164 ;
646 2133 680 2157 et
698 2127 810 2157 nubes
826 2125 985 2166 Jehovae
998 2135 1105 2165 super
1122 2126 1190 2158 illis
1209 2126 1370 2163 interdiu,
1386 2135 1465 2156 cum
1484 2125 1753 2165 proficisceban-

439 2177 495 2201 tur
522 2180 541 2201 e
572 2170 707 2201 castris.
755 2169 906 2210 Quando
935 2169 1222 2209 proficiscebatur
1245 2179 1335 2206 arca,
1361 2169 1448 2199 dixit
1474 2168 1605 2206 Moses,
1631 2168 1751 2208 Surge,
1789 2176 1794 2178 ·

437 2213 609 2255 Jehovah,
623 2220 661 2244 ut
675 2211 958 2253 [¹1dispergamur
971 2213 1104 2243 inimici
1117 2214 1177 2251 tui,
1190 2219 1224 2244 et
1238 2212 1376 2252 fugiant
1389 2222 1512 2243 osores
1526 2212 1576 2243 tui
1593 2222 1614 2242 a
1632 2221 1751 2242 coram

438 2257 595 2288 faciebus
608 2257 675 2287 tuis
689 2268 695 2288 :
720 2263 755 2287 et
769 2257 909 2296 quando
924 2256 1125 2296 quiescebat
1139 2257 1207 2294 illa,
1219 2257 1316 2293 dixit,
1331 2255 1429 2294 Redi,
1441 2255 1612 2296 Jehovah,
1625 2257 1754 2296 myria-

438 2302 501 2332 des
519 2301 709 2331 chiliadum
729 2299 899 2331 Israelis¹'
917 2299 1040 2339 (Num.
1058 2310 1089 2331 x.
1108 2300 1248 2339 31-36):

265 2404 324 2431 ex
348 2388 535 2442 singulis
557 2389 625 2428 his
644 2393 772 2441 patet
791 2387 910 2441 quod
927 2386 1133 2440 Jehovah
1158 2401 1235 2427 seu
1259 2387 1480 2426 Dominus
1503 2386 1560 2426 ibi
1582 2385 1750 2426 intelli-

265 2459 399 2506 gatur
436 2465 513 2504 per
548 2450 776 2498 “arcam,'‘
809 2457 993 2503 propter
1024 2449 1327 2503 praesentiam
1361 2449 1507 2502 Ipsius
1543 2449 1587 2488 in
1625 2448 1750 2501 Lege

265 2528 379 2567 quae
421 2514 465 2553 in
506 2526 623 2561 arca,
657 2513 721 2553 ita
762 2518 946 2566 propter
983 2512 1285 2565 praesentiam
1319 2511 1462 2563 Ipsius
1503 2511 1547 2550 in
1580 2510 1748 2551 Verbo.

266 2576 384 2628 Quia
417 2575 636 2615 Dominus
669 2575 727 2614 ibi
758 2574 1028 2626 intelligitur
1058 2588 1136 2627 per
1170 2572 1423 2625 “Legem‚”
1454 2579 1500 2613 et
1537 2573 1639 2613 inde
1671 2586 1749 2625 per

267 2637 500 2686 “arcam,’'
526 2638 642 2677 dixit
675 2637 843 2685 Moses,
874 2636 1072 2689 “Surge‚
1098 2635 1320 2688 Jehovah,
1355 2642 1402 2675 ut
1434 2635 1750 2688 dispergantur

264 2701 430 2741 inimici
463 2701 540 2748 tui,
574 2706 620 2740 et
651 2699 825 2752 fugiant
857 2713 1012 2739 osores
1044 2699 1107 2739 tui
1139 2712 1165 2738 a
1197 2711 1349 2738 coram
1382 2697 1578 2737 faciebus
1610 2698 1696 2737 tuis
1715 2696 1749 2746 ;’'

262 2770 309 2804 et
333 2777 433 2804 curn
456 2763 731 2816 quiescebat,
757 2762 887 2809 dixit,
911 2761 1079 2809 “Redi,
1097 2760 1318 2813 Jehovah,
1344 2760 1568 2812 myriades
1591 2759 1747 2799 chilia-

262 2827 368 2866 dum
393 2825 571 2865 Israelis
589 2825 622 2865 :''
655 2824 733 2864 sed
757 2824 916 2864 eadem
943 2823 1019 2863 illa
1041 2823 1178 2863 verba
1201 2822 1436 2862 involvunt
1461 2821 1605 2862 adhuc
1629 2822 1747 2861 inte-

261 2890 390 2938 riora,
425 2901 586 2941 nempe
623 2887 743 2941 quod
782 2886 1003 2926 Dominus
1041 2899 1118 2939 per
1159 2885 1373 2925 Divinum
1412 2897 1539 2924 suum
1571 2883 1742 2924 Verum
