1962 3334
589 293 695 325 CAP.
718 292 799 331 xx„
822 291 959 323 vssRs.
982 291 1127 322 2.—-N.
1153 292 1173 336 5
1180 281 1316 336 38[b].
1401 297 1408 302 ·
1585 291 1688 334 1341

210 421 320 461 quas
345 405 655 460 significantur
679 406 964 458 cognitiones
986 404 1092 445 boni
1118 411 1165 445 et
1190 405 1297 452 veri,
1324 418 1403 445 seu
1427 417 1534 444 vera
1559 411 1694 444 natu-

209 469 314 510 ralis
343 469 536 509 hominis
561 482 676 521 quae
702 468 783 508 sibi
812 473 1077 520 comparant
1101 473 1149 507 et
1174 481 1288 520 quae
1313 466 1554 507 venditant
1576 480 1586 516 ;
1618 466 1691 507 hic

209 537 363 572 autem
391 531 638 571 falsitates:
671 544 750 583 per
776 534 891 570 “cor
917 530 1103 569 marium
1114 529 1134 543 '’
1159 530 1203 569 in
1228 542 1317 582 quo
1346 535 1511 569 ventus
1542 529 1690 569 orien-

210 593 314 634 talis
343 594 476 646 fregit
507 593 645 640 illam,
679 599 725 632 et
756 593 799 632 in
831 592 950 645 quod
981 591 1147 632 cadent
1178 592 1250 631 die
1281 605 1410 631 casus
1441 591 1521 639 sui,
1549 591 1693 631 simile

209 655 487 708 significatur
511 668 612 695 cum
643 655 824 706 abysso,
852 667 1014 707 nempe
1045 653 1263 694 infernum
1295 653 1413 694 unde
1443 653 1555 694 falsa
1582 654 1693 693 doc·

209 719 379 767 trinae;
413 721 613 757 “ventus
643 716 875 757 orientalis
887 716 906 731 ”
930 723 1001 756 est
1032 715 1226 756 influxus
1256 729 1281 756 e
1312 715 1455 764 caelo,
1484 723 1531 756 et
1558 716 1694 756 “dies

209 792 340 820 casus
361 778 452 831 ejus
465 779 485 794 ”
502 786 572 820 est
594 779 802 819 ultimum
819 778 1058 830 judicium:
1092 792 1171 831 per
1189 782 1336 831 “opes
1347 778 1367 793 ”
1385 777 1695 831 significantur

209 841 458 891 salsitates;
491 855 568 894 per
595 840 1000 894 “negotiationes’‘
1025 846 1072 881 et
1106 844 1373 881 “mercatus
1384 840 1404 855 ”
1435 840 1692 893 significan-

210 910 283 944 tur
297 903 472 944 illarum
489 904 806 956 acquisitiones
828 909 874 943 et
896 903 1344 951 communicationes,
1363 917 1443 957 per
1461 908 1661 944 “nautas
1671 903 1693 917 '’

210 966 415 1013 ministri,
443 980 522 1019 per
549 965 852 1006 “naucleros”
876 965 1107 1005 antistites
1131 966 1205 1018 qui
1236 965 1406 1006 ducunt
1436 971 1483 1006 et
1508 966 1691 1013 docent,

210 1041 289 1081 per
318 1029 473 1068 “viros
498 1028 634 1068 belli”
659 1028 732 1080 qui
757 1028 1018 1075 defendunt,
1042 1034 1089 1068 et
1115 1041 1194 1080 per
1217 1028 1696 1081 “congregationem’'v

210 1089 323 1130 falsa
347 1088 625 1130 doctrinalia.
686 1089 823 1143 Apud
850 1090 1031 1139 Jonam,

277 1177 334 1210 “E
346 1186 470 1210 ventre
486 1178 614 1209 inferni
631 1179 844 1210 vociferatus
860 1189 949 1216 sum,
963 1180 1174 1211 exaudivisti
1187 1189 1312 1211 vocem
1330 1189 1445 1211 meam
1460 1189 1467 1216 ;
1492 1179 1694 1220 projeceras

382 1231 439 1252 me
460 1223 495 1252 in
516 1222 791 1262 profunditatem
809 1233 920 1263 usque
944 1223 979 1253 in
999 1233 1061 1254 cor
1076 1224 1237 1260 marium,
1254 1230 1289 1254 et
1313 1223 1444 1254 flumen
1464 1223 1695 1255 circumdedit

382 1276 439 1296 me
453 1276 460 1302 ;
484 1276 610 1296 omnes
627 1265 752 1296 fluctus
766 1267 815 1296 tui
832 1274 868 1297 et
884 1267 999 1297 undae
1016 1276 1123 1306 super
1136 1276 1191 1297 me
1205 1266 1472 1304 transiverunt„
1486 1291 1494 1298 .
1508 1291 1515 1298 .
1530 1267 1694 1304 ,circum-

382 1310 554 1340 dederunt
578 1320 635 1340 me
657 1319 768 1349 aquae
791 1319 902 1349 usque
925 1309 971 1340 ad
993 1310 1160 1347 animam,
1180 1311 1333 1350 abyssus
1356 1310 1600 1341 circumcinxit
1623 1306 1691 1347 the,

382 1353 464 1392 alga
486 1353 631 1392 alligata
654 1353 757 1392 capiti
778 1362 879 1389 meo:
903 1353 947 1383 ad
967 1353 1163 1384 excisiones
1183 1353 1358 1384 montium
1377 1353 1555 1390 descendi,
1576 1360 1691 1384 terrae

381 1394 501 1426 vectes
514 1406 619 1436 super
630 1406 686 1426 me
700 1397 734 1426 in
747 1404 930 1426 aeternum
943 1406 950 1431 :
975 1396 1207 1427 nihilominus
1218 1397 1409 1428 ascendere
1422 1396 1538 1427 fecisti
1551 1407 1571 1427 e
1585 1397 1693 1428 fovea

382 1439 491 1470 vitam
508 1449 624 1470 meam
635 1439 653 1450 ’'
670 1440 717 1478 (ii.
737 1437 799 1480 [3,]
817 1448 848 1477 4,
862 1440 891 1477 6,
908 1447 925 1477 7
945 1437 1004 1481 [B.
1017 1441 1063 1471 Α.
1077 1447 1106 1477 2,
1121 1448 1150 1478 3,
1166 1448 1193 1478 5,
1207 1437 1278 1481 6]):

213 1525 333 1579 quod
354 1539 432 1578 per
450 1525 627 1578 Jonarn,
651 1526 770 1579 quod
796 1526 924 1567 fuerit
947 1526 991 1566 in
1014 1533 1119 1567 ceto
1141 1527 1283 1567 tribus
1306 1527 1462 1567 diebus
1484 1533 1530 1568 et
1553 1527 1694 1568 tribus

213 1586 432 1635 noctibus,
464 1595 853 1640 repraesentatum
891 1590 948 1629 sit
979 1589 1099 1641 quod
1137 1588 1358 1628 Dominus
1393 1589 1457 1628 ita
1493 1594 1614 1628 esset
1650 1589 1694 1627 in

214 1650 350 1690 corde
371 1656 530 1698 terrae,
555 1651 691 1691 docet
715 1651 817 1703 Ipse
841 1652 959 1703 apud
982 1650 1260 1691 Matthaeum
1284 1650 1402 1703 (cap.
1424 1651 1499 1691 xii.
1524 1662 1589 1703 39,
1610 1661 1692 1701 40;

212 1725 310 1765 cap.
332 1713 421 1752 xvi.
442 1724 494 1763 4:
528 1712 628 1752 Luc.
651 1714 712 1752 xi.
736 1724 802 1765 29,
830 1713 899 1766 30)
920 1728 929 1763 ;
962 1720 1008 1754 et
1039 1728 1118 1766 per
1147 1713 1259 1754 haec
1286 1714 1423 1754 verba
1445 1714 1588 1766 Jonae
1614 1713 1694 1753 de-

212 1774 466 1814 scribuntur
487 1775 608 1814 dirae
635 1776 915 1815 tentationes
945 1775 1138 1815 Domini.
1199 1775 1261 1816 Et
1286 1776 1389 1828 quia
1414 1776 1695 1816 tentationes

211 1836 415 1876 existunt
434 1850 511 1889 per
524 1838 840 1877 inundationes
859 1837 1079 1878 malorum
1096 1845 1142 1878 et
1161 1838 1388 1886 falsorum,
1403 1852 1518 1891 quae
1534 1851 1694 1878 ascen-

212 1898 325 1938 dunt
360 1911 420 1938 ex
458 1898 627 1939 inferno
664 1906 709 1939 et
746 1900 871 1952 quasi
909 1900 1218 1952 submergunt,
1251 1901 1413 1940 dicitur
1444 1900 1564 1953 quod
1598 1904 1695 1940 “ex

211 1967 369 2000 ventre
405 1960 562 2000 inferni
593 1961 861 2001 vociferatus
897 1961 995 2009 sit,”
1026 1968 1072 2002 et
1103 1962 1224 2015 quod
1257 1960 1520 2015 “projeetus
1556 1963 1614 2003 sit
1649 1963 1695 2003 in

210 2022 562 2076 profunditatem
588 2037 726 2076 usque
752 2025 794 2064 in
822 2037 900 2064 cor
925 2025 1151 2072 marium,”
1173 2038 1252 2078 per
1277 2039 1390 2078 quae
1416 2025 1696 2077 significatur

210 2085 427 2126 infernum
446 2100 455 2135 ;
488 2099 566 2139 per
590 2086 823 2126 “flumen’'
845 2095 890 2127 et
917 2101 995 2140 per
1018 2091 1195 2140 “aquas
1205 2088 1224 2102 ’¹
1245 2102 1359 2141 quae
1386 2088 1694 2128 circumdede-

211 2154 329 2196 runt,
357 2155 403 2188 et
434 2162 513 2201 per
539 2147 732 2189 “fluetus
764 2156 810 2190 et
842 2150 984 2189 undas
997 2149 1017 2164 '’
1041 2164 1155 2203 quae
1180 2151 1498 2198 transiverunt,
1526 2150 1695 2204 signifi-

212 2217 372 2251 cantur
386 2211 503 2251 mala
517 2218 563 2251 et
578 2211 688 2251 falsa
703 2212 806 2252 inde
826 2226 835 2261 ;
859 2226 937 2264 per
950 2216 975 2232 “
987 2212 1222 2264 abyssum'’
1235 2227 1350 2267 quae
1364 2214 1693 2261 circumcinxit,

215 2273 523 2326 significantur
558 2274 728 2314 inferna
765 2275 838 2314 ubi
874 2281 919 2315 et
957 2275 1074 2321 unde
1110 2276 1247 2325 falsa;
1291 2290 1369 2329 per
1402 2278 1696 2318 “excisiones

215 2336 467 2376 montium”
497 2337 554 2376 ad
585 2350 695 2390 quas
726 2337 978 2385 descendit,
1007 2338 1315 2390 significantur
1344 2339 1515 2379 inferna
1545 2340 1619 2379 ubi
1649 2346 1696 2380 et

216 2398 334 2438 unde
366 2398 509 2438 mala:
542 2399 661 2452 quod
693 2400 750 2439 ab
781 2399 867 2439 illis
899 2400 1013 2440 sicut
1044 2399 1219 2441 vinetus
1250 2401 1393 2449 fuerit,
1421 2401 1697 2454 significatur

214 2474 294 2514 per
327 2461 515 2513 “algam
552 2461 787 2514 alligatam
820 2462 995 2514 capiti,”
1025 2469 1071 2503 et
1109 2477 1188 2516 per
1221 2462 1410 2504 “vectes
1446 2471 1591 2504 terrae
1622 2465 1695 2518 qui

214 2536 347 2575 super
370 2523 492 2562 illum
511 2523 544 2572 ;'‘
575 2524 694 2577 quod
727 2525 841 2564 sicut
867 2523 1042 2564 vinctus
1074 2539 1151 2577 per
1177 2525 1288 2566 falsa
1314 2526 1592 2579 significatur
1618 2540 1697 2580 per

215 2585 445 2638 “algam’'
470 2593 515 2626 et
541 2587 660 2639 quod
687 2588 801 2627 sicut
828 2585 1002 2627 vinctus
1031 2601 1109 2640 per
1134 2589 1253 2629 mala
1279 2603 1357 2642 per
1385 2587 1576 2630 “veetes
1603 2597 1694 2630 ter·

212 2647 338 2688 rae:''
371 2646 555 2688 victoria
586 2662 717 2701 super
747 2649 833 2689 illis
865 2663 923 2689 ex
955 2650 1131 2702 propria
1163 2653 1382 2704 potentia,
1416 2651 1694 2704 significatur

213 2722 293 2762 per
312 2709 634 2750 “nihilominus
652 2712 896 2751 ascendere
918 2711 1062 2752 fecisti
1083 2726 1107 2752 e
1128 2713 1257 2753 fovea
1281 2715 1476 2754 animam
1494 2726 1642 2754 meam
1658 2714 1693 2762 ;’'

214 2771 375 2811 dicitur
399 2772 683 2812 “ascendere
715 2773 897 2819 fecisti‚''
919 2773 999 2813 sed
1030 2787 1131 2814 cum
1158 2775 1214 2815 de
1241 2775 1452 2823 Domino,
1479 2776 1694 2828 intelligi·

214 2839 285 2873 tur
315 2833 434 2885 quod
476 2833 576 2886 Ipse
616 2848 675 2874 ex
721 2849 801 2875 suo
839 2835 1003 2875 Divino
1045 2835 1102 2876 Se
1143 2838 1388 2878 ascendere
1429 2838 1597 2886 fecerit,
1630 2839 1696 2878 ita

213 2908 272 2935 ex
310 2897 487 2949 propria
523 2898 742 2950 potentia.
803 2897 972 2938 Similia
1008 2899 1316 2952 significantur
1352 2914 1430 2953 per
1461 2902 1695 2954 sequentia
