1962 3334
634 270 741 303 CAP.
765 269 847 310 XL,
870 268 1008 301 VERs.
1037 267 1206 312 19.-—N.
1228 256 1389 311 701[c].
1428 262 1431 264 ’
1646 256 1752 308 1897

271 382 492 423 Dominus
513 382 573 423 ibi
595 382 771 423 dicatur
795 380 1054 422 “Dominus
1065 379 1085 395 ”
1106 394 1166 421 ex
1189 379 1354 420 Divino
1377 378 1519 426 Bono,
1539 390 1590 418 ac
1612 376 1750 417 “An—

269 445 399 496 gelus
428 443 654 484 soederis”
685 457 744 483 ex
775 442 942 482 Divino
972 441 1112 489 Vero,
1143 441 1350 481 videatur
1380 453 1515 492 supra
1544 449 1752 490 (n.242[d].

267 513 592 554 433[b].444[0]),
630 503 704 542 ubi
738 503 878 542 etiam
913 501 1086 554 reliqua
1121 500 1356 553 explicata
1390 506 1509 539 sunt.
1568 498 1644 538 Ex
1683 498 1752 538 his

269 571 478 604 constare
501 570 655 617 potest
677 564 796 617 quod
819 577 898 616 per
922 562 1156 610 “foedus,”
1177 574 1278 602 cum
1301 562 1356 601 de
1381 561 1592 608 Domino,
1616 559 1751 600 intel-

270 626 436 679 ligatur
466 626 538 667 vel
577 626 693 679 Ipse,
726 625 798 666 vel
835 626 940 665 unio
972 625 1115 678 Ipsius
1147 624 1297 664 Divini
1329 636 1430 664 cum
1464 622 1678 663 Humano
1708 623 1751 662 in

271 688 403 741 Ips0;
436 695 482 729 et
504 687 753 741 respective
771 688 827 728 ad
850 687 952 728 illos
969 688 1043 740 qui
1063 688 1108 727 in
1130 686 1259 728 caelo
1281 693 1327 727 et
1350 687 1394 726 in
1416 685 1609 726 ecclesia
1630 691 1750 732 sunt,

270 749 526 803 conjunctio
551 764 652 791 cum
680 751 785 804 Ipso
811 764 889 804 per
915 750 1126 790 Divinum
1149 749 1268 803 quod
1295 749 1500 802 procedit
1525 748 1584 788 ab
1610 747 1728 800 Ipso.

353 813 434 867 [c.]
467 814 694 862 Secundo,
725 813 852 864 Quod
870 814 1090 854 Divinum
1109 813 1364 865 procedens,
1390 812 1510 865 quod
1527 817 1595 851 est
1616 811 1752 851 Divi-

270 888 372 916 num
413 875 583 923 Verum,
616 876 682 916 ita
722 875 924 923 Verbum,
957 875 1019 915 sit
1034 874 1211 926 foedus,
1244 873 1350 927 quia
1378 872 1496 914 illud
1519 872 1751 925 conjungit,

270 943 480 978 constare
506 944 660 991 potest
688 952 747 978 ex
770 938 1062 991 sequentibus
1088 937 1199 977 locis
1218 935 1428 989 :—Apud
1452 934 1620 982 Mosen,

345 1025 467 1058 Moses
484 1026 704 1058 descendens
723 1036 742 1058 e
763 1026 887 1058 Monte
905 1025 1003 1058 Sinai
1022 1025 1264 1057 “renuntiavit
1282 998 1414 1065 populo
1433 1022 1555 1055 omnia
1573 1024 1681 1055 verba
1698 1022 1755 1065 Je-

442 1070 566 1107 hovae,
586 1075 622 1101 et
639 1070 762 1101 omnia
778 1069 927 1111 judicia3
953 1076 987 1101 et
1006 1068 1188 1110 respondit
1206 1068 1324 1099 omnis
1344 1068 1493 1108 populus
1512 1077 1585 1098 una
1603 1077 1701 1105 voce,
1720 1073 1755 1098 et

443 1113 616 1150 dixerunt,
644 1113 776 1144 Omnia
802 1114 911 1144 verba
938 1123 1028 1153 quae
1059 1113 1196 1144 locutus
1226 1117 1281 1143 est
1308 1111 1470 1153 Jehovah
1499 1111 1688 1149 faciemus;
1721 1116 1757 1141 et

443 1155 583 1196 scripsit
599 1156 720 1188 Moses
732 1156 854 1188 omnia
865 1157 974 1188 verba
987 1155 1171 1198 Jehovae''
1185 1155 1222 1186 in
1240 1155 1345 1194 Libro
1357 1165 1380 1194 ;.
1395 1179 1402 1186 .
1416 1179 1424 1186 .
1438 1156 1473 1186 .“
1481 1160 1515 1186 et
1531 1153 1682 1194 sumpsit
1698 1153 1756 1184 Li-

442 1200 544 1230 brum
563 1199 726 1238 foederis,
746 1206 781 1231 et
803 1198 888 1240 legit
910 1200 948 1230 in
967 1199 1108 1230 auribus
1128 1198 1259 1240 populi,
1279 1204 1315 1230 et
1332 1198 1505 1236 dixerunt,
1526 1197 1643 1229 Omne
1662 1197 1756 1238 quod

442 1242 579 1274 locutus
601 1249 655 1274 est
672 1243 834 1285 Jehovah
856 1243 1026 1274 faciemus
1047 1248 1082 1274 et
1105 1241 1389 1274 auscultabimus.
1436 1241 1481 1272 Et
1503 1241 1654 1281 sumpsit
1679 1240 1756 1272 Mo-

443 1295 501 1318 ses
510 1285 528 1298 ''
541 1285 726 1318 dimidium
739 1285 922 1326 sanguinis
938 1296 982 1317 ex
997 1285 1223 1323 holocaustis,
1237 1287 1299 1316 “et
1314 1284 1443 1325 sparsit
1454 1294 1561 1325 super
1575 1284 1755 1325 populum,

444 1334 480 1360 et
506 1329 603 1367 dixit,
629 1329 718 1361 Ecce
745 1329 891 1369 sanguis
917 1329 1080 1367 foederis,
1105 1329 1199 1370 quod
1225 1328 1359 1369 pepigit
1385 1328 1547 1370 Jehovah
1573 1327 1754 1359 vobiscum

443 1381 549 1412 super
570 1372 736 1404 omnibus
758 1372 877 1404 verbis
899 1371 976 1405 his:
1006 1378 1041 1404 et
1062 1371 1225 1403 viderunt
1249 1372 1364 1403 Deum
1390 1371 1542 1409 Israelis,
1566 1371 1632 1402 sub
1655 1370 1756 1411 cujus

442 1415 590 1455 pedibus
606 1415 707 1457 quasi
722 1425 812 1456 opus
828 1414 955 1456 lapidis
971 1415 1153 1456 sapphiri''
1169 1414 1292 1456 (Exod.
1308 1414 1402 1446 xxiv.
1419 1423 1449 1454 3,
1465 1422 1496 1454 4,
1515 1422 1545 1454 7,
1562 1415 1592 1452 8,
1610 1413 1682 1454 10):

272 1513 391 1567 quod
408 1513 619 1553 Divinum
634 1513 820 1560 Verum,
834 1513 952 1566 quod
968 1513 1084 1566 apud
1102 1527 1184 1553 nos
1198 1519 1267 1553 est
1283 1513 1500 1562 Verbum,
1514 1514 1571 1554 sit
1586 1513 1757 1561 foedus

273 1583 484 1617 constare
510 1582 664 1629 potest
690 1590 748 1616 ex
776 1576 962 1628 singulis
994 1576 1062 1615 his
1094 1577 1138 1615 in
1163 1589 1298 1616 sensu
1323 1577 1502 1616 interno
1529 1590 1607 1617 seu
1632 1577 1758 1630 spiri-

274 1638 385 1679 tuali
409 1637 652 1691 spectati&
685 1638 839 1678 Moses
863 1639 998 1686 enim,
1026 1639 1099 1692 qui
1125 1639 1242 1680 dixit
1267 1639 1347 1679 illa
1371 1639 1555 1692 populo,
1579 1654 1758 1693 reprae-

274 1703 473 1742 sentavit
499 1701 687 1754 Legem,
715 1702 801 1742 hoc
834 1708 918 1750 est,
948 1702 1164 1750 Verbum,
1194 1708 1242 1742 ut
1274 1709 1485 1743 constare
1512 1709 1667 1756 potest
1699 1717 1759 1744 ex

274 1763 492 1817 aliquibus
530 1763 642 1803 locis
682 1764 755 1803 ubi
795 1764 957 1804 dicitur
995 1764 1181 1804 “Moses
1221 1771 1267 1805 et
1301 1764 1593 1816 Prophetae,”
1628 1772 1675 1806 et
1715 1766 1759 1805 in

273 1826 492 1880 aliquibus
521 1826 653 1866 “ch
681 1833 728 1867 et
753 1826 1058 1878 Prophetac,·''
1095 1828 1159 1868 ita
1188 1827 1405 1868 “Moses’'
1432 1842 1512 1881 pro
1544 1828 1685 1882 Lege,
1714 1836 1759 1869 et

273 1889 374 1930 Lex
405 1890 449 1929 in
485 1889 581 1929 lato
611 1902 745 1929 sensu
777 1889 1001 1942 significat
1035 1890 1252 1939 Verbum,
1286 1891 1407 1944 quod
1445 1898 1515 1932 est
1548 1891 1759 1932 Divinum

273 1951 471 2002 Verum;
503 1958 600 1992 tum
627 1966 803 2005 quoque
834 1959 1043 1992 constare
1070 1959 1225 2005 potest
1251 1968 1310 1994 ex
1343 1968 1411 2002 eo,
1440 1955 1559 2007 quod
1588 1954 1760 1995 “Mons

274 2013 425 2056 Sinai'’
447 2013 671 2067 significet
699 2015 888 2063 caelum,
918 2016 1035 2055 unde
1062 2016 1274 2067 Divinum
1300 2017 1498 2067 Verum;
1532 2024 1578 2059 et
1604 2032 1663 2058 ex
1689 2032 1758 2066 e0,

275 2074 395 2131 quod
420 2078 591 2118 “Liber
616 2078 846 2126 foederis,”
872 2079 945 2131 qui
972 2077 1113 2119 lectus
1136 2087 1206 2120 est
1234 2093 1385 2120 coram
1412 2081 1593 2133 populo,
1620 2083 1758 2135 signi-

276 2140 381 2181 ficet
408 2139 636 2191 Verbum;
669 2147 715 2180 et
743 2141 862 2193 quod
890 2141 1150 2193 “sanguis‚”
1176 2156 1235 2182 ex
1262 2156 1350 2196 quo
1377 2143 1608 2184 dimidium
1635 2158 1759 2198 spar—

275 2216 372 2243 sum
399 2209 469 2243 est
501 2217 632 2256 super
657 2203 886 2256 populum,
915 2204 1053 2244 etiam
1085 2204 1308 2257 significet
1336 2205 1547 2246 Divinum
1573 2206 1758 2255 Verum,

274 2266 394 2319 quod
423 2271 493 2306 est
520 2265 735 2313 Verbum,
765 2271 810 2305 et
842 2266 944 2318 quia
975 2266 1018 2305 id
1045 2267 1293 2320 conjungit,
1320 2275 1510 2309 vocatur
1539 2272 1761 2322 “sanguis

275 2327 517 2386 foederis:”
553 2334 599 2368 et
631 2328 842 2380 quoniam
869 2329 1015 2368 omnis
1042 2328 1297 2381 conjunctio
1324 2344 1402 2383 per
1428 2331 1639 2372 Divinum
1667 2332 1760 2373 Ve-

275 2405 371 2432 rum
397 2398 467 2432 est
493 2404 594 2431 cum
618 2390 829 2437 Domino,
853 2390 955 2430 ideo
981 2395 1004 2410 ‘⁴
1021 2391 1143 2432 Deus
1167 2393 1384 2442 Israelis,'’
1406 2395 1479 2447 qui
1506 2401 1575 2435 est
1603 2395 1760 2435 Domi-

277 2466 373 2501 nus,
400 2454 519 2493 visus
546 2460 615 2494 est
643 2453 773 2501 Mosi,
802 2452 1021 2501 Aharoni,
1050 2461 1096 2494 et
1124 2455 1215 2506 ejus
1242 2455 1356 2504 filiis,
1385 2470 1436 2497 ac
1470 2458 1761 2510 septuaginta

278 2515 552 2556 senioribus:
591 2516 711 2568 quod
740 2516 860 2555 “sub
891 2515 1110 2567 pedibus”
1141 2519 1261 2558 visus
1293 2519 1365 2567 sit,
1399 2526 1495 2560 erat
1527 2521 1628 2572 quia
1660 2534 1759 2560 cum

276 2592 355 2632 per
394 2578 637 2618 Dominum
683 2579 953 2632 intelligitur
993 2579 1208 2629 Verbum,
1250 2596 1328 2635 per
1370 2582 1575 2635 “pedes''
1618 2583 1760 2635 Ipsius

277 2641 547 2694 intelligitur
573 2641 774 2682 Verbum
806 2644 849 2683 in
882 2646 970 2684 suis
999 2644 1182 2692 ultimis,
1211 2644 1296 2685 hoc
1330 2651 1415 2693 est,
1445 2646 1487 2685 in
1521 2659 1654 2686 sensu
1686 2646 1759 2685 lit-

278 2711 402 2745 terae
433 2704 540 2756 ejus,
574 2704 649 2746 filii
681 2707 800 2746 enim
834 2707 1012 2747 Israelis
1044 2721 1134 2747 non
1166 2708 1350 2748 interius
1382 2709 1590 2748 viderunt
1623 2708 1760 2754 illud;

280 2768 433 2807 “sicut
466 2781 577 2820 opus
603 2769 833 2821 sapphiri''
860 2769 1083 2822 significat
1116 2769 1387 2821 pellucidum
1420 2785 1445 2810 a
1476 2772 1590 2810 veris
1623 2772 1759 2810 inter-

279 2827 361 2873 nis,
388 2841 503 2880 quae
528 2835 633 2868 sunt
660 2842 819 2868 sensus
845 2829 1091 2882 spiritualis
1119 2830 1274 2870 Verbi.
1334 2842 1410 2877 (sed
1426 2842 1761 2878 haecsingillatimex-

278 2891 381 2927 posita
396 2892 560 2920 videantur
579 2892 610 2920 in
628 2893 763 2921 Arcam‘s
782 2893 974 2927 Caelestffius,
992 2903 1021 2922 n.
1042 2894 1249 2932 9371-9412.)
1308 2883 1465 2936 Qualis
1501 2883 1760 2935 conjunfllO
