1962 3334
241 265 346 309 1712
606 302 609 305 ,
652 264 985 299 APOCALYPSIS
1017 267 1314 302 EXPLICATA.

235 393 316 433 per
354 379 654 433 “paupereS,”
694 381 958 431 “mancos,”
992 382 1244 423 “claudos’'
1281 389 1327 424 et
1367 383 1599 424 “caecos''
1636 398 1725 432 non

236 442 554 496 intelliguntur
577 443 691 484 tales
718 444 760 484 in
788 445 980 486 naturali
1004 460 1150 495 sensu,
1175 447 1255 487 sed
1279 447 1393 487 tales
1417 448 1459 487 in
1483 448 1726 500 spirituali;

237 506 324 559 qui,
350 520 527 559 nempe,
552 508 655 560 quia
681 521 770 548 non
797 508 1029 549 habebant
1053 509 1269 558 Verbum,
1291 511 1333 549 in
1358 511 1614 562 ignorantia
1636 513 1727 552 veri

236 576 283 609 et
314 569 419 610 inde
450 571 494 609 in
527 569 703 610 defectu
743 571 849 611 boni
889 571 1080 620 fuerunt,
1109 572 1189 612 sed
1231 587 1369 626 usque
1410 573 1727 615 desiderabant

237 647 356 682 vera,
386 647 464 686 per
489 647 602 687 quae
629 633 715 673 illis
742 634 934 674 bonum:
970 635 1085 675 tales
1108 635 1284 676 fuerunt
1311 643 1488 688 gentes,
1517 651 1543 676 a
1569 637 1728 690 quibus

237 697 428 738 ecclesia
455 697 638 737 Domini
665 697 767 737 dein
801 698 1050 738 instaurata
1072 698 1164 739 fuit.
1228 698 1454 751 Quoniam
1482 714 1560 753 per
1589 703 1613 720 “
1630 699 1726 753 pla·

236 768 358 801 team
386 760 535 800 urbis”
557 759 895 813 significabatur
920 767 1014 802 tam
1040 775 1194 802 verum
1217 774 1351 815 quam
1377 762 1537 803 falsum
1559 763 1728 804 docens

236 830 282 864 et
309 823 493 872 ducens,
521 823 624 864 ideo

301 918 443 959 Angeli,
469 919 527 959 qui
553 925 729 950 venerunt
749 918 954 958 Sodomam,
976 919 1143 950 dixerunt
1168 919 1261 960 quod
1287 918 1499 959 pernoctare
1529 920 1662 952 vellent
1693 920 1728 952 in

410 962 529 1003 platea
545 961 640 1002 (Gen.
658 963 727 994 xix.
747 963 788 1002 2).

237 1046 299 1087 Et
326 1060 503 1100 quoque
529 1046 632 1087 ideo
658 1052 882 1087 statutum
908 1046 987 1087 fuit

301 1122 406 1163 Quod
423 1122 484 1153 filii
503 1122 657 1160 Israelis,
675 1122 705 1153 si
722 1122 1048 1153 animadverterent
1065 1122 1099 1153 in
1118 1122 1237 1163 aliqua
1253 1124 1340 1154 urbe
1357 1123 1451 1163 quod
1469 1123 1645 1154 servirent
1661 1124 1729 1155 diis

410 1166 499 1204 aliis,
525 1172 750 1206 percuterent
774 1166 992 1196 habitatores
1019 1167 1113 1197 urbis
1138 1167 1267 1205 gladio,
1293 1167 1506 1198 devovendo
1535 1168 1668 1205 urbem,
1694 1175 1729 1198 et

410 1220 554 1241 omnem
574 1210 742 1250 praedam
761 1209 839 1249 ejus
857 1216 1126 1249 comportarent
1143 1210 1178 1240 in
1197 1211 1352 1241 medium
1373 1211 1519 1250 plateae,
1532 1218 1567 1242 et
1584 1212 1729 1242 combu-

411 1260 531 1285 rerent
547 1255 670 1284 urbem
688 1259 723 1284 et
741 1262 885 1284 omnem
904 1254 1071 1293 praedam
1090 1253 1173 1294 igne
1191 1253 1326 1294 (Deutr.
1345 1255 1414 1285 xiii.
1436 1263 1485 1293 14,
1507 1255 1555 1293 16,
1576 1255 1649 1294 17):

236 1360 315 1399 per
339 1345 488 1386 “deos
514 1345 627 1386 alios
639 1345 657 1360 ’'
680 1344 989 1398 significantur
1011 1345 1122 1386 falsa
1149 1346 1322 1395 cultus;
1357 1360 1434 1399 per
1459 1346 1729 1399 “gladium'’

236 1407 485 1450 destru&i0
517 1408 613 1449 falsi
647 1422 726 1462 per
756 1422 875 1457 vera,
910 1422 988 1461 per
1017 1409 1268 1461 “praedam
1284 1409 1302 1423 ''
1334 1408 1586 1450 falsificatio
1618 1410 1724 1457 veri,

235 1479 282 1513 et
323 1486 401 1525 per
445 1471 665 1525 “ignem”
705 1485 853 1525 poena
894 1472 1058 1512 amoris
1099 1472 1218 1521 mali,
1247 1478 1293 1513 et
1334 1471 1582 1513 destructio
1622 1472 1727 1525 ejus.

235 1534 310 1575 Ex
344 1535 454 1575 locis
480 1535 548 1575 his
580 1549 603 1575 e
631 1534 788 1575 Verbo
815 1534 965 1575 allatis
994 1541 1203 1575 constare
1231 1541 1398 1587 potest,
1427 1535 1532 1588 quid
1559 1534 1727 1588 signifi-

236 1605 363 1639 catur
401 1612 479 1651 per
515 1598 636 1652 quod
671 1601 902 1650 “corpora
939 1598 1144 1638 binorum
1182 1598 1367 1638 testium
1404 1596 1602 1650 projecta
1639 1599 1728 1639 sint

235 1675 369 1714 super
401 1661 553 1715 platea
585 1661 704 1702 urbis
731 1674 939 1714 magnae,
968 1675 1082 1714 quae
1114 1668 1302 1701 vocatur
1328 1661 1619 1713 spiritualiter
1645 1661 1727 1703 So-

235 1724 372 1765 doma
402 1731 448 1766 et
476 1725 722 1778 Aegyptus
740 1724 772 1775 ;’'
805 1732 850 1765 et
883 1725 985 1764 dein
1013 1724 1133 1777 quod
1163 1728 1188 1744 “
1206 1738 1295 1765 non
1323 1725 1540 1777 permissa
1566 1725 1727 1767 fuerint

235 1788 341 1840 poni
366 1788 410 1828 in
438 1788 744 1828 monumentis
765 1786 799 1838 ;”
831 1801 929 1827 mos
956 1789 1075 1827 enim
1102 1787 1181 1828 fuit
1214 1788 1331 1839 apud
1358 1795 1544 1840 gentem
1574 1788 1727 1841 judai-

235 1864 335 1891 cam
367 1858 412 1891 et
446 1850 756 1898 Israeliticam,
786 1851 972 1899 occisos,
1002 1851 1075 1903 qui
1108 1850 1283 1891 fuerunt
1315 1851 1485 1899 hostes,
1515 1851 1727 1903 projicere

234 1915 278 1954 in
305 1915 399 1954 vias
426 1921 472 1954 et
505 1914 549 1953 in
577 1913 767 1965 plateas,
796 1920 841 1954 et
869 1927 958 1953 non
986 1913 1190 1966 sepelire,
1219 1915 1262 1953 in
1290 1915 1467 1966 signum
1494 1915 1614 1967 quod
1647 1915 1728 1955 tali

235 1978 340 2018 odio
362 1977 464 2018 illos
486 1977 706 2017 haberent
726 1990 734 2026 ;
767 1983 815 2017 at
838 1990 977 2030 usque
997 1977 1424 2029 repraesentabatur
1442 1990 1519 2029 per
1541 1977 1584 2017 id
1607 1978 1727 2031 quod

236 2041 470 2081 infernalia
487 2040 607 2080 mala
628 2046 674 2080 et
697 2040 807 2080 falsa
829 2046 997 2088 essent,
1018 2054 1131 2093 quae
1155 2053 1243 2080 non
1263 2041 1516 2081 resuscitari
1539 2047 1728 2093 possent

235 2106 279 2145 in
310 2105 466 2152 vitam,
504 2104 589 2144 hoc
632 2110 715 2153 est,
749 2103 812 2144 illi
851 2104 924 2156 qui
961 2104 1003 2143 in
1042 2103 1330 2143 infernalibus
1368 2104 1497 2144 malis
1529 2111 1576 2145 et
1607 2104 1728 2145 falsis

235 2174 414 2208 essent:
449 2174 497 2208 ut
524 2181 701 2220 quoque
728 2173 856 2220 patet
883 2166 1001 2220 apud
1028 2166 1290 2215 Jeremz‘am,

303 2256 503 2297 Prophetae
521 2256 736 2296 prophetant
753 2256 922 2294 dicentes,
942 2255 1118 2287 “Gladius
1135 2261 1170 2287 et
1187 2255 1300 2286 fames
1315 2266 1387 2286 non
1406 2256 1472 2287 erit
1491 2256 1527 2287 in
1541 2262 1636 2288 terra
1651 2257 1727 2293 hac,

410 2300 529 2340 gladio
550 2306 585 2331 et
604 2300 699 2331 fame
719 2306 976 2331 consumentur
996 2300 1192 2339 prophetae
1211 2299 1246 2330 hi
1264 2309 1270 2336 ;
1295 2306 1330 2330 et
1350 2300 1512 2339 populus,
1531 2300 1656 2341 quibus
1677 2301 1727 2332 illi

410 2344 678 2427 prophetantes,
696 2349 801 2427 &kast
818 2341 950 2383 abjecti
969 2343 1004 2373 in
1023 2343 1160 2383 plateas
1180 2342 1466 2384 Hierosolymae‚
1484 2350 1519 2375 et
1537 2354 1609 2374 non
1628 2354 1728 2384 sepe-

425 2398 500 2418 1ens
563 2397 633 2419 xrv.
657 2395 706 2426 15,
727 2396 740 2417 1
794 2398 800 2419 :

237 2490 317 2530 per
350 2475 692 2529 “prophetam'’
728 2475 997 2528 intelligitur
1033 2473 1239 2516 doctrina
1278 2475 1384 2523 veri,
1422 2475 1482 2515 ibi
1523 2474 1727 2516 doctrina

236 2539 348 2588 falsi,
383 2553 486 2579 nam
518 2539 630 2579 falsa
661 2538 1017 2592 prophetarunt;
1061 2545 1106 2578 et
1139 2539 1241 2591 quia
1275 2533 1491 2590 “plateae
1507 2537 1525 2553 '’
1557 2538 1726 2591 signifi-

236 2603 402 2644 cabant
426 2603 499 2642 ubi
522 2602 645 2651 falsa,
666 2602 768 2642 ideo
791 2602 952 2642 dicitur
969 2602 1089 2655 quod
1111 2605 1278 2642 “erunt
1302 2600 1463 2654 abjeffl
1485 2602 1529 2642 in
1552 2602 1727 2654 plateas

238 2665 622 2718 Hierosolymae.'’

317 2733 432 2786 653
441 2731 511 2785 [a]
519 2758 534 2773 .
564 2736 586 2754 ‘¹
595 2731 704 2776 Quae
724 2734 892 2771 vocatur·
905 2729 1173 2783 spiritualiter
1187 2729 1357 2770 Sodoma
1373 2734 1418 2770 et
1428 2729 1728 2784 Aegyptus?—

238 2792 374 2845 Quod
406 2790 633 2844 significet
669 2797 753 2843 per
786 2791 907 2832 mala
936 2791 1106 2831 amoris
1145 2791 1221 2831 sui
1257 2797 1299 2830 et
1330 2797 1416 2843 per
1441 2790 1577 2842 falsa
1606 2790 1723 2836 inde,

237 2860 418 2895 constat
451 2868 509 2893 ex
548 2852 878 2906 significatione
913 2852 1218 2901 “Sodomae,”
1250 2853 1370 2905 quod
1407 2853 1464 2892 sit
1497 2865 1623 2892 amor
1659 2853 1724 2891 sui

238 2923 284 2957 ct
315 2916 420 2956 inde
451 2914 572 2955 mala
603 2914 750 2954 omnis
781 2914 963 2967 generis
996 2924 1050 2963 (de
1070 2933 1134 2962 qua
1153 2924 1335 2964 sequitur);
1377 2919 1423 2954 et
1459 2927 1519 2953 ex
1550 2911 1723 2966 signifi-
