1962 3334
269 287 375 339 1488
683 296 1014 331 APOCALYPSIS
1045 298 1343 332 EXPLICATA.

262 408 336 462 qui
372 409 523 463 angeli
559 416 780 452 vocantur
811 410 1080 464 spirituales,
1114 425 1165 453 ac
1204 411 1403 453 caeleste
1439 418 1485 453 et
1520 411 1751 466 spirituale

262 472 469 514 naturale
510 487 592 527 pro
631 473 807 526 angelis
846 473 992 514 ultimi
1032 488 1110 515 seu
1155 475 1284 528 primi
1328 474 1441 516 caeli
1481 476 1553 529 qui
1599 475 1750 529 angeli

264 541 486 576 vocantur
522 535 745 577 caelestes
786 542 833 577 et
869 535 1124 590 spirituales
1169 536 1412 585 naturales,
1454 550 1506 577 ac
1541 537 1748 579 naturale

262 611 343 650 pro
368 597 623 639 hominibus
655 599 699 639 in
726 598 923 648 mundo;
961 612 1065 639 narn
1092 599 1312 648 homines,
1340 599 1551 653 quamdiu
1574 600 1618 640 in
1649 613 1749 641 cor-

260 673 369 713 pore
404 661 626 702 materiali
658 662 829 710 vivunt,
862 662 1070 714 cogitant
1108 668 1153 702 et
1192 661 1436 715 loquuntur
1466 662 1748 704 naturaliter.

262 723 374 764 Inde
406 737 522 764 nunc
551 730 621 765 est
653 725 773 778 quod
800 724 1002 765 Verbum
1034 724 1167 765 detur
1192 725 1310 778 apud
1337 724 1526 778 angelos
1558 724 1749 778 cujusvis

262 785 390 834 caeli,
415 786 494 827 sed
521 800 622 827 cum
649 786 902 828 differentia
928 787 1175 828 secundum
1202 787 1368 840 gradus
1394 788 1658 841 sapientiae,
1681 788 1749 829 in-

260 847 546 901 telligentiae
571 856 617 890 et
646 850 864 891 scientiae
892 862 1046 890 eorum
1068 863 1077 900 ;
1110 856 1156 890 et
1183 851 1368 891 tametsi
1393 851 1541 904 quoad
1567 864 1748 892 sensum

261 911 305 951 in
337 911 526 964 singulis
558 912 695 953 caelis
733 912 895 961 differt,
929 927 1068 967 usque
1106 919 1175 953 est
1212 913 1331 953 idem
1364 913 1592 964 Verbum;
1635 928 1747 968 quo-

259 974 379 1014 niam
411 974 557 1027 ipsum
590 975 818 1024 Divinum,
853 975 972 1029 quod
1005 989 1030 1015 a
1063 975 1260 1016 Domino
1291 976 1409 1016 inest
1443 975 1611 1024 Verbo,
1645 989 1746 1018 cum

259 1036 496 1078 descendit
537 1038 594 1078 ad
632 1038 807 1079 caelum
847 1039 1056 1079 intimum
1097 1052 1174 1079 seu
1220 1039 1404 1079 tertium
1445 1037 1495 1079 fit
1534 1038 1747 1080 Divinum

259 1099 473 1148 caeleste,
493 1114 593 1141 cum
612 1101 716 1142 inde
734 1101 971 1142 descendit
996 1101 1053 1142 ad
1077 1101 1251 1142 caelum
1276 1102 1471 1142 medium
1491 1115 1568 1142 seu
1587 1115 1747 1143 secun-

259 1162 364 1203 dum
383 1162 432 1204 fit
452 1163 664 1204 Divinum
680 1164 926 1217 spirituale,
944 1177 1134 1217 cumque
1153 1165 1210 1204 ab
1224 1164 1308 1204 hoc
1325 1164 1453 1205 caelo
1468 1164 1524 1204 ad
1540 1164 1747 1205 ultimum

259 1238 336 1266 seu
367 1227 559 1279 primum
591 1225 640 1267 fit
674 1227 887 1267 Divinum
920 1227 1119 1268 caeleste
1146 1234 1223 1268 aut
1256 1227 1487 1280 spirituale
1514 1227 1747 1278 naturale;

258 1294 304 1328 et
331 1301 433 1329 curn
460 1290 627 1330 exinde
653 1290 891 1330 descendit
918 1290 962 1330 in
990 1290 1204 1330 mundum
1232 1288 1281 1330 fit
1305 1289 1508 1330 Verbum
1536 1290 1747 1331 Divinum

258 1350 479 1400 naturale,
507 1351 638 1405 quale
670 1359 741 1393 est
774 1353 892 1405 apud
924 1366 1007 1393 nos
1038 1353 1081 1393 in
1106 1352 1272 1393 littera.
1337 1352 1437 1393 Hae
1464 1354 1747 1394 successivae

258 1413 563 1455 derivationes
582 1414 732 1455 Divini
748 1415 871 1463 Veri,
888 1415 1176 1468 procedentis
1194 1415 1251 1455 ab
1272 1415 1378 1468 Ipso
1396 1415 1607 1463 Domino,
1625 1416 1746 1456 exis-

258 1482 362 1517 tunt
377 1490 436 1517 ex
452 1477 756 1518 constabilitis
774 1477 831 1518 ab
848 1478 945 1530 ipsa
959 1478 1189 1518 creatione
1204 1478 1616 1530 correspondentiis
1631 1478 1749 1518 inter
1777 1481 1779 1483 ’

258 1539 487 1592 superiora
504 1546 550 1580 et
569 1539 789 1588 inferiora,
807 1540 862 1580 de
881 1554 967 1593 qua
981 1554 1027 1580 re
1045 1539 1150 1580 alibi
1171 1539 1312 1593 plura,
1332 1539 1517 1580 volente
1536 1539 1747 1582 Domino.

262 1600 398 1654 Quod
430 1615 563 1643 omne
595 1603 729 1643 robur
759 1609 806 1643 et
840 1603 986 1643 omnis
1018 1603 1226 1656 potentia
1257 1603 1363 1643 insit
1395 1601 1564 1643 ultimis
1597 1603 1748 1644 Divini

258 1663 381 1714 Veri,
409 1665 474 1706 ita
499 1665 649 1706 sensui
677 1665 871 1706 naturali
898 1664 1039 1706 Verbi
1065 1666 1138 1718 qui
1170 1672 1239 1705 est
1267 1678 1424 1706 sensus
1451 1665 1646 1714 litterae,
1674 1672 1744 1707 est

257 1727 360 1780 quia
381 1727 452 1768 hic
476 1741 633 1768 sensus
655 1734 725 1768 est
749 1729 988 1768 continens
1011 1728 1211 1767 omnium
1234 1740 1446 1767 sensuum
1469 1728 1744 1776 interiorum,

258 1801 422 1841 nempe
439 1788 738 1841 spiritualium
761 1794 808 1828 et
830 1788 1097 1829 caelestium
1116 1799 1299 1836 (dequibus
1314 1799 1424 1836 supra)
1443 1802 1452 1838 ;
1483 1795 1530 1829 et
1551 1789 1655 1842 quia
1675 1795 1746 1830 est

257 1850 512 1898 continens,
546 1850 684 1890 etiam
717 1855 788 1890 est
820 1850 955 1898 basis,
990 1856 1035 1890 et
1076 1850 1120 1890 in
1161 1850 1257 1889 basi
1293 1855 1363 1890 est
1402 1850 1546 1902 ipsum
1586 1849 1744 1890 robur:

257 1924 361 1951 nam
394 1913 622 1965 superiora
654 1913 689 1952 si
729 1925 819 1952 non
862 1912 1115 1952 innituntur
1155 1925 1261 1952 suae
1302 1912 1411 1960 basi,
1445 1911 1660 1953 decidunt
1700 1918 1747 1953 et

257 1973 545 2025 dilabuntur3
583 1973 789 2015 similiter
820 1974 855 2014 si
892 1973 1142 2027 spiritualia
1178 1980 1225 2014 et
1262 1973 1479 2014 caelestia
1510 1987 1600 2014 non
1631 1974 1746 2014 inni-

257 2042 460 2077 terentur
487 2037 636 2077 sensui
668 2036 863 2077 naturali
895 2050 972 2077 seu
1005 2035 1191 2077 litterali
1218 2035 1373 2084 Verbi,
1402 2036 1472 2077 hic
1505 2037 1623 2077 enim
1656 2031 1746 2077 nOn

257 2099 395 2139 modo
421 2099 615 2139 sustinet
642 2112 800 2139 sensus
826 2099 1075 2147 interiores,
1103 2098 1182 2138 sed
1214 2099 1352 2139 etiam
1380 2099 1585 2139 continet
1617 2098 1745 2149 illos;

256 2167 532 2214 quapropter
554 2160 757 2201 Verbum
783 2174 861 2201 seu
885 2160 1097 2200 Divinum
1120 2160 1290 2200 Verum
1317 2161 1360 2200 in
1388 2160 1474 2201 hoc
1499 2173 1632 2200 sensu
1655 2173 1746 2201 non

255 2221 403 2262 solum
434 2227 505 2262 est
535 2222 579 2262 in
610 2235 690 2262 sua
719 2222 945 2274 potentia,
978 2221 1058 2261 sed
1098 2222 1236 2262 etiam
1276 2221 1320 2260 in
1359 2234 1440 2261 suo
1479 2220 1631 2274 pleno.
1690 2232 1748 2269 (At

254 2281 347 2318 plura
361 2281 401 2309 de
415 2280 475 2309 hac
490 2289 524 2309 re
538 2281 705 2309 videantur
719 2289 831 2317 supra:
856 2289 981 2317 nempe,
995 2280 1093 2317 Quod
1108 2281 1205 2309 robur
1216 2280 1255 2308 sit
1269 2280 1301 2308 in
1317 2279 1438 2313 ultimo,
1449 2280 1523 2316 quia
1539 2279 1690 2309 Divinum
1705 2280 1748 2308 ibi

255 2334 302 2359 est
320 2329 352 2358 in
371 2338 431 2359 suo
449 2330 559 2367 pleno,
577 2339 683 2367 supra,
699 2339 730 2359 n.
749 2319 841 2371 346,
860 2319 951 2371 567.
993 2330 1092 2366 Quod
1110 2329 1260 2358 interiora
1273 2329 1450 2358 successive
1465 2329 1601 2358 influant
1615 2330 1647 2358 in
1662 2334 1748 2358 exte-

255 2378 346 2413 riora,
359 2387 459 2415 usque
474 2378 505 2406 in
518 2383 694 2407 extremum
706 2387 762 2407 seu
777 2379 934 2412 ultimum,
948 2382 978 2406 et
993 2378 1081 2414 quod
1097 2378 1140 2406 ibi
1155 2378 1338 2411 coexistant.
1352 2377 1383 2406 in
1395 2377 1535 2406 Arcanis
1550 2377 1746 2411 Caelestibus.

255 2434 287 2455 n.
295 2425 364 2463 634,
375 2426 464 2463 6239·
474 2426 563 2462 6465,
574 2424 698 2463 [¹19215,
707 2425 797 2463 9216.
814 2426 911 2462 Quod
920 2434 985 2454 non
997 2426 1094 2454 modo
1105 2425 1280 2454 successive
1290 2425 1435 2458 influant,
1444 2425 1500 2453 sed
1510 2425 1604 2453 etiam
1613 2425 1748 2454 forment

254 2473 287 2500 in
301 2481 360 2501 suo
375 2472 488 2501 ultimo
502 2472 743 2506 simuhaneum:
766 2481 831 2508 quo
847 2472 968 2505 ordine,
985 2481 1017 2500 n.
1034 2473 1123 2508 5897,
1140 2472 1229 2508 6451,
1243 2471 1332 2508 8603.
1350 2480 1457 2508 10099.
1501 2471 1598 2507 Quod
1619 2471 1694 2500 inde
1715 2472 1747 2500 in

254 2517 372 2545 ultimis
386 2517 425 2545 sit
446 2518 543 2546 robur
557 2522 588 2546 et
607 2517 759 2554 potentia,
776 2526 807 2546 n.
823 2517 914 2554 9836.
957 2517 1055 2553 Quod
1071 2517 1144 2545 inde
1162 2516 1194 2544 in
1210 2516 1327 2544 ultimis
1342 2524 1494 2553 responsa
1508 2520 1539 2545 et
1553 2517 1699 2551 revelata,
1715 2525 1747 2547 n.

254 2573 344 2604 9905,
363 2568 471 2604 10548.
527 2567 624 2603 Quod
644 2566 719 2595 inde
738 2567 886 2595 ultimum
905 2575 982 2603 prae
1004 2566 1211 2594 interioribus
1230 2566 1269 2594 sit
1286 2565 1446 2599 sancitum,
1460 2574 1491 2595 n.
1504 2566 1610 2603 9824.)
1669 2555 1745 2596 EX

254 2617 324 2658 his
355 2618 492 2658 etiam
520 2618 720 2671 sequitur
750 2617 871 2671 quod
903 2630 1037 2657 omne
1066 2615 1297 2657 doctrinae
1322 2616 1541 2657 ecclesiae
1566 2616 1745 2657 formari

254 2686 301 2720 et
327 2678 579 2720 confirmari
601 2680 768 2721 debeat
794 2693 854 2720 ex
878 2692 1013 2719 sensu
1036 2678 1225 2720 litterali
1248 2678 1402 2727 Verbi,
1427 2684 1473 2719 et
1497 2678 1617 2731 quod
1639 2679 1743 2719 inde

255 2740 395 2780 etiam
412 2740 646 2781 dotstrinae
668 2741 726 2781 Sit
747 2741 960 2793 potentia
976 2751 1031 2788 (de
1046 2759 1111 2787 qua
1125 2759 1158 2779 re
1172 2751 1317 2779 videatur
1328 2759 1434 2787 supra,
1447 2759 1478 2779 n.
1494 2739 1605 2791 356).
1665 2739 1742 2779 EX

254 2801 339 2842 hac
367 2815 503 2842 causa
528 2808 597 2842 est
624 2802 745 2855 quod
770 2800 1000 2854 “angelus
1026 2801 1309 2855 descendens
1335 2815 1359 2840 e
1382 2799 1542 2840 caelo'’
1563 2800 1740 2840 dicatur

257 2863 460 2904 “sortis.''
509 2862 643 2916 Quod
670 2877 749 2917 per
771 2863 1054 2916 “angelum’'
1070 2864 1114 2903 in
1134 2862 1289 2903 Verbo
1310 2863 1353 2903 in
1377 2876 1511 2903 sensu
1534 2875 1744 2915 supremo

254 2925 538 2979 intelligatur
564 2925 797 2975 Dominus,
825 2926 869 2966 in
900 2938 1034 2966 sensu
1061 2923 1314 2978 respectivo
1341 2925 1486 2965 omnis
1518 2925 1741 2978 recipiens

1925 2567 1962 2893 -.·e·»²41‘³‘*-1ffiffzffirssss
1951 2535 1953 2537 <
1930 2254 1959 2323 ’ἐκ
1951 2213 1955 2220 .
