<?xml version="1.0" encoding="UTF-8"?>
<!DOCTYPE html PUBLIC "-//W3C//DTD XHTML 1.0 Transitional//EN"
    "http://www.w3.org/TR/xhtml1/DTD/xhtml1-transitional.dtd">
<html xmlns="http://www.w3.org/1999/xhtml" xml:lang="en" lang="en">
 <head>
  <title>
</title>
<meta http-equiv="Content-Type" content="text/html;charset=utf-8" />
  <meta name='ocr-system' content='tesseract 3.04.00' />
  <meta name='ocr-capabilities' content='ocr_page ocr_carea ocr_par ocr_line ocrx_word'/>
</head>
<body>
  <div class='ocr_page' id='page_1' title='image "apocalypsisexpli03sweduoft_0514.png"; bbox 0 0 1962 3334; ppageno 0'>
   <div class='ocr_carea' id='block_1_1' title="bbox 281 254 1349 299">
    <p class='ocr_par' dir='ltr' id='par_1_1' title="bbox 281 254 1349 299">
     <span class='ocr_line' id='line_1_1' title="bbox 281 254 1349 299; baseline 0.006 -6"><span class='ocrx_word' id='word_1_1' title='bbox 281 254 382 295; x_wconf 86' lang='lat'>1828</span> <span class='ocrx_word' id='word_1_2' title='bbox 406 291 408 293; x_wconf 78' lang='grc'>,</span> <span class='ocrx_word' id='word_1_3' title='bbox 686 264 1019 298; x_wconf 77' lang='lat' dir='ltr'>APOCALYPSIS</span> <span class='ocrx_word' id='word_1_4' title='bbox 1051 266 1349 299; x_wconf 85' lang='lat' dir='ltr'>EXPLICATA.</span> 
     </span>
    </p>
   </div>
   <div class='ocr_carea' id='block_1_2' title="bbox 233 378 1765 2948">
    <p class='ocr_par' dir='ltr' id='par_1_2' title="bbox 233 378 1765 2948">
     <span class='ocr_line' id='line_1_2' title="bbox 274 378 1762 435; baseline 0.007 -19"><span class='ocrx_word' id='word_1_5' title='bbox 274 383 451 430; x_wconf 88' lang='lat' dir='ltr'>tempus</span> <span class='ocrx_word' id='word_1_6' title='bbox 479 384 680 418; x_wconf 85' lang='lat' dir='ltr'>mortuos</span> <span class='ocrx_word' id='word_1_7' title='bbox 702 378 932 431; x_wconf 91' lang='lat' dir='ltr'>judicandi</span> <span class='ocrx_word' id='word_1_8' title='bbox 950 380 984 431; x_wconf 90' lang='lat'>;&#39;‘</span> <span class='ocrx_word' id='word_1_9' title='bbox 1015 387 1061 422; x_wconf 87' lang='lat' dir='ltr'>et</span> <span class='ocrx_word' id='word_1_10' title='bbox 1094 381 1196 422; x_wconf 88' lang='lat' dir='ltr'>dein</span> <span class='ocrx_word' id='word_1_11' title='bbox 1224 382 1343 435; x_wconf 91' lang='lat' dir='ltr'>quod</span> <span class='ocrx_word' id='word_1_12' title='bbox 1373 382 1528 424; x_wconf 58' lang='lat' dir='ltr'>“fac‘ka</span> <span class='ocrx_word' id='word_1_13' title='bbox 1559 384 1648 426; x_wconf 86' lang='lat' dir='ltr'>sint</span> <span class='ocrx_word' id='word_1_14' title='bbox 1680 385 1762 426; x_wconf 87' lang='lat' dir='ltr'>ful-</span> 
     </span>
     <span class='ocr_line' id='line_1_3' title="bbox 271 444 1764 500; baseline 0.006 -21"><span class='ocrx_word' id='word_1_15' title='bbox 271 453 382 492; x_wconf 88' lang='lat' dir='ltr'>gura</span> <span class='ocrx_word' id='word_1_16' title='bbox 422 448 467 481; x_wconf 86' lang='lat' dir='ltr'>et</span> <span class='ocrx_word' id='word_1_17' title='bbox 508 455 643 482; x_wconf 88' lang='lat' dir='ltr'>voces</span> <span class='ocrx_word' id='word_1_18' title='bbox 687 449 733 482; x_wconf 92' lang='lat' dir='ltr'>et</span> <span class='ocrx_word' id='word_1_19' title='bbox 779 444 980 484; x_wconf 90' lang='lat' dir='ltr'>tonitrua</span> <span class='ocrx_word' id='word_1_20' title='bbox 1027 451 1073 485; x_wconf 92' lang='lat' dir='ltr'>et</span> <span class='ocrx_word' id='word_1_21' title='bbox 1120 451 1265 485; x_wconf 89' lang='lat' dir='ltr'>terrae</span> <span class='ocrx_word' id='word_1_22' title='bbox 1307 452 1457 486; x_wconf 90' lang='lat' dir='ltr'>motus</span> <span class='ocrx_word' id='word_1_23' title='bbox 1502 453 1548 488; x_wconf 90' lang='lat' dir='ltr'>et</span> <span class='ocrx_word' id='word_1_24' title='bbox 1590 449 1764 500; x_wconf 85' lang='lat' dir='ltr'>grando</span> 
     </span>
     <span class='ocr_line' id='line_1_4' title="bbox 272 503 1761 559; baseline 0.006 -17"><span class='ocrx_word' id='word_1_25' title='bbox 272 503 477 555; x_wconf 84' lang='lat' dir='ltr'>magna,”</span> <span class='ocrx_word' id='word_1_26' title='bbox 504 517 581 556; x_wconf 89' lang='lat' dir='ltr'>per</span> <span class='ocrx_word' id='word_1_27' title='bbox 613 518 725 558; x_wconf 90' lang='lat' dir='ltr'>quae</span> <span class='ocrx_word' id='word_1_28' title='bbox 758 505 1037 558; x_wconf 87' lang='lat' dir='ltr'>significatur</span> <span class='ocrx_word' id='word_1_29' title='bbox 1063 509 1288 559; x_wconf 85' lang='lat' dir='ltr'>separatio</span> <span class='ocrx_word' id='word_1_30' title='bbox 1315 508 1534 551; x_wconf 87' lang='lat' dir='ltr'>malorum</span> <span class='ocrx_word' id='word_1_31' title='bbox 1561 524 1587 550; x_wconf 88' lang='lat' dir='ltr'>a</span> <span class='ocrx_word' id='word_1_32' title='bbox 1618 510 1761 559; x_wconf 87' lang='lat' dir='ltr'>bonis,</span> 
     </span>
     <span class='ocr_line' id='line_1_5' title="bbox 272 567 1763 626; baseline 0.005 -21"><span class='ocrx_word' id='word_1_33' title='bbox 272 579 323 606; x_wconf 90' lang='lat' dir='ltr'>ac</span> <span class='ocrx_word' id='word_1_34' title='bbox 347 567 524 618; x_wconf 91' lang='lat' dir='ltr'>signum</span> <span class='ocrx_word' id='word_1_35' title='bbox 543 569 823 619; x_wconf 89' lang='lat' dir='ltr'>praesentiae</span> <span class='ocrx_word' id='word_1_36' title='bbox 844 568 987 610; x_wconf 90' lang='lat' dir='ltr'>ultimi</span> <span class='ocrx_word' id='word_1_37' title='bbox 1005 569 1181 622; x_wconf 87' lang='lat' dir='ltr'>judicii;</span> <span class='ocrx_word' id='word_1_38' title='bbox 1210 571 1311 624; x_wconf 88' lang='lat' dir='ltr'>quia</span> <span class='ocrx_word' id='word_1_39' title='bbox 1333 571 1444 612; x_wconf 91' lang='lat' dir='ltr'>haec</span> <span class='ocrx_word' id='word_1_40' title='bbox 1467 578 1570 612; x_wconf 90' lang='lat' dir='ltr'>sunt</span> <span class='ocrx_word' id='word_1_41' title='bbox 1593 572 1648 613; x_wconf 94' lang='lat' dir='ltr'>de</span> <span class='ocrx_word' id='word_1_42' title='bbox 1666 573 1763 626; x_wconf 89' lang='lat' dir='ltr'>qui-</span> 
     </span>
     <span class='ocr_line' id='line_1_6' title="bbox 270 628 1763 686; baseline 0.005 -18"><span class='ocrx_word' id='word_1_43' title='bbox 270 628 351 668; x_wconf 88' lang='lat' dir='ltr'>bus</span> <span class='ocrx_word' id='word_1_44' title='bbox 378 630 538 681; x_wconf 88' lang='lat' dir='ltr'>agitur,</span> <span class='ocrx_word' id='word_1_45' title='bbox 563 637 608 671; x_wconf 91' lang='lat' dir='ltr'>et</span> <span class='ocrx_word' id='word_1_46' title='bbox 636 631 736 683; x_wconf 90' lang='lat' dir='ltr'>quia</span> <span class='ocrx_word' id='word_1_47' title='bbox 762 645 840 683; x_wconf 90' lang='lat' dir='ltr'>per</span> <span class='ocrx_word' id='word_1_48' title='bbox 865 633 1062 685; x_wconf 86' lang='lat' dir='ltr'>“viginti</span> <span class='ocrx_word' id='word_1_49' title='bbox 1089 640 1133 673; x_wconf 90' lang='lat' dir='ltr'>et</span> <span class='ocrx_word' id='word_1_50' title='bbox 1161 641 1351 686; x_wconf 86' lang='lat' dir='ltr'>quatuor</span> <span class='ocrx_word' id='word_1_51' title='bbox 1378 635 1574 675; x_wconf 81' lang='lat' dir='ltr'>seniores</span> <span class='ocrx_word' id='word_1_52' title='bbox 1601 635 1763 676; x_wconf 87' lang='lat' dir='ltr'>seden-</span> 
     </span>
     <span class='ocr_line' id='line_1_7' title="bbox 272 693 1764 750; baseline 0.005 -19"><span class='ocrx_word' id='word_1_53' title='bbox 272 699 340 732; x_wconf 86' lang='lat' dir='ltr'>tes</span> <span class='ocrx_word' id='word_1_54' title='bbox 364 706 514 733; x_wconf 89' lang='lat' dir='ltr'>coram</span> <span class='ocrx_word' id='word_1_55' title='bbox 540 693 638 734; x_wconf 91' lang='lat' dir='ltr'>Deo</span> <span class='ocrx_word' id='word_1_56' title='bbox 661 708 793 747; x_wconf 87' lang='lat' dir='ltr'>super</span> <span class='ocrx_word' id='word_1_57' title='bbox 815 695 987 736; x_wconf 90' lang='lat' dir='ltr'>thronis</span> <span class='ocrx_word' id='word_1_58' title='bbox 999 695 1017 710; x_wconf 91' lang='lat'>”</span> <span class='ocrx_word' id='word_1_59' title='bbox 1040 696 1354 749; x_wconf 89' lang='lat' dir='ltr'>intelliguntur</span> <span class='ocrx_word' id='word_1_60' title='bbox 1377 697 1488 737; x_wconf 91' lang='lat' dir='ltr'>caeli</span> <span class='ocrx_word' id='word_1_61' title='bbox 1515 699 1764 750; x_wconf 83' lang='lat' dir='ltr'>superiores</span> 
     </span>
     <span class='ocr_line' id='line_1_8' title="bbox 271 755 1764 814; baseline 0.004 -19"><span class='ocrx_word' id='word_1_62' title='bbox 271 755 476 807; x_wconf 86' lang='lat' dir='ltr'>dispositi</span> <span class='ocrx_word' id='word_1_63' title='bbox 518 757 575 797; x_wconf 91' lang='lat' dir='ltr'>ad</span> <span class='ocrx_word' id='word_1_64' title='bbox 617 757 868 798; x_wconf 89' lang='lat' dir='ltr'>faciendum</span> <span class='ocrx_word' id='word_1_65' title='bbox 909 759 1013 799; x_wconf 90' lang='lat' dir='ltr'>inde</span> <span class='ocrx_word' id='word_1_66' title='bbox 1056 759 1262 799; x_wconf 89' lang='lat' dir='ltr'>ultimum</span> <span class='ocrx_word' id='word_1_67' title='bbox 1299 759 1526 812; x_wconf 90' lang='lat' dir='ltr'>judicium,</span> <span class='ocrx_word' id='word_1_68' title='bbox 1565 763 1764 814; x_wconf 89' lang='lat' dir='ltr'>sequitur</span> 
     </span>
     <span class='ocr_line' id='line_1_9' title="bbox 271 819 1764 875; baseline 0.004 -17"><span class='ocrx_word' id='word_1_69' title='bbox 271 819 389 871; x_wconf 91' lang='lat' dir='ltr'>quod</span> <span class='ocrx_word' id='word_1_70' title='bbox 423 819 499 860; x_wconf 92' lang='lat' dir='ltr'>illa</span> <span class='ocrx_word' id='word_1_71' title='bbox 527 821 664 860; x_wconf 86' lang='lat' dir='ltr'>verba</span> <span class='ocrx_word' id='word_1_72' title='bbox 693 821 928 862; x_wconf 78' lang='lat' dir='ltr'>involvant</span> <span class='ocrx_word' id='word_1_73' title='bbox 962 821 1071 862; x_wconf 88' lang='lat' dir='ltr'>talia</span> <span class='ocrx_word' id='word_1_74' title='bbox 1100 836 1213 875; x_wconf 86' lang='lat' dir='ltr'>quae</span> <span class='ocrx_word' id='word_1_75' title='bbox 1243 821 1362 862; x_wconf 67' lang='lat' dir='ltr'>dicta</span> <span class='ocrx_word' id='word_1_76' title='bbox 1391 831 1508 863; x_wconf 87' lang='lat' dir='ltr'>sunt.</span> <span class='ocrx_word' id='word_1_77' title='bbox 1569 823 1645 864; x_wconf 81' lang='lat' dir='ltr'>Ex</span> <span class='ocrx_word' id='word_1_78' title='bbox 1671 824 1764 865; x_wconf 78' lang='lat' dir='ltr'>illis</span> 
     </span>
     <span class='ocr_line' id='line_1_10' title="bbox 270 882 1765 939; baseline 0.004 -18"><span class='ocrx_word' id='word_1_79' title='bbox 270 895 381 933; x_wconf 77' lang='lat' dir='ltr'>quae</span> <span class='ocrx_word' id='word_1_80' title='bbox 409 882 462 922; x_wconf 81' lang='lat' dir='ltr'>de</span> <span class='ocrx_word' id='word_1_81' title='bbox 492 882 574 923; x_wconf 73' lang='lat' dir='ltr'>lzac</span> <span class='ocrx_word' id='word_1_82' title='bbox 603 898 651 923; x_wconf 79' lang='lat' dir='ltr'>re</span> <span class='ocrx_word' id='word_1_83' title='bbox 674 890 816 936; x_wconf 74' lang='lat' dir='ltr'>supra</span> <span class='ocrx_word' id='word_1_84' title='bbox 842 884 961 925; x_wconf 58' lang='lat' dir='ltr'>dida</span> <span class='ocrx_word' id='word_1_85' title='bbox 987 891 1103 933; x_wconf 84' lang='lat' dir='ltr'>sunt,</span> <span class='ocrx_word' id='word_1_86' title='bbox 1129 892 1257 937; x_wconf 89' lang='lat' dir='ltr'>patet</span> <span class='ocrx_word' id='word_1_87' title='bbox 1283 885 1403 938; x_wconf 90' lang='lat' dir='ltr'>quod</span> <span class='ocrx_word' id='word_1_88' title='bbox 1430 886 1541 926; x_wconf 90' lang='lat' dir='ltr'>caeli</span> <span class='ocrx_word' id='word_1_89' title='bbox 1568 888 1765 939; x_wconf 90' lang='lat' dir='ltr'>superio-</span> 
     </span>
     <span class='ocr_line' id='line_1_11' title="bbox 271 947 1764 1000; baseline 0.003 -15"><span class='ocrx_word' id='word_1_90' title='bbox 271 959 341 985; x_wconf 86' lang='lat' dir='ltr'>res</span> <span class='ocrx_word' id='word_1_91' title='bbox 373 954 479 986; x_wconf 91' lang='lat' dir='ltr'>ante</span> <span class='ocrx_word' id='word_1_92' title='bbox 507 947 712 987; x_wconf 91' lang='lat' dir='ltr'>ultimum</span> <span class='ocrx_word' id='word_1_93' title='bbox 741 947 954 1000; x_wconf 86' lang='lat' dir='ltr'>judicium</span> <span class='ocrx_word' id='word_1_94' title='bbox 988 949 1110 988; x_wconf 89' lang='lat' dir='ltr'>missi</span> <span class='ocrx_word' id='word_1_95' title='bbox 1142 949 1231 989; x_wconf 89' lang='lat' dir='ltr'>sint</span> <span class='ocrx_word' id='word_1_96' title='bbox 1273 949 1316 988; x_wconf 91' lang='lat' dir='ltr'>in</span> <span class='ocrx_word' id='word_1_97' title='bbox 1357 955 1527 989; x_wconf 88' lang='lat' dir='ltr'>statum</span> <span class='ocrx_word' id='word_1_98' title='bbox 1569 948 1678 990; x_wconf 90' lang='lat' dir='ltr'>lucis</span> <span class='ocrx_word' id='word_1_99' title='bbox 1717 956 1764 991; x_wconf 89' lang='lat' dir='ltr'>et</span> 
     </span>
     <span class='ocr_line' id='line_1_12' title="bbox 271 1010 1763 1065; baseline 0.003 -16"><span class='ocrx_word' id='word_1_100' title='bbox 271 1010 518 1061; x_wconf 89' lang='lat' dir='ltr'>potentiae,</span> <span class='ocrx_word' id='word_1_101' title='bbox 547 1017 595 1050; x_wconf 92' lang='lat' dir='ltr'>ut</span> <span class='ocrx_word' id='word_1_102' title='bbox 627 1025 685 1050; x_wconf 84' lang='lat' dir='ltr'>ex</span> <span class='ocrx_word' id='word_1_103' title='bbox 712 1011 798 1050; x_wconf 91' lang='lat' dir='ltr'>illis</span> <span class='ocrx_word' id='word_1_104' title='bbox 824 1010 1018 1051; x_wconf 85' lang='lat' dir='ltr'>influxus</span> <span class='ocrx_word' id='word_1_105' title='bbox 1045 1011 1172 1052; x_wconf 88' lang='lat' dir='ltr'>fieret</span> <span class='ocrx_word' id='word_1_106' title='bbox 1204 1012 1247 1051; x_wconf 92' lang='lat' dir='ltr'>in</span> <span class='ocrx_word' id='word_1_107' title='bbox 1275 1011 1493 1060; x_wconf 88' lang='lat' dir='ltr'>inferiora,</span> <span class='ocrx_word' id='word_1_108' title='bbox 1522 1025 1600 1064; x_wconf 92' lang='lat' dir='ltr'>per</span> <span class='ocrx_word' id='word_1_109' title='bbox 1631 1025 1763 1065; x_wconf 90' lang='lat' dir='ltr'>quem</span> 
     </span>
     <span class='ocr_line' id='line_1_13' title="bbox 271 1073 1763 1126; baseline 0.002 -14"><span class='ocrx_word' id='word_1_110' title='bbox 271 1080 585 1125; x_wconf 83' lang='lat' dir='ltr'>separarentur</span> <span class='ocrx_word' id='word_1_111' title='bbox 603 1073 706 1113; x_wconf 89' lang='lat' dir='ltr'>mali</span> <span class='ocrx_word' id='word_1_112' title='bbox 730 1088 754 1113; x_wconf 93' lang='lat' dir='ltr'>a</span> <span class='ocrx_word' id='word_1_113' title='bbox 773 1074 915 1122; x_wconf 90' lang='lat' dir='ltr'>bonis,</span> <span class='ocrx_word' id='word_1_114' title='bbox 933 1081 978 1114; x_wconf 90' lang='lat' dir='ltr'>et</span> <span class='ocrx_word' id='word_1_115' title='bbox 997 1074 1100 1114; x_wconf 92' lang='lat' dir='ltr'>dein</span> <span class='ocrx_word' id='word_1_116' title='bbox 1124 1074 1228 1114; x_wconf 91' lang='lat' dir='ltr'>mali</span> <span class='ocrx_word' id='word_1_117' title='bbox 1251 1074 1549 1126; x_wconf 86' lang='lat' dir='ltr'>dejicerentur</span> <span class='ocrx_word' id='word_1_118' title='bbox 1566 1076 1608 1115; x_wconf 91' lang='lat' dir='ltr'>in</span> <span class='ocrx_word' id='word_1_119' title='bbox 1631 1074 1763 1115; x_wconf 91' lang='lat' dir='ltr'>infer-</span> 
     </span>
     <span class='ocr_line' id='line_1_14' title="bbox 271 1135 1764 1188; baseline 0.003 -16"><span class='ocrx_word' id='word_1_120' title='bbox 271 1146 328 1173; x_wconf 80' lang='lat' dir='ltr'>na</span> <span class='ocrx_word' id='word_1_121' title='bbox 351 1144 510 1181; x_wconf 84' lang='lat' dir='ltr'>(videatur</span> <span class='ocrx_word' id='word_1_122' title='bbox 524 1154 628 1182; x_wconf 73' lang='lat' dir='ltr'>supra,</span> <span class='ocrx_word' id='word_1_123' title='bbox 643 1155 673 1175; x_wconf 88' lang='lat' dir='ltr'>n.</span> <span class='ocrx_word' id='word_1_124' title='bbox 686 1146 736 1186; x_wconf 90' lang='lat'>41</span> <span class='ocrx_word' id='word_1_125' title='bbox 752 1146 835 1183; x_wconf 81' lang='grc' dir='ltr'>Ῑ[α],</span> <span class='ocrx_word' id='word_1_126' title='bbox 849 1146 898 1186; x_wconf 88' lang='lat'>41</span> <span class='ocrx_word' id='word_1_127' title='bbox 911 1145 998 1186; x_wconf 75' lang='lat' dir='ltr'>3[a],</span> <span class='ocrx_word' id='word_1_128' title='bbox 1011 1137 1161 1186; x_wconf 83' lang='grc' dir='ltr'>418[α],</span> <span class='ocrx_word' id='word_1_129' title='bbox 1175 1145 1324 1187; x_wconf 80' lang='lat' dir='ltr'>419[a]‚</span> <span class='ocrx_word' id='word_1_130' title='bbox 1337 1135 1433 1186; x_wconf 86' lang='lat'>426,</span> <span class='ocrx_word' id='word_1_131' title='bbox 1448 1147 1544 1188; x_wconf 80' lang='grc'>493,</span> <span class='ocrx_word' id='word_1_132' title='bbox 1559 1145 1656 1188; x_wconf 85' lang='grc'>497,</span> <span class='ocrx_word' id='word_1_133' title='bbox 1669 1135 1764 1188; x_wconf 81' lang='grc'>674,</span> 
     </span>
     <span class='ocr_line' id='line_1_15' title="bbox 270 1195 1762 1250; baseline 0.001 -14"><span class='ocrx_word' id='word_1_134' title='bbox 270 1195 418 1248; x_wconf 79' lang='grc' dir='ltr'>675[α],</span> <span class='ocrx_word' id='word_1_135' title='bbox 435 1197 548 1249; x_wconf 84' lang='grc'>676).</span> <span class='ocrx_word' id='word_1_136' title='bbox 609 1197 744 1250; x_wconf 76' lang='lat' dir='ltr'>Quod</span> <span class='ocrx_word' id='word_1_137' title='bbox 770 1198 1035 1238; x_wconf 89' lang='lat' dir='ltr'>“thronus’&#39;</span> <span class='ocrx_word' id='word_1_138' title='bbox 1058 1197 1286 1250; x_wconf 86' lang='lat' dir='ltr'>significet</span> <span class='ocrx_word' id='word_1_139' title='bbox 1309 1199 1352 1238; x_wconf 93' lang='lat' dir='ltr'>in</span> <span class='ocrx_word' id='word_1_140' title='bbox 1375 1212 1545 1250; x_wconf 86' lang='lat' dir='ltr'>genere</span> <span class='ocrx_word' id='word_1_141' title='bbox 1568 1198 1762 1247; x_wconf 90' lang='lat' dir='ltr'>caelum,</span> 
     </span>
     <span class='ocr_line' id='line_1_16' title="bbox 271 1259 1764 1312; baseline 0.001 -13"><span class='ocrx_word' id='word_1_142' title='bbox 271 1259 314 1298; x_wconf 90' lang='lat' dir='ltr'>in</span> <span class='ocrx_word' id='word_1_143' title='bbox 338 1261 486 1312; x_wconf 87' lang='lat' dir='ltr'>specie</span> <span class='ocrx_word' id='word_1_144' title='bbox 509 1259 659 1300; x_wconf 90' lang='lat' dir='ltr'>caelos</span> <span class='ocrx_word' id='word_1_145' title='bbox 682 1260 755 1300; x_wconf 94' lang='lat' dir='ltr'>ubi</span> <span class='ocrx_word' id='word_1_146' title='bbox 778 1273 967 1312; x_wconf 84' lang='lat' dir='ltr'>regnum</span> <span class='ocrx_word' id='word_1_147' title='bbox 991 1259 1220 1312; x_wconf 87' lang='lat' dir='ltr'>spirituale</span> <span class='ocrx_word' id='word_1_148' title='bbox 1245 1260 1443 1308; x_wconf 87' lang='lat' dir='ltr'>Domini,</span> <span class='ocrx_word' id='word_1_149' title='bbox 1468 1267 1514 1301; x_wconf 88' lang='lat' dir='ltr'>et</span> <span class='ocrx_word' id='word_1_150' title='bbox 1537 1259 1764 1302; x_wconf 58' lang='lat' dir='ltr'>abstracte</span> 
     </span>
     <span class='ocr_line' id='line_1_17' title="bbox 273 1322 1763 1376; baseline 0.001 -14"><span class='ocrx_word' id='word_1_151' title='bbox 273 1322 484 1362; x_wconf 86' lang='lat' dir='ltr'>Divinum</span> <span class='ocrx_word' id='word_1_152' title='bbox 512 1322 683 1363; x_wconf 89' lang='lat' dir='ltr'>Verum</span> <span class='ocrx_word' id='word_1_153' title='bbox 711 1323 963 1375; x_wconf 87' lang='lat' dir='ltr'>procedens</span> <span class='ocrx_word' id='word_1_154' title='bbox 990 1336 1016 1362; x_wconf 92' lang='lat' dir='ltr'>a</span> <span class='ocrx_word' id='word_1_155' title='bbox 1048 1322 1258 1370; x_wconf 91' lang='lat' dir='ltr'>Domino,</span> <span class='ocrx_word' id='word_1_156' title='bbox 1288 1330 1333 1363; x_wconf 90' lang='lat' dir='ltr'>et</span> <span class='ocrx_word' id='word_1_157' title='bbox 1361 1323 1481 1376; x_wconf 85' lang='lat' dir='ltr'>quod</span> <span class='ocrx_word' id='word_1_158' title='bbox 1508 1323 1682 1364; x_wconf 90' lang='lat' dir='ltr'>dicatur</span> <span class='ocrx_word' id='word_1_159' title='bbox 1708 1324 1763 1364; x_wconf 89' lang='lat' dir='ltr'>de</span> 
     </span>
     <span class='ocr_line' id='line_1_18' title="bbox 265 1383 1764 1437; baseline 0.001 -13"><span class='ocrx_word' id='word_1_160' title='bbox 265 1383 449 1436; x_wconf 88' lang='lat' dir='ltr'>judicio,</span> <span class='ocrx_word' id='word_1_161' title='bbox 469 1384 678 1424; x_wconf 88' lang='lat' dir='ltr'>videatur</span> <span class='ocrx_word' id='word_1_162' title='bbox 695 1385 835 1424; x_wconf 90' lang='lat' dir='ltr'>etiam</span> <span class='ocrx_word' id='word_1_163' title='bbox 858 1398 994 1437; x_wconf 92' lang='lat' dir='ltr'>supra</span> <span class='ocrx_word' id='word_1_164' title='bbox 1016 1394 1061 1432; x_wconf 84' lang='lat' dir='ltr'>(n.</span> <span class='ocrx_word' id='word_1_165' title='bbox 1080 1394 1173 1436; x_wconf 83' lang='lat'>253,</span> <span class='ocrx_word' id='word_1_166' title='bbox 1192 1394 1286 1436; x_wconf 89' lang='lat'>297,</span> <span class='ocrx_word' id='word_1_167' title='bbox 1301 1393 1430 1436; x_wconf 80' lang='lat'>[¹1343,</span> <span class='ocrx_word' id='word_1_168' title='bbox 1445 1384 1541 1435; x_wconf 86' lang='lat'>460,</span> <span class='ocrx_word' id='word_1_169' title='bbox 1557 1386 1657 1435; x_wconf 89' lang='lat'><strong>482)</strong></span> <span class='ocrx_word' id='word_1_170' title='bbox 1676 1399 1685 1435; x_wconf 85' lang='lat'>;</span> <span class='ocrx_word' id='word_1_171' title='bbox 1717 1391 1764 1426; x_wconf 90' lang='lat' dir='ltr'>et</span> 
     </span>
     <span class='ocr_line' id='line_1_19' title="bbox 270 1445 1763 1500; baseline 0.001 -14"><span class='ocrx_word' id='word_1_172' title='bbox 270 1445 328 1485; x_wconf 89' lang='lat' dir='ltr'>ibi</span> <span class='ocrx_word' id='word_1_173' title='bbox 351 1446 487 1486; x_wconf 90' lang='lat' dir='ltr'>etiam</span> <span class='ocrx_word' id='word_1_174' title='bbox 510 1446 629 1499; x_wconf 90' lang='lat' dir='ltr'>quod</span> <span class='ocrx_word' id='word_1_175' title='bbox 653 1446 834 1486; x_wconf 89' lang='lat' dir='ltr'>tametsi</span> <span class='ocrx_word' id='word_1_176' title='bbox 857 1446 1018 1486; x_wconf 91' lang='lat' dir='ltr'>dicitur</span> <span class='ocrx_word' id='word_1_177' title='bbox 1035 1446 1090 1486; x_wconf 91' lang='lat' dir='ltr'>de</span> <span class='ocrx_word' id='word_1_178' title='bbox 1114 1447 1273 1498; x_wconf 88' lang='lat' dir='ltr'>viginti</span> <span class='ocrx_word' id='word_1_179' title='bbox 1297 1453 1342 1486; x_wconf 92' lang='lat' dir='ltr'>et</span> <span class='ocrx_word' id='word_1_180' title='bbox 1365 1453 1557 1500; x_wconf 88' lang='lat' dir='ltr'>quatuor</span> <span class='ocrx_word' id='word_1_181' title='bbox 1578 1447 1763 1487; x_wconf 90' lang='lat' dir='ltr'>seniori-</span> 
     </span>
     <span class='ocr_line' id='line_1_20' title="bbox 233 1509 1765 1562; baseline 0.001 -13"><span class='ocrx_word' id='word_1_182' title='bbox 233 1520 240 1528; x_wconf 84' lang='grc'><strong>’</strong></span> <span class='ocrx_word' id='word_1_183' title='bbox 270 1509 352 1549; x_wconf 87' lang='lat' dir='ltr'>bus</span> <span class='ocrx_word' id='word_1_184' title='bbox 383 1509 503 1562; x_wconf 92' lang='lat' dir='ltr'>quod</span> <span class='ocrx_word' id='word_1_185' title='bbox 536 1509 784 1549; x_wconf 85' lang='lat' dir='ltr'>“sederent</span> <span class='ocrx_word' id='word_1_186' title='bbox 817 1523 949 1561; x_wconf 91' lang='lat' dir='ltr'>super</span> <span class='ocrx_word' id='word_1_187' title='bbox 980 1509 1193 1557; x_wconf 89' lang='lat' dir='ltr'>thronis,”</span> <span class='ocrx_word' id='word_1_188' title='bbox 1223 1509 1425 1550; x_wconf 88' lang='lat' dir='ltr'>similiter</span> <span class='ocrx_word' id='word_1_189' title='bbox 1456 1510 1512 1550; x_wconf 93' lang='lat' dir='ltr'>de</span> <span class='ocrx_word' id='word_1_190' title='bbox 1544 1509 1765 1562; x_wconf 87' lang='lat' dir='ltr'>apostolis</span> 
     </span>
     <span class='ocr_line' id='line_1_21' title="bbox 270 1572 1763 1626; baseline 0 -14"><span class='ocrx_word' id='word_1_191' title='bbox 270 1572 390 1626; x_wconf 92' lang='lat' dir='ltr'>quod</span> <span class='ocrx_word' id='word_1_192' title='bbox 417 1572 665 1613; x_wconf 85' lang='lat' dir='ltr'>“sederent</span> <span class='ocrx_word' id='word_1_193' title='bbox 693 1586 825 1624; x_wconf 89' lang='lat' dir='ltr'>super</span> <span class='ocrx_word' id='word_1_194' title='bbox 851 1573 1088 1612; x_wconf 90' lang='lat' dir='ltr'>duodecim</span> <span class='ocrx_word' id='word_1_195' title='bbox 1116 1573 1288 1612; x_wconf 89' lang='lat' dir='ltr'>thronis</span> <span class='ocrx_word' id='word_1_196' title='bbox 1310 1572 1565 1624; x_wconf 87' lang='lat' dir='ltr'>judicantes</span> <span class='ocrx_word' id='word_1_197' title='bbox 1592 1572 1763 1613; x_wconf 91' lang='lat' dir='ltr'>duode-</span> 
     </span>
     <span class='ocr_line' id='line_1_22' title="bbox 271 1635 1764 1689; baseline -0.001 -13"><span class='ocrx_word' id='word_1_198' title='bbox 271 1637 356 1676; x_wconf 91' lang='lat' dir='ltr'>cim</span> <span class='ocrx_word' id='word_1_199' title='bbox 376 1636 516 1676; x_wconf 89' lang='lat' dir='ltr'>tribus</span> <span class='ocrx_word' id='word_1_200' title='bbox 536 1635 750 1683; x_wconf 84' lang='lat' dir='ltr'>IsraeliS‚”</span> <span class='ocrx_word' id='word_1_201' title='bbox 766 1642 811 1676; x_wconf 92' lang='lat' dir='ltr'>et</span> <span class='ocrx_word' id='word_1_202' title='bbox 830 1649 1005 1689; x_wconf 92' lang='lat' dir='ltr'>quoque</span> <span class='ocrx_word' id='word_1_203' title='bbox 1024 1635 1079 1675; x_wconf 93' lang='lat' dir='ltr'>de</span> <span class='ocrx_word' id='word_1_204' title='bbox 1098 1635 1272 1688; x_wconf 85' lang='lat' dir='ltr'>angelis</span> <span class='ocrx_word' id='word_1_205' title='bbox 1290 1636 1409 1689; x_wconf 90' lang='lat' dir='ltr'>quod</span> <span class='ocrx_word' id='word_1_206' title='bbox 1429 1636 1644 1676; x_wconf 90' lang='lat' dir='ltr'>“venturi</span> <span class='ocrx_word' id='word_1_207' title='bbox 1663 1649 1764 1676; x_wconf 90' lang='lat' dir='ltr'>cum</span> 
     </span>
     <span class='ocr_line' id='line_1_23' title="bbox 272 1699 1762 1752; baseline -0.001 -12"><span class='ocrx_word' id='word_1_208' title='bbox 272 1700 469 1740; x_wconf 92' lang='lat' dir='ltr'>Domino</span> <span class='ocrx_word' id='word_1_209' title='bbox 487 1700 543 1740; x_wconf 88' lang='lat' dir='ltr'>ad</span> <span class='ocrx_word' id='word_1_210' title='bbox 562 1699 813 1752; x_wconf 89' lang='lat' dir='ltr'>judicium,’⁷</span> <span class='ocrx_word' id='word_1_211' title='bbox 833 1713 970 1752; x_wconf 88' lang='lat' dir='ltr'>usque</span> <span class='ocrx_word' id='word_1_212' title='bbox 995 1699 1115 1739; x_wconf 89' lang='lat' dir='ltr'>solus</span> <span class='ocrx_word' id='word_1_213' title='bbox 1139 1699 1360 1739; x_wconf 86' lang='lat' dir='ltr'>Dominus</span> <span class='ocrx_word' id='word_1_214' title='bbox 1378 1699 1655 1752; x_wconf 88' lang='lat' dir='ltr'>judicaturus</span> <span class='ocrx_word' id='word_1_215' title='bbox 1678 1700 1734 1739; x_wconf 90' lang='lat' dir='ltr'>sit</span> <span class='ocrx_word' id='word_1_216' title='bbox 1753 1713 1762 1750; x_wconf 91' lang='lat'>;</span> 
     </span>
     <span class='ocr_line' id='line_1_24' title="bbox 272 1762 1763 1816; baseline -0.001 -12"><span class='ocrx_word' id='word_1_217' title='bbox 272 1777 375 1804; x_wconf 92' lang='lat' dir='ltr'>nam</span> <span class='ocrx_word' id='word_1_218' title='bbox 400 1777 477 1816; x_wconf 89' lang='lat' dir='ltr'>per</span> <span class='ocrx_word' id='word_1_219' title='bbox 495 1767 519 1782; x_wconf 80' lang='lat'>‘⁴</span> <span class='ocrx_word' id='word_1_220' title='bbox 533 1763 691 1815; x_wconf 87' lang='lat' dir='ltr'>viginti</span> <span class='ocrx_word' id='word_1_221' title='bbox 709 1770 756 1803; x_wconf 91' lang='lat' dir='ltr'>et</span> <span class='ocrx_word' id='word_1_222' title='bbox 779 1770 969 1816; x_wconf 90' lang='lat' dir='ltr'>quatuor</span> <span class='ocrx_word' id='word_1_223' title='bbox 986 1762 1223 1811; x_wconf 90' lang='lat' dir='ltr'>seniores‚“</span> <span class='ocrx_word' id='word_1_224' title='bbox 1242 1776 1319 1815; x_wconf 90' lang='lat' dir='ltr'>per</span> <span class='ocrx_word' id='word_1_225' title='bbox 1337 1766 1361 1782; x_wconf 88' lang='lat'><em>“</em></span> <span class='ocrx_word' id='word_1_226' title='bbox 1375 1762 1612 1803; x_wconf 91' lang='lat' dir='ltr'>duodecim</span> <span class='ocrx_word' id='word_1_227' title='bbox 1630 1772 1763 1815; x_wconf 91' lang='lat' dir='ltr'>apos-</span> 
     </span>
     <span class='ocr_line' id='line_1_25' title="bbox 271 1824 1761 1878; baseline -0.002 -11"><span class='ocrx_word' id='word_1_228' title='bbox 271 1826 429 1875; x_wconf 84' lang='lat' dir='ltr'>tolos‚’&#39;</span> <span class='ocrx_word' id='word_1_229' title='bbox 447 1833 492 1867; x_wconf 90' lang='lat' dir='ltr'>et</span> <span class='ocrx_word' id='word_1_230' title='bbox 517 1840 594 1878; x_wconf 90' lang='lat' dir='ltr'>per</span> <span class='ocrx_word' id='word_1_231' title='bbox 615 1825 879 1878; x_wconf 87' lang='lat' dir='ltr'>“angelos,’&#39;</span> <span class='ocrx_word' id='word_1_232' title='bbox 897 1825 1211 1878; x_wconf 89' lang='lat' dir='ltr'>intelliguntur</span> <span class='ocrx_word' id='word_1_233' title='bbox 1229 1826 1380 1866; x_wconf 87' lang='lat' dir='ltr'>omnia</span> <span class='ocrx_word' id='word_1_234' title='bbox 1402 1839 1507 1865; x_wconf 84' lang='lat' dir='ltr'>vera</span> <span class='ocrx_word' id='word_1_235' title='bbox 1529 1824 1761 1873; x_wconf 88' lang='lat' dir='ltr'>ecclesiae,</span> 
     </span>
     <span class='ocr_line' id='line_1_26' title="bbox 271 1887 1761 1942; baseline -0.001 -12"><span class='ocrx_word' id='word_1_236' title='bbox 271 1897 316 1930; x_wconf 88' lang='lat' dir='ltr'>et</span> <span class='ocrx_word' id='word_1_237' title='bbox 344 1890 386 1929; x_wconf 92' lang='lat' dir='ltr'>in</span> <span class='ocrx_word' id='word_1_238' title='bbox 405 1902 578 1930; x_wconf 89' lang='lat' dir='ltr'>summa</span> <span class='ocrx_word' id='word_1_239' title='bbox 598 1889 810 1928; x_wconf 88' lang='lat' dir='ltr'>Divinum</span> <span class='ocrx_word' id='word_1_240' title='bbox 829 1888 1012 1937; x_wconf 91' lang='lat' dir='ltr'>Verum,</span> <span class='ocrx_word' id='word_1_241' title='bbox 1034 1903 1091 1929; x_wconf 87' lang='lat' dir='ltr'>ex</span> <span class='ocrx_word' id='word_1_242' title='bbox 1111 1903 1199 1942; x_wconf 88' lang='lat' dir='ltr'>quo</span> <span class='ocrx_word' id='word_1_243' title='bbox 1217 1888 1429 1941; x_wconf 90' lang='lat' dir='ltr'>judicium</span> <span class='ocrx_word' id='word_1_244' title='bbox 1450 1901 1458 1928; x_wconf 78' lang='lat' dir='ltr'><em>z</em></span> <span class='ocrx_word' id='word_1_245' title='bbox 1493 1894 1538 1928; x_wconf 92' lang='lat' dir='ltr'>et</span> <span class='ocrx_word' id='word_1_246' title='bbox 1557 1889 1659 1941; x_wconf 93' lang='lat' dir='ltr'>quia</span> <span class='ocrx_word' id='word_1_247' title='bbox 1681 1887 1761 1928; x_wconf 89' lang='lat' dir='ltr'>Di-</span> 
     </span>
     <span class='ocr_line' id='line_1_27' title="bbox 270 1951 1763 2005; baseline -0.001 -12"><span class='ocrx_word' id='word_1_248' title='bbox 270 1954 423 1993; x_wconf 88' lang='lat' dir='ltr'>vinum</span> <span class='ocrx_word' id='word_1_249' title='bbox 439 1953 609 1993; x_wconf 89' lang='lat' dir='ltr'>Verum</span> <span class='ocrx_word' id='word_1_250' title='bbox 630 1966 706 2004; x_wconf 91' lang='lat' dir='ltr'>per</span> <span class='ocrx_word' id='word_1_251' title='bbox 724 1951 823 1992; x_wconf 92' lang='lat' dir='ltr'>illos</span> <span class='ocrx_word' id='word_1_252' title='bbox 846 1952 1127 2005; x_wconf 86' lang='lat' dir='ltr'>intelligitur,</span> <span class='ocrx_word' id='word_1_253' title='bbox 1148 1959 1193 1992; x_wconf 90' lang='lat' dir='ltr'>et</span> <span class='ocrx_word' id='word_1_254' title='bbox 1213 1965 1345 1992; x_wconf 90' lang='lat' dir='ltr'>omne</span> <span class='ocrx_word' id='word_1_255' title='bbox 1365 1951 1576 1991; x_wconf 89' lang='lat' dir='ltr'>Divinum</span> <span class='ocrx_word' id='word_1_256' title='bbox 1593 1951 1763 1991; x_wconf 90' lang='lat' dir='ltr'>Verum</span> 
     </span>
     <span class='ocr_line' id='line_1_28' title="bbox 272 2012 1763 2070; baseline -0.001 -14"><span class='ocrx_word' id='word_1_257' title='bbox 272 2016 475 2070; x_wconf 85' lang='lat' dir='ltr'>procedit</span> <span class='ocrx_word' id='word_1_258' title='bbox 508 2029 533 2055; x_wconf 86' lang='lat' dir='ltr'>a</span> <span class='ocrx_word' id='word_1_259' title='bbox 561 2015 771 2060; x_wconf 80' lang='lat' dir='ltr'>Domino.</span> <span class='ocrx_word' id='word_1_260' title='bbox 800 2015 901 2055; x_wconf 92' lang='lat' dir='ltr'>ideo</span> <span class='ocrx_word' id='word_1_261' title='bbox 928 2022 997 2055; x_wconf 89' lang='lat' dir='ltr'>est</span> <span class='ocrx_word' id='word_1_262' title='bbox 1025 2015 1107 2055; x_wconf 88' lang='lat' dir='ltr'>soli</span> <span class='ocrx_word' id='word_1_263' title='bbox 1140 2015 1339 2055; x_wconf 88' lang='lat' dir='ltr'>Domino</span> <span class='ocrx_word' id='word_1_264' title='bbox 1363 2013 1590 2066; x_wconf 72' lang='lat' dir='ltr'>judieium.</span> <span class='ocrx_word' id='word_1_265' title='bbox 1653 2012 1763 2066; x_wconf 78' lang='lat' dir='ltr'>Quis</span> 
     </span>
     <span class='ocr_line' id='line_1_29' title="bbox 271 2077 1762 2131; baseline -0.002 -11"><span class='ocrx_word' id='word_1_266' title='bbox 271 2093 362 2120; x_wconf 92' lang='lat' dir='ltr'>non</span> <span class='ocrx_word' id='word_1_267' title='bbox 381 2079 532 2119; x_wconf 89' lang='lat' dir='ltr'>videre</span> <span class='ocrx_word' id='word_1_268' title='bbox 553 2085 705 2131; x_wconf 93' lang='lat' dir='ltr'>potest</span> <span class='ocrx_word' id='word_1_269' title='bbox 728 2078 848 2131; x_wconf 88' lang='lat' dir='ltr'>quod</span> <span class='ocrx_word' id='word_1_270' title='bbox 867 2077 1065 2130; x_wconf 89' lang='lat' dir='ltr'>judicare</span> <span class='ocrx_word' id='word_1_271' title='bbox 1084 2078 1308 2130; x_wconf 86' lang='lat' dir='ltr'>myriades</span> <span class='ocrx_word' id='word_1_272' title='bbox 1326 2077 1590 2130; x_wconf 85' lang='lat' dir='ltr'>myriadum,</span> <span class='ocrx_word' id='word_1_273' title='bbox 1607 2090 1762 2130; x_wconf 91' lang='lat' dir='ltr'>quem-</span> 
     </span>
     <span class='ocr_line' id='line_1_30' title="bbox 270 2139 1763 2192; baseline -0.001 -10"><span class='ocrx_word' id='word_1_274' title='bbox 270 2144 336 2183; x_wconf 92' lang='lat' dir='ltr'>vis</span> <span class='ocrx_word' id='word_1_275' title='bbox 368 2142 613 2182; x_wconf 90' lang='lat' dir='ltr'>secundum</span> <span class='ocrx_word' id='word_1_276' title='bbox 640 2147 810 2181; x_wconf 89' lang='lat' dir='ltr'>statum</span> <span class='ocrx_word' id='word_1_277' title='bbox 843 2142 1006 2181; x_wconf 89' lang='lat' dir='ltr'>amoris</span> <span class='ocrx_word' id='word_1_278' title='bbox 1038 2148 1084 2181; x_wconf 92' lang='lat' dir='ltr'>et</span> <span class='ocrx_word' id='word_1_279' title='bbox 1117 2139 1219 2181; x_wconf 83' lang='lat' dir='ltr'>fidei</span> <span class='ocrx_word' id='word_1_280' title='bbox 1252 2140 1357 2192; x_wconf 90' lang='lat' dir='ltr'>ejus,</span> <span class='ocrx_word' id='word_1_281' title='bbox 1384 2147 1478 2180; x_wconf 88' lang='lat' dir='ltr'>tam</span> <span class='ocrx_word' id='word_1_282' title='bbox 1510 2141 1553 2180; x_wconf 91' lang='lat' dir='ltr'>in</span> <span class='ocrx_word' id='word_1_283' title='bbox 1585 2141 1763 2180; x_wconf 90' lang='lat' dir='ltr'>interno</span> 
     </span>
     <span class='ocr_line' id='line_1_31' title="bbox 271 2203 1763 2258; baseline -0.001 -13"><span class='ocrx_word' id='word_1_284' title='bbox 271 2206 452 2246; x_wconf 90' lang='lat' dir='ltr'>homine</span> <span class='ocrx_word' id='word_1_285' title='bbox 471 2218 605 2258; x_wconf 90' lang='lat' dir='ltr'>quam</span> <span class='ocrx_word' id='word_1_286' title='bbox 629 2205 670 2244; x_wconf 92' lang='lat' dir='ltr'>in</span> <span class='ocrx_word' id='word_1_287' title='bbox 695 2211 890 2244; x_wconf 87' lang='lat' dir='ltr'>externo</span> <span class='ocrx_word' id='word_1_288' title='bbox 908 2203 1013 2256; x_wconf 86' lang='lat' dir='ltr'>ejus,</span> <span class='ocrx_word' id='word_1_289' title='bbox 1035 2217 1123 2243; x_wconf 92' lang='lat' dir='ltr'>non</span> <span class='ocrx_word' id='word_1_290' title='bbox 1147 2205 1320 2256; x_wconf 90' lang='lat' dir='ltr'>possint</span> <span class='ocrx_word' id='word_1_291' title='bbox 1344 2203 1478 2256; x_wconf 88' lang='lat' dir='ltr'>aliqui</span> <span class='ocrx_word' id='word_1_292' title='bbox 1500 2203 1663 2255; x_wconf 81' lang='lat' dir='ltr'>angeli,</span> <span class='ocrx_word' id='word_1_293' title='bbox 1684 2203 1763 2243; x_wconf 89' lang='lat' dir='ltr'>sed</span> 
     </span>
     <span class='ocr_line' id='line_1_32' title="bbox 271 2265 1763 2323; baseline -0.003 -14"><span class='ocrx_word' id='word_1_294' title='bbox 271 2268 416 2309; x_wconf 88' lang='lat' dir='ltr'>solum</span> <span class='ocrx_word' id='word_1_295' title='bbox 440 2274 591 2320; x_wconf 89' lang='lat' dir='ltr'>potest</span> <span class='ocrx_word' id='word_1_296' title='bbox 617 2267 836 2307; x_wconf 88' lang='lat' dir='ltr'>Dominus</span> <span class='ocrx_word' id='word_1_297' title='bbox 864 2281 922 2307; x_wconf 81' lang='lat' dir='ltr'>ex</span> <span class='ocrx_word' id='word_1_298' title='bbox 948 2267 1112 2307; x_wconf 89' lang='lat' dir='ltr'>Divino</span> <span class='ocrx_word' id='word_1_299' title='bbox 1135 2267 1254 2319; x_wconf 91' lang='lat' dir='ltr'>quod</span> <span class='ocrx_word' id='word_1_300' title='bbox 1280 2272 1349 2307; x_wconf 88' lang='lat' dir='ltr'>est</span> <span class='ocrx_word' id='word_1_301' title='bbox 1376 2267 1418 2306; x_wconf 91' lang='lat' dir='ltr'>in</span> <span class='ocrx_word' id='word_1_302' title='bbox 1447 2265 1551 2318; x_wconf 89' lang='lat' dir='ltr'>Ipso</span> <span class='ocrx_word' id='word_1_303' title='bbox 1574 2272 1620 2305; x_wconf 92' lang='lat' dir='ltr'>et</span> <span class='ocrx_word' id='word_1_304' title='bbox 1643 2265 1763 2323; x_wconf 79' lang='lat' dir='ltr'>quod</span> 
     </span>
     <span class='ocr_line' id='line_1_33' title="bbox 271 2328 1764 2385; baseline -0.003 -13"><span class='ocrx_word' id='word_1_305' title='bbox 271 2331 475 2385; x_wconf 87' lang='lat' dir='ltr'>procedit</span> <span class='ocrx_word' id='word_1_306' title='bbox 508 2331 564 2370; x_wconf 90' lang='lat' dir='ltr'>ab</span> <span class='ocrx_word' id='word_1_307' title='bbox 598 2330 731 2383; x_wconf 85' lang='lat' dir='ltr'>Ipso?</span> <span class='ocrx_word' id='word_1_308' title='bbox 774 2337 869 2370; x_wconf 89' lang='lat' dir='ltr'>tum</span> <span class='ocrx_word' id='word_1_309' title='bbox 897 2330 1017 2383; x_wconf 90' lang='lat' dir='ltr'>quod</span> <span class='ocrx_word' id='word_1_310' title='bbox 1044 2329 1243 2382; x_wconf 89' lang='lat' dir='ltr'>judicare</span> <span class='ocrx_word' id='word_1_311' title='bbox 1276 2342 1433 2369; x_wconf 89' lang='lat' dir='ltr'>omnes</span> <span class='ocrx_word' id='word_1_312' title='bbox 1465 2330 1508 2368; x_wconf 92' lang='lat' dir='ltr'>in</span> <span class='ocrx_word' id='word_1_313' title='bbox 1543 2328 1679 2368; x_wconf 89' lang='lat' dir='ltr'>caelis</span> <span class='ocrx_word' id='word_1_314' title='bbox 1717 2335 1764 2369; x_wconf 92' lang='lat' dir='ltr'>et</span> 
     </span>
     <span class='ocr_line' id='line_1_34' title="bbox 270 2391 1764 2445; baseline -0.003 -10"><span class='ocrx_word' id='word_1_315' title='bbox 270 2396 314 2435; x_wconf 92' lang='lat' dir='ltr'>in</span> <span class='ocrx_word' id='word_1_316' title='bbox 339 2394 468 2435; x_wconf 85' lang='lat' dir='ltr'>terris</span> <span class='ocrx_word' id='word_1_317' title='bbox 494 2394 550 2434; x_wconf 91' lang='lat' dir='ltr'>sit</span> <span class='ocrx_word' id='word_1_318' title='bbox 578 2393 775 2433; x_wconf 90' lang='lat' dir='ltr'>infinitae</span> <span class='ocrx_word' id='word_1_319' title='bbox 803 2393 1051 2445; x_wconf 87' lang='lat' dir='ltr'>sapientiae</span> <span class='ocrx_word' id='word_1_320' title='bbox 1078 2398 1123 2432; x_wconf 92' lang='lat' dir='ltr'>et</span> <span class='ocrx_word' id='word_1_321' title='bbox 1150 2391 1349 2432; x_wconf 86' lang='lat' dir='ltr'>infinitae</span> <span class='ocrx_word' id='word_1_322' title='bbox 1377 2392 1622 2444; x_wconf 88' lang='lat' dir='ltr'>potentiae,</span> <span class='ocrx_word' id='word_1_323' title='bbox 1651 2404 1764 2445; x_wconf 89' lang='lat' dir='ltr'>quae</span> 
     </span>
     <span class='ocr_line' id='line_1_35' title="bbox 272 2453 1764 2510; baseline -0.003 -13"><span class='ocrx_word' id='word_1_324' title='bbox 272 2471 326 2498; x_wconf 90' lang='lat' dir='ltr'>ne</span> <span class='ocrx_word' id='word_1_325' title='bbox 350 2457 529 2510; x_wconf 91' lang='lat' dir='ltr'>quidem</span> <span class='ocrx_word' id='word_1_326' title='bbox 553 2456 608 2496; x_wconf 90' lang='lat' dir='ltr'>ad</span> <span class='ocrx_word' id='word_1_327' title='bbox 636 2456 865 2496; x_wconf 88' lang='lat' dir='ltr'>minimam</span> <span class='ocrx_word' id='word_1_328' title='bbox 890 2462 1064 2508; x_wconf 87' lang='lat' dir='ltr'>partem</span> <span class='ocrx_word' id='word_1_329' title='bbox 1088 2455 1209 2495; x_wconf 90' lang='lat' dir='ltr'>cadit</span> <span class='ocrx_word' id='word_1_330' title='bbox 1236 2455 1279 2495; x_wconf 91' lang='lat' dir='ltr'>in</span> <span class='ocrx_word' id='word_1_331' title='bbox 1307 2455 1430 2494; x_wconf 85' lang='lat' dir='ltr'>entia</span> <span class='ocrx_word' id='word_1_332' title='bbox 1451 2453 1590 2502; x_wconf 86' lang='lat' dir='ltr'>finita,</span> <span class='ocrx_word' id='word_1_333' title='bbox 1615 2453 1764 2507; x_wconf 88' lang='lat' dir='ltr'>qualia</span> 
     </span>
     <span class='ocr_line' id='line_1_36' title="bbox 271 2516 1763 2572; baseline -0.003 -12"><span class='ocrx_word' id='word_1_334' title='bbox 271 2527 375 2560; x_wconf 87' lang='lat' dir='ltr'>sunt</span> <span class='ocrx_word' id='word_1_335' title='bbox 395 2519 558 2572; x_wconf 86' lang='lat' dir='ltr'>angeli,</span> <span class='ocrx_word' id='word_1_336' title='bbox 579 2532 630 2559; x_wconf 90' lang='lat' dir='ltr'>ac</span> <span class='ocrx_word' id='word_1_337' title='bbox 654 2519 830 2559; x_wconf 90' lang='lat' dir='ltr'>fuerunt</span> <span class='ocrx_word' id='word_1_338' title='bbox 854 2519 1051 2558; x_wconf 88' lang='lat' dir='ltr'>seniores</span> <span class='ocrx_word' id='word_1_339' title='bbox 1071 2517 1248 2558; x_wconf 86' lang='lat' dir='ltr'>Israelis</span> <span class='ocrx_word' id='word_1_340' title='bbox 1266 2523 1312 2558; x_wconf 94' lang='lat' dir='ltr'>et</span> <span class='ocrx_word' id='word_1_341' title='bbox 1335 2516 1530 2569; x_wconf 88' lang='lat' dir='ltr'>apostoli</span> <span class='ocrx_word' id='word_1_342' title='bbox 1550 2516 1763 2556; x_wconf 88' lang='lat' dir='ltr'>Domini?</span> 
     </span>
     <span class='ocr_line' id='line_1_37' title="bbox 274 2580 1763 2635; baseline -0.001 -12"><span class='ocrx_word' id='word_1_343' title='bbox 274 2584 335 2624; x_wconf 90' lang='lat' dir='ltr'>Hi</span> <span class='ocrx_word' id='word_1_344' title='bbox 367 2582 497 2623; x_wconf 90' lang='lat' dir='ltr'>simul</span> <span class='ocrx_word' id='word_1_345' title='bbox 525 2582 691 2634; x_wconf 90' lang='lat' dir='ltr'>sumpti</span> <span class='ocrx_word' id='word_1_346' title='bbox 725 2595 780 2622; x_wconf 92' lang='lat' dir='ltr'>ne</span> <span class='ocrx_word' id='word_1_347' title='bbox 813 2581 995 2635; x_wconf 91' lang='lat' dir='ltr'>quidem</span> <span class='ocrx_word' id='word_1_348' title='bbox 1023 2580 1222 2634; x_wconf 84' lang='lat' dir='ltr'>judicare</span> <span class='ocrx_word' id='word_1_349' title='bbox 1255 2594 1391 2620; x_wconf 90' lang='lat' dir='ltr'>unum</span> <span class='ocrx_word' id='word_1_350' title='bbox 1423 2580 1652 2620; x_wconf 90' lang='lat' dir='ltr'>hominem</span> <span class='ocrx_word' id='word_1_351' title='bbox 1685 2586 1763 2621; x_wconf 87' lang='lat' dir='ltr'>aut</span> 
     </span>
     <span class='ocr_line' id='line_1_38' title="bbox 271 2642 1763 2698; baseline -0.002 -12"><span class='ocrx_word' id='word_1_352' title='bbox 271 2660 406 2686; x_wconf 93' lang='lat' dir='ltr'>unum</span> <span class='ocrx_word' id='word_1_353' title='bbox 439 2646 643 2698; x_wconf 89' lang='lat' dir='ltr'>spiritum</span> <span class='ocrx_word' id='word_1_354' title='bbox 677 2651 894 2697; x_wconf 91' lang='lat' dir='ltr'>possunt;</span> <span class='ocrx_word' id='word_1_355' title='bbox 934 2657 1037 2684; x_wconf 89' lang='lat' dir='ltr'>narn</span> <span class='ocrx_word' id='word_1_356' title='bbox 1070 2644 1143 2697; x_wconf 92' lang='lat' dir='ltr'>qui</span> <span class='ocrx_word' id='word_1_357' title='bbox 1170 2643 1449 2696; x_wconf 85' lang='lat' dir='ltr'>judicaturus</span> <span class='ocrx_word' id='word_1_358' title='bbox 1481 2649 1564 2691; x_wconf 88' lang='lat' dir='ltr'>est,</span> <span class='ocrx_word' id='word_1_359' title='bbox 1592 2642 1763 2683; x_wconf 89' lang='lat' dir='ltr'>videbit</span> 
     </span>
     <span class='ocr_line' id='line_1_39' title="bbox 271 2705 1762 2761; baseline -0.003 -12"><span class='ocrx_word' id='word_1_360' title='bbox 271 2722 451 2750; x_wconf 91' lang='lat' dir='ltr'>omnem</span> <span class='ocrx_word' id='word_1_361' title='bbox 479 2714 649 2748; x_wconf 90' lang='lat' dir='ltr'>statum</span> <span class='ocrx_word' id='word_1_362' title='bbox 676 2708 868 2748; x_wconf 90' lang='lat' dir='ltr'>hominis</span> <span class='ocrx_word' id='word_1_363' title='bbox 900 2708 974 2761; x_wconf 92' lang='lat' dir='ltr'>qui</span> <span class='ocrx_word' id='word_1_364' title='bbox 1001 2707 1269 2760; x_wconf 90' lang='lat' dir='ltr'>judicandus</span> <span class='ocrx_word' id='word_1_365' title='bbox 1301 2713 1370 2747; x_wconf 91' lang='lat' dir='ltr'>est</span> <span class='ocrx_word' id='word_1_366' title='bbox 1402 2706 1459 2746; x_wconf 92' lang='lat' dir='ltr'>ab</span> <span class='ocrx_word' id='word_1_367' title='bbox 1490 2705 1675 2746; x_wconf 88' lang='lat' dir='ltr'>infantia</span> <span class='ocrx_word' id='word_1_368' title='bbox 1705 2705 1762 2746; x_wconf 89' lang='lat' dir='ltr'>ad</span> 
     </span>
     <span class='ocr_line' id='line_1_40' title="bbox 270 2768 1763 2823; baseline -0.003 -10"><span class='ocrx_word' id='word_1_369' title='bbox 270 2773 478 2813; x_wconf 88' lang='lat' dir='ltr'>ultimum</span> <span class='ocrx_word' id='word_1_370' title='bbox 504 2772 623 2812; x_wconf 88' lang='lat' dir='ltr'>vitae</span> <span class='ocrx_word' id='word_1_371' title='bbox 651 2771 742 2823; x_wconf 88' lang='lat' dir='ltr'>ejus</span> <span class='ocrx_word' id='word_1_372' title='bbox 774 2772 817 2811; x_wconf 91' lang='lat' dir='ltr'>in</span> <span class='ocrx_word' id='word_1_373' title='bbox 845 2771 1027 2819; x_wconf 89' lang='lat' dir='ltr'>mundo,</span> <span class='ocrx_word' id='word_1_374' title='bbox 1056 2784 1107 2811; x_wconf 91' lang='lat' dir='ltr'>ac</span> <span class='ocrx_word' id='word_1_375' title='bbox 1135 2776 1295 2822; x_wconf 90' lang='lat' dir='ltr'>postea</span> <span class='ocrx_word' id='word_1_376' title='bbox 1320 2776 1490 2810; x_wconf 89' lang='lat' dir='ltr'>statum</span> <span class='ocrx_word' id='word_1_377' title='bbox 1517 2770 1637 2809; x_wconf 86' lang='lat' dir='ltr'>vitae</span> <span class='ocrx_word' id='word_1_378' title='bbox 1669 2768 1763 2821; x_wconf 90' lang='lat' dir='ltr'>ejus</span> 
     </span>
     <span class='ocr_line' id='line_1_41' title="bbox 270 2831 1762 2884; baseline -0.004 -8"><span class='ocrx_word' id='word_1_379' title='bbox 270 2836 464 2877; x_wconf 88' lang='lat' dir='ltr'>futurum</span> <span class='ocrx_word' id='word_1_380' title='bbox 496 2835 539 2874; x_wconf 92' lang='lat' dir='ltr'>in</span> <span class='ocrx_word' id='word_1_381' title='bbox 571 2840 831 2884; x_wconf 88' lang='lat' dir='ltr'>aeternum;</span> <span class='ocrx_word' id='word_1_382' title='bbox 865 2835 948 2874; x_wconf 88' lang='lat' dir='ltr'>erit</span> <span class='ocrx_word' id='word_1_383' title='bbox 980 2834 1099 2874; x_wconf 90' lang='lat' dir='ltr'>enim</span> <span class='ocrx_word' id='word_1_384' title='bbox 1126 2839 1360 2873; x_wconf 86' lang='lat' dir='ltr'>aeternum</span> <span class='ocrx_word' id='word_1_385' title='bbox 1386 2838 1432 2873; x_wconf 92' lang='lat' dir='ltr'>et</span> <span class='ocrx_word' id='word_1_386' title='bbox 1464 2831 1686 2872; x_wconf 85' lang='lat' dir='ltr'>infinitum</span> <span class='ocrx_word' id='word_1_387' title='bbox 1717 2831 1762 2870; x_wconf 89' lang='lat' dir='ltr'>in</span> 
     </span>
     <span class='ocr_line' id='line_1_42' title="bbox 271 2893 1760 2948; baseline -0.003 -10"><span class='ocrx_word' id='word_1_388' title='bbox 271 2899 392 2939; x_wconf 89' lang='lat' dir='ltr'>omni</span> <span class='ocrx_word' id='word_1_389' title='bbox 418 2899 513 2939; x_wconf 88' lang='lat' dir='ltr'>visu</span> <span class='ocrx_word' id='word_1_390' title='bbox 546 2904 591 2939; x_wconf 91' lang='lat' dir='ltr'>et</span> <span class='ocrx_word' id='word_1_391' title='bbox 624 2897 727 2938; x_wconf 93' lang='lat' dir='ltr'>inde</span> <span class='ocrx_word' id='word_1_392' title='bbox 759 2898 803 2937; x_wconf 92' lang='lat' dir='ltr'>in</span> <span class='ocrx_word' id='word_1_393' title='bbox 835 2897 1042 2938; x_wconf 89' lang='lat' dir='ltr'>omnibus</span> <span class='ocrx_word' id='word_1_394' title='bbox 1074 2902 1119 2938; x_wconf 95' lang='lat' dir='ltr'>et</span> <span class='ocrx_word' id='word_1_395' title='bbox 1153 2895 1339 2948; x_wconf 85' lang='lat' dir='ltr'>singulis</span> <span class='ocrx_word' id='word_1_396' title='bbox 1366 2894 1530 2948; x_wconf 90' lang='lat' dir='ltr'>judicii,</span> <span class='ocrx_word' id='word_1_397' title='bbox 1565 2893 1684 2948; x_wconf 92' lang='lat' dir='ltr'>quod</span> <span class='ocrx_word' id='word_1_398' title='bbox 1717 2894 1760 2934; x_wconf 90' lang='lat' dir='ltr'>in</span> 
     </span>
    </p>
   </div>
   <div class='ocr_carea' id='block_1_3' title="bbox 1931 2308 1962 3334">
    <p class='ocr_par' dir='ltr' id='par_1_3' title="bbox 1931 2308 1962 3334">
     <span class='ocr_line' id='line_1_43' title="bbox 1931 2308 1962 3334; baseline 0 0"><span class='ocrx_word' id='word_1_399' title='bbox 1931 2308 1962 3334; x_wconf 95' lang='lat' dir='ltr'> </span> 
     </span>
    </p>
   </div>
  </div>
 </body>
</html>
