1962 3334
274 267 380 319 1336
684 272 1014 336 APOCALYPSJS
1045 273 1342 305 EXPLICATA.

266 390 358 430 veri
390 395 436 431 et
469 390 573 431 boni
606 389 923 439 destruuntur;
965 387 1142 428 illorum
1174 388 1387 431 interitus
1423 401 1502 441 per
1537 402 1616 429 sua
1646 388 1757 431 falsa

266 452 543 506 significatur
568 467 646 506 per
671 453 829 492 “Ecce
856 452 958 504 Ego
984 450 1213 491 adducens
1240 464 1372 503 super
1394 456 1440 491 te
1467 450 1638 492 alienos
1659 452 1756 492 vio-

266 515 416 557 lentos
441 517 645 569 gentium
666 515 699 566 ;”
734 514 937 555 “alieni''
960 512 1216 566 significant
1243 513 1354 554 falsa
1377 528 1491 567 quae
1517 514 1757 556 destruunt

265 592 384 627 vera,
418 585 464 619 et
499 578 723 619 “violenti
762 578 967 629 gentium
982 576 1001 591 ’'
1034 575 1153 616 mala
1189 590 1302 629 quae
1340 576 1578 617 destruunt
1610 577 1754 617 bona:

265 642 385 694 quod
412 642 701 682 destruentur
723 654 801 693 per
823 654 902 679 sua
927 638 1039 679 falsa
1065 653 1179 692 quae
1205 653 1264 679 ex
1291 640 1469 692 propria
1495 639 1756 692 intelligen-

266 705 342 752 tia,
371 703 647 757 significatur
679 717 756 756 per
788 702 907 755 quod
936 701 1037 742 “illi
1070 702 1411 754 evanginabunt
1443 701 1620 755 gladios
1652 716 1757 743 suos

265 780 396 820 super
414 766 793 820 pulchritudinem
813 765 1062 817 sapientiae
1083 770 1200 812 tuae,
1219 771 1264 805 et
1283 765 1584 818 profanabunt
1603 764 1755 818 splen-

265 829 419 870 dorem
443 836 568 870 tuum
586 829 619 879 ;”
655 827 862 880 “gladii''
885 834 989 867 sunt
1012 826 1123 867 falsa
1146 827 1427 868 destruentia
1450 841 1581 868 vera:
1618 826 1754 880 [¹¹]im-

265 894 428 933 mersio
451 892 627 932 illorum
653 892 697 931 in
723 890 835 930 falsa
861 890 1108 939 infernalia,
1133 903 1183 930 ac
1212 891 1421 931 interitus
1448 897 1494 931 et
1521 890 1755 931 damnatio

265 970 343 1009 per
364 955 474 996 falsa
497 956 539 995 in
567 955 751 1002 inferno,
778 952 1055 1006 significatur
1077 953 1174 1006 per]
1203 954 1286 994 “in
1309 953 1484 994 foveam
1507 953 1754 994 demittent

265 1025 325 1066 te,
360 1025 405 1059 et
439 1019 638 1058 morieris
671 1017 891 1057 mortibus
924 1016 1234 1057 confossorum
1266 1017 1310 1056 in
1347 1016 1482 1057 corde
1515 1013 1701 1056 marium
1719 1016 1754 1067 ;”

268 1080 463 1120 “fovea”
491 1079 714 1133 significat
744 1079 903 1120 falsum
931 1078 1160 1126 infernale,
1189 1078 1332 1119 simile
1359 1079 1478 1132 quod
1504 1083 1702 1132 “puteus
1720 1078 1755 1129 ;'’

267 1143 530 1183 “confossi'’
557 1142 813 1195 significant
845 1142 946 1182 illos
979 1142 1052 1195 qui
1084 1148 1274 1195 pereunt
1306 1155 1384 1195 per
1410 1141 1535 1190 falsa,
1563 1148 1609 1182 et
1639 1145 1755 1182 “cor

265 1205 483 1246 marium'’
510 1205 734 1258 significat
767 1205 987 1245 infernum
1020 1205 1093 1244 ubi
1126 1211 1172 1245 et
1205 1205 1323 1245 unde
1354 1204 1431 1245 illa
1457 1204 1581 1254 falsa,
1610 1204 1753 1245 simile

264 1269 384 1322 quod
414 1267 677 1320 “abyssus”
740 1268 821 1308 Per
850 1266 1094 1308 “foveam’'

338 1379 378 1411 In
393 1389 498 1420 quam
513 1378 732 1409 demiserunt
745 1377 940 1419 Jeremiam
956 1377 1179 1418 prophetam,
1196 1383 1231 1408 et
1248 1387 1267 1408 e
1284 1387 1355 1418 qua
1369 1377 1621 1409 Ebed-melech
1639 1382 1674 1408 et
1687 1377 1752 1409 viri

439 1433 518 1454 cum
540 1422 602 1453 illo
623 1432 685 1462 per
703 1427 951 1453 veteramenta
967 1419 1209 1452 extractorum
1228 1427 1263 1452 et
1279 1427 1527 1453 veteramenta
1542 1421 1753 1453 detritorum

439 1472 668 1498 extraxerunt
685 1466 785 1496 illum
803 1465 947 1507 (Jerem.
964 1465 1111 1496 xxxviii.
1129 1464 1239 1504 6-13),

264 1575 540 1629 significatur
557 1589 710 1616 verum
730 1573 960 1615 doctrinae
979 1573 1262 1615 falsificatum
1281 1589 1289 1624 ;
1318 1588 1395 1627 per
1413 1573 1753 1627 “prophetam’'

264 1652 418 1680 verum
450 1637 695 1686 doctrinae,
730 1644 776 1678 et
813 1651 891 1691 per
926 1638 1143 1678 “demitti
1181 1638 1224 1677 in
1262 1636 1470 1677 foveam”
1501 1635 1749 1677 falsificari:

263 1716 341 1755 per
358 1706 382 1722 “
394 1707 707 1742 veteramenta
726 1699 1035 1741 extractorum
1054 1706 1099 1740 et
1115 1706 1429 1740 veteramenta
1444 1698 1753 1747 detritorum,''

263 1765 421 1818 quibus
447 1770 750 1804 extraxerunt
782 1763 922 1811 illum,
951 1762 1229 1815 significatur
1254 1763 1500 1803 vindicatio
1525 1762 1617 1802 veri
1644 1760 1752 1802 doc'-

263 1829 406 1868 trinae
433 1834 478 1868 et
511 1827 740 1867 restitutio
773 1840 851 1879 per
883 1825 992 1866 talia
1023 1825 1142 1866 bona
1174 1832 1219 1866 et
1247 1839 1352 1866 vera
1384 1838 1541 1866 sensus
1571 1824 1752 1865 litterae

263 1890 402 1931 Verbi
434 1904 546 1943 quae
584 1903 674 1930 non
706 1895 922 1942 percepta
959 1895 1004 1928 et
1036 1887 1271 1929 intellecta
1303 1894 1422 1936 sunt,
1457 1894 1502 1928 et
1539 1887 1641 1928 ideo
1673 1901 1752 1928 ne-

263 1952 412 2006 gle&a
428 1960 472 1994 et
491 1951 655 2005 rejecta
674 1967 682 2003 ;
710 1953 821 1992 haec
841 1966 918 2005 per
935 1955 959 1971 ‘⁴
973 1957 1286 1992 veteramenta
1299 1951 1317 1965 ”
1332 1951 1409 1991 illa
1423 1949 1751 2003 significantur;

263 2017 367 2070 quid
390 2016 554 2070 alioqui
577 2016 690 2056 foret
715 2015 835 2069 quod
857 2015 901 2055 in
922 2014 1076 2055 Verbo
1100 2014 1264 2054 Divino
1287 2019 1611 2054 memoraretur
1633 2013 1752 2066 quod

263 2093 341 2132 per
378 2079 488 2119 talia
525 2077 758 2119 extractus
790 2077 882 2118 sit?
943 2077 1018 2117 Ex
1056 2076 1124 2116 his
1162 2077 1313 2129 paucis
1351 2082 1561 2116 constare
1597 2082 1752 2128 potest

263 2142 367 2195 quid
390 2156 468 2195 per
493 2146 715 2195 “puteum
729 2141 748 2156 '¹
770 2147 817 2182 et
840 2154 919 2194 per
939 2139 1185 2180 “foveam'’
1208 2140 1252 2179 in
1271 2139 1425 2179 Verbo
1448 2137 1751 2191 significatur;

263 2203 381 2255 quod
415 2217 575 2256 nempe
603 2203 804 2244 Verbum
837 2216 888 2243 ac
921 2215 1075 2243 verum
1108 2200 1352 2250 doctrinae,
1380 2215 1431 2242 ac
1463 2202 1507 2242 in
1540 2201 1752 2254 opposito

263 2279 395 2305 sensu
419 2266 620 2306 Verbum
645 2266 930 2306 falsificatum
955 2272 1001 2306 et
1028 2265 1132 2306 inde
1157 2265 1317 2305 falsum
1344 2263 1588 2305 doctrinae.
1649 2263 1752 2304 Ali-

263 2328 419 2380 quibus
451 2329 494 2368 in
527 2329 636 2369 locis
669 2330 807 2369 etiam
840 2328 983 2369 simile
1015 2327 1292 2381 significatur
1318 2341 1396 2380 per
1424 2326 1679 2380 “puteum'’
1704 2333 1751 2367 et

264 2390 509 2430 “foveam'’
541 2392 660 2444 quod
693 2405 771 2445 per
805 2390 1054 2439 “fontem,’'
1086 2390 1142 2430 de
1179 2389 1301 2442 cujus
1341 2389 1671 2442 significatione
1707 2389 1751 2430 in

263 2457 454 2504 utroque
480 2466 615 2492 sensu
641 2454 848 2493 videatur
879 2466 1014 2505 supra
1041 2462 1086 2500 (n.
1106 2452 1219 2502 483).

340 2522 554 2576 538[a].
595 2523 730 2576 Quod
756 2529 910 2563 autem
940 2522 1172 2574 “abyssus
1185 2521 1204 2536 ’'
1227 2521 1453 2573 significet
1479 2521 1654 2562 inferna
1675 2522 1750 2563 ubi

263 2590 308 2624 et
336 2585 452 2624 unde
480 2585 604 2633 falsa,
630 2592 699 2626 est
727 2586 829 2638 quia
854 2585 931 2625 illa
956 2585 1139 2633 inferna,
1168 2584 1240 2624 ubi
1266 2583 1378 2624 falsa
1404 2583 1510 2624 mali
1535 2590 1746 2637 regnant,

262 2653 482 2699 apparent
510 2649 623 2688 sicut
652 2649 803 2697 maria,
828 2649 871 2688 in
899 2660 1086 2701 quorum
1114 2646 1342 2700 profundis
1364 2653 1433 2687 est
1461 2647 1592 2687 turba
1616 2647 1748 2687 infer-

263 2709 376 2749 nalis
402 2723 514 2762 quae
547 2711 589 2750 in
617 2710 738 2750 falsis
765 2710 871 2750 mali
898 2717 994 2760 est;
1033 2710 1152 2763 quod
1179 2715 1426 2762 appareant
1451 2710 1566 2749 sicut
1593 2710 1745 2758 maria,

263 2777 332 2812 est
355 2773 455 2824 quia
482 2773 584 2812 inde
608 2774 824 2813 continuo
846 2772 1032 2813 effluunt
1059 2772 1183 2820 falsa,
1209 2778 1254 2823 et
1281 2772 1392 2812 falsa
1414 2777 1633 2824 apparent
1659 2772 1745 2812 sic-

262 2840 310 2874 ut
344 2847 498 2887 aquae,
528 2842 802 2888 quapropter
830 2835 1040 2888 “aquae’'
1062 2836 1106 2875 in
1132 2834 1287 2875 Verbo
1319 2835 1456 2875 etiam
1489 2833 1746 2887 significant

262 2896 385 2938 falsa.
448 2897 522 2937 Ex
556 2899 658 2951 ipsis
691 2899 815 2951 aquis
842 2899 980 2938 etiam
1013 2898 1304 2951 cognoscitur
1335 2897 1466 2952 quale
1497 2898 1556 2938 ibi
1586 2897 1745 2938 falsum
