1962 3334
0 544 11 563 rs
0 478 18 536 '⁸⁷33ss

604 303 710 335 CAP.
732 302 814 342 1x.,
837 301 976 334 VERs.
1005 299 1173 345 17.—N.
1199 289 1290 343 576.
1444 286 1451 291 '
1583 296 1685 339 1441

208 417 366 459 talium
388 415 750 458 admirandorum
775 414 906 464 inde;
938 425 1040 455 cum
1064 418 1219 453 tamen
1245 423 1316 451 res
1342 409 1448 451 talis
1473 414 1543 450 est
1570 407 1690 461 quod

208 480 419 521 Divinum
444 479 599 520 influat
626 479 839 519 continue
865 490 945 530 per
975 475 1254 529 spiritualem
1287 473 1502 513 mundum
1532 472 1577 511 in
1610 484 1689 511 na-

207 543 401 584 turalem
433 556 484 583 ac
517 542 738 596 producat
770 540 894 589 talia,
928 545 974 580 et
1006 538 1127 592 quod
1158 537 1333 578 Natura
1365 542 1519 576 creata
1550 535 1608 575 sit
1641 540 1690 575 ut

206 605 420 647 inserviat
451 604 678 646 induendo
703 603 780 644 illa
805 617 919 656 quae
945 616 970 643 e
997 600 1215 655 spirituali
1241 599 1410 640 mundo
1436 598 1690 651 procedunt

205 675 254 709 et
279 668 479 709 influunt.
540 667 629 708 Sed
654 680 889 707 recensere
911 678 1070 706 omnes
1092 663 1292 704 fallacias
1317 663 1361 702 in
1388 660 1690 715 spiritualibus

206 745 321 785 quae
347 738 451 772 sunt
478 730 596 784 apud
627 729 857 770 hominem
883 727 1104 769 ecclesiae
1130 724 1402 772 sensualem,
1430 724 1560 763 nimis
1587 736 1690 776 pro-

205 794 348 834 lixum
370 800 440 834 est
457 808 467 843 ;
494 793 670 846 aliquae
687 792 825 832 etiarn
839 796 1132 831 enumeratae
1149 788 1387 828 videantur
1407 787 1451 827 in
1472 785 1691 826 Domina

205 855 364 895 Novae
384 853 722 906 Hierosolymae
745 863 793 901 (n.
815 863 880 900 53)-

285 934 417 987 576.
446 933 678 973 “Habentes
697 931 892 972 thot-aces
911 930 1054 983 iyneos
1081 933 1126 969 et
1151 926 1431 982 hyacinthinos
1459 929 1504 966 et
1528 925 1692 977 sulphu-

203 992 536 1045 reos,''—Quod
564 990 790 1044 significet
815 989 1180 1030 ratiocinationes
1199 993 1454 1040 pugnantes
1483 999 1540 1025 ex
1566 984 1690 1036 cupi-

205 1053 420 1095 ditatibus
436 1052 604 1094 amoris
624 1052 699 1092 sui
714 1058 757 1092 et
775 1051 941 1092 amoris
958 1050 1122 1098 mundi,
1140 1055 1183 1089 et
1201 1063 1257 1088 ex
1265 1045 1559 1100 falsitatibus
1575 1044 1689 1092 inde,

206 1122 391 1158 constat
431 1130 490 1156 ex
532 1114 862 1168 significatione
901 1111 1219 1160 “thoracum,'’
1255 1110 1375 1164 quod
1417 1110 1507 1149 sint
1544 1121 1691 1148 arma-

205 1183 334 1218 turae
358 1178 403 1217 in
428 1176 567 1224 bello,
594 1176 639 1215 in
665 1176 816 1228 specie
842 1174 1098 1215 tutationes
1124 1174 1168 1212 in
1195 1172 1359 1225 pugnis
1386 1181 1440 1219 (de
1460 1189 1525 1217 qua
1539 1187 1691 1216 supra.n.

208 1246 331 1289 557);
362 1250 422 1276 ex
447 1234 780 1288 significatione
804 1232 991 1287 “ignis”
1013 1246 1092 1272 seu
1113 1230 1314 1284 “ignei,’'
1332 1230 1453 1283 quod
1479 1230 1539 1269 sit
1565 1229 1690 1281 cupi·

207 1296 329 1336 ditas
354 1295 520 1335 amoris
548 1295 615 1334 sui
640 1300 686 1335 et
711 1293 816 1334 inde
842 1293 988 1333 omnis
1014 1291 1121 1331 mali
1152 1302 1207 1339 (de
1226 1310 1291 1338 qua
1309 1310 1414 1338 supra,
1431 1309 1461 1328 n.
1482 1298 1690 1341 504[c-e]);

207 1371 267 1398 ex
298 1355 627 1409 significatione
656 1354 930 1408 “hyacinthi
942 1353 961 1368 '‘
987 1367 1065 1394 seu
1094 1351 1454 1405 “hyacinthini‚'’
1481 1350 1600 1404 quod
1634 1350 1692 1390 sit

206 1418 433 1471 cupiditas
454 1417 623 1457 amoris
645 1416 801 1456 mundi
831 1422 878 1456 et
909 1415 1017 1455 inde
1043 1414 1190 1454 omnis
1220 1413 1322 1453 falsi
1349 1424 1404 1460 (de
1423 1431 1488 1459 qua
1506 1422 1690 1460 sequitur);

206 1485 254 1519 et
285 1493 344 1519 ex
375 1477 704 1531 significatione
734 1475 1025 1529 “sulphuris”
1051 1489 1129 1516 seu
1158 1473 1462 1527 “sulphurei,‘’
1488 1471 1608 1526 quod
1634 1472 1692 1511 sit

203 1541 574 1594 concupiscentia
596 1540 859 1581 destruendi
881 1539 1101 1580 ecclesiae
1127 1538 1247 1578 bona
1273 1544 1320 1577 et
1346 1550 1452 1576 vera
1478 1549 1557 1589 per
1581 1533 1693 1574 falsa

207 1601 314 1642 mali
340 1613 396 1650 (de
410 1612 619 1649 quainfra,n.
639 1602 750 1653 578),
774 1600 844 1640 hic
877 1600 998 1653 quod
1029 1600 1086 1640 sit
1108 1599 1270 1638 falsum
1298 1598 1463 1637 ardens
1485 1610 1545 1637 ex
1575 1595 1692 1635 binis

210 1663 296 1703 illis
327 1663 581 1703 amoribus:
621 1676 679 1702 ex
711 1662 780 1702 his
811 1667 1022 1702 constare
1049 1666 1202 1713 potest
1235 1659 1354 1712 quod
1386 1672 1464 1711 per
1498 1657 1692 1698 “thora-

208 1739 285 1766 ces
311 1726 482 1778 igneos,
513 1724 836 1777 hyacinthinos
868 1730 914 1764 et
947 1722 1214 1775 sulphureos
1230 1721 1249 1735 ‘¹
1281 1720 1592 1773 significentur
1622 1733 1693 1759 ra-

209 1788 528 1830 tiocinationes
572 1793 830 1840 pugnantes
871 1800 930 1826 ex
972 1785 1294 1838 cupiditatibus
1335 1783 1499 1824 amoris
1540 1782 1605 1822 sui
1646 1788 1693 1822 et

208 1850 372 1889 amoris
401 1850 568 1898 mundi,
596 1856 643 1890 et
671 1863 730 1890 ex
756 1848 1026 1889 falsitatibus
1055 1847 1170 1887 inde.
1233 1845 1367 1899 Quod
1397 1844 1692 1898 “hyacinthi-

209 1911 347 1952 num”
372 1912 569 1962 attinet;
602 1911 688 1952 hoc
720 1912 763 1952 in
790 1910 1009 1964 spirituali
1035 1923 1168 1950 sensu
1195 1908 1418 1962 significat
1445 1908 1693 1949 caelestem

208 1987 410 2014 amorem
428 1974 534 2022 veri,
554 1980 602 2014 at
623 1975 667 2013 in
690 1974 901 2026 opposito
919 1985 1052 2012 sensu
1069 1971 1341 2012 diabolicum
1358 1984 1559 2011 amorem
1581 1970 1692 2019 falsi,

209 2043 256 2076 et
289 2050 465 2090 quoque
496 2049 696 2076 amorem
729 2035 908 2085 mundi;
946 2035 1068 2088 quod
1100 2041 1310 2075 constare
1343 2039 1496 2087 potest
1528 2047 1587 2074 ex
1624 2047 1692 2080 eo,

209 2099 330 2152 quod
354 2099 516 2139 coloris
539 2099 748 2139 caelestis
771 2099 843 2145 sit,
870 2104 916 2138 et
942 2111 1020 2150 per
1042 2097 1166 2137 illurn
1193 2097 1393 2137 colorem
1419 2095 1696 2149 significatur

210 2174 363 2202 verum
386 2175 444 2202 ex
464 2162 635 2214 origine
658 2160 858 2208 caelesti,
878 2160 982 2200 inde
1004 2160 1048 2199 in
1070 2160 1281 2213 opposito
1299 2172 1432 2200 sensu
1453 2158 1613 2199 falsum
1635 2172 1695 2199 ex

210 2224 380 2276 origine
415 2224 650 2264 diabolica.
713 2222 899 2264 Colores
936 2222 979 2262 in
1017 2223 1185 2262 mundo
1221 2221 1439 2275 spirituali
1475 2228 1695 2275 apparent

210 2285 482 2335 electissimi,
511 2293 557 2327 et
590 2287 808 2339 originem
841 2299 900 2325 ex
931 2285 1053 2325 bono
1084 2291 1130 2325 et
1153 2298 1259 2325 vero
1285 2285 1484 2335 ducunt;
1521 2284 1696 2325 colores

211 2349 329 2389 enim
356 2349 415 2389 ibi
446 2355 551 2390 sunt
578 2348 938 2389 modificationes
962 2347 1071 2387 lucis
1098 2347 1324 2395 caelestis,
1345 2348 1408 2387 ita
1433 2346 1695 2400 intelligen-

211 2411 302 2451 tiae
328 2417 374 2451 et
401 2412 650 2464 sapientiae
677 2424 790 2463 quae
822 2410 866 2450 in
893 2409 1020 2450 caelo
1046 2409 1164 2462 apud
1190 2409 1392 2462 angelos.
1455 2409 1567 2450 Inde
1598 2415 1695 2450 erat

211 2474 330 2527 quod
354 2473 522 2514 aulaeis
549 2472 848 2514 Tabernaculi
881 2478 926 2512 et
958 2472 1160 2512 vestibus
1187 2472 1416 2512 Aharonis
1442 2473 1697 2513 intertexta

211 2536 374 2576 suerint
410 2535 769 2588 hyacinthinum,
803 2548 1008 2588 purpura,
1041 2541 1088 2575 et
1125 2536 1385 2575 coccineum
1422 2535 1695 2588 dibaphum3

211 2611 316 2639 nam
347 2612 425 2652 per
451 2597 812 2638 Tabernaculum
839 2597 1265 2649 repraesentabatur
1296 2597 1470 2638 caelum
1498 2597 1694 2646 Domini,

211 2674 263 2702 ac
291 2674 368 2714 per
388 2667 540 2701 vestes
563 2659 792 2700 Aharonis
816 2659 1027 2699 Divinum
1050 2659 1220 2700 Verum
1243 2660 1357 2700 caeli
1380 2666 1426 2700 et
1449 2659 1694 2711 ecclesiae;

212 2731 259 2764 et
296 2737 374 2777 per
409 2723 487 2764 illa
523 2737 582 2763 ex
619 2723 776 2776 quibus
809 2722 1170 2763 Tabernaculum
1202 2722 1524 2771 constructum,
1558 2730 1604 2764 et
1636 2737 1695 2764 ex

213 2786 370 2839 quibus
388 2792 538 2827 vestes
558 2785 787 2825 Aharonis
806 2791 1056 2826 contextae
1078 2785 1268 2835 fuerunt,
1289 2788 1694 2840 repraesentaban-

213 2855 285 2889 tur
306 2848 521 2889 caelestia
543 2854 589 2889 et
612 2847 873 2901 spiritualia,
898 2861 1011 2901 quae
1034 2855 1138 2889 sunt
1162 2849 1311 2890 Divini
1335 2850 1446 2890 Boni
1470 2864 1520 2891 ac
1546 2850 1694 2891 Divini

214 2909 336 2951 Veri.
