1962 3334
609 285 715 318 cAP.
738 284 821 326 lx„
843 284 982 317 vens.
1010 283 1180 326 14—N.
1205 272 1370 327 569[b].
1443 287 1450 292 ·
1622 281 1728 323 1423

318 397 489 439 “Pepigit
510 397 676 439 Jehovah
699 407 779 428 cum
804 397 1012 428 Abrabamo
1034 395 1173 432 foedus,
1197 394 1361 431 dicendo,
1385 392 1522 425 Semini
1550 399 1613 424 tuo
1636 392 1730 423 dabo

425 447 558 472 terram
578 441 671 472 hanc
688 450 711 471 a
724 441 836 472 fluvio
852 440 1010 480 Aegypti
1025 448 1137 480 usque
1154 438 1201 470 ad
1219 438 1365 469 fluvium
1382 446 1566 477 magnum,
1582 436 1731 467 fluvium

425 484 643 525 Euphratem
652 483 672 496 '¹
688 484 783 522 (Gen.
798 493 856 515 xv.
875 483 947 523 18):

249 598 330 638 per
349 584 462 626 haec
483 585 529 625 in
545 598 679 626 sensu
699 585 879 625 litterae
901 583 1168 624 describitur
1182 582 1395 623 extensio
1416 588 1564 622 terrae
1582 580 1729 622 Cana-

246 647 358 696 anis,
383 647 464 688 sed
494 648 539 688 in
568 661 702 688 sensu
727 648 906 688 interno
930 646 1198 687 describitur
1221 645 1435 685 extensio
1460 643 1679 684 ecclesiae
1704 658 1730 684 a

246 710 391 763 primo
414 709 507 762 ejus
531 710 726 750 termino
750 709 807 749 ad
833 708 1067 758 ultimum;
1098 708 1267 761 primus
1291 706 1386 759 ejus
1411 707 1631 747 terminus
1657 714 1729 747 est
1786 740 1789 741 γ

248 772 543 813 scientificum
578 772 699 826 quod
739 779 810 813 est
851 770 1068 812 naturalis
1108 770 1318 818 hominis,
1354 769 1472 810 alter
1511 770 1729 810 terminus

245 841 317 875 est
345 834 567 876 rationale
591 834 711 888 quod
737 841 807 874 est
837 833 1155 887 cogitationis:
1197 832 1323 880 illud,
1350 845 1515 885 nempe
1545 832 1729 872 scienti-

245 895 377 938 ficum
397 897 517 950 quod
539 903 610 938 est
635 896 852 937 naturalis
874 896 1083 944 hominis,
1106 894 1384 948 significatur
1409 908 1487 948 per
1511 894 1729 934 “fluvium

246 958 453 1013 Aegypti
464 959 485 975 ”
515 959 694 1010 Nilum;
732 967 778 1000 et
810 958 1033 1000 rationale
1063 959 1184 1012 quod
1214 964 1285 998 est
1316 958 1624 1010 cogitationis,
1650 971 1730 1011 per

247 1021 465 1062 “fluvium
491 1021 739 1075 Assyriae”
770 1021 1081 1075 Euphratem;
1118 1021 1177 1062 ad
1207 1020 1286 1061 illa
1316 1020 1406 1061 duo
1437 1021 1649 1061 extendit
1680 1034 1729 1061 se

245 1083 437 1125 ecclesia
466 1084 723 1138 spiritualis,
751 1098 866 1138 quae
896 1098 976 1138 per
1002 1088 1208 1125 “terram
1240 1083 1533 1126 Canaanem”
1558 1083 1728 1136 signifi-

244 1153 386 1196 catur,
408 1147 614 1188 similiter
634 1161 761 1188 mens
782 1147 1025 1201 spiritualis
1050 1161 1165 1201 quae
1186 1148 1305 1201 apud
1327 1147 1558 1187 hominem
1580 1147 1728 1188 eccle-

245 1210 351 1251 siae.
411 1210 665 1264 Utrumque
697 1217 792 1251 tam
823 1209 1119 1251 scientificum
1150 1224 1286 1264 quam
1317 1209 1540 1251 rationale
1576 1216 1647 1251 est
1683 1211 1729 1250 in

242 1272 436 1313 naturali
460 1272 656 1321 homine,
680 1273 803 1325 cujus
828 1286 940 1313 unus
965 1272 1064 1313 finis
1085 1279 1156 1314 est
1178 1272 1474 1314 scientificum
1496 1279 1543 1313 et
1569 1274 1728 1325 cogni-

243 1334 399 1383 tivum,
422 1341 470 1375 et
494 1335 611 1376 alter
635 1334 734 1375 finis
760 1342 830 1376 est
855 1336 1114 1376 intuitivum
1139 1343 1186 1376 et
1212 1337 1541 1389 cogitativum;
1573 1336 1618 1375 in
1643 1335 1728 1376 hos

242 1395 353 1438 fines
378 1397 520 1438 influit
546 1397 684 1438 homo
709 1398 952 1451 spiritualis
977 1399 1085 1439 dum
1112 1399 1158 1439 in
1188 1399 1419 1439 hominem
1445 1398 1726 1449 naturalem;

242 1458 498 1513 conjunctio
529 1460 712 1501 Domini
747 1474 826 1514 per
861 1461 939 1501 illa
974 1474 1077 1501 cum
1112 1461 1305 1502 ecclesia
1334 1461 1614 1516 significatur
1649 1475 1728 1514 per

244 1521 469 1562 “foedus'’
504 1523 625 1576 quod
663 1523 870 1576 Jehovah
906 1525 1080 1577 pepigit
1120 1537 1222 1564 cum
1260 1522 1576 1564 [¹¹Abrahamo.
1636 1523 1727 1565 Sed

242 1585 355 1626 haec
385 1598 464 1638 per
493 1585 571 1626 illa
599 1586 738 1626 verba
769 1585 1080 1639 significantur
1114 1587 1159 1627 in
1190 1600 1324 1627 sensu
1354 1587 1560 1637 interno;
1602 1593 1651 1627 at
1682 1587 1728 1626 in

243 1660 377 1688 sensu
401 1661 609 1700 supremo
634 1661 712 1700 per
740 1648 817 1688 illa
841 1648 1112 1701 intelligitur
1137 1650 1241 1690 unio
1268 1649 1459 1689 Divinae
1485 1648 1727 1690 Essentiae

243 1722 345 1750 cum
371 1709 583 1750 Humana
610 1710 818 1760 Domini;
857 1712 1104 1751 secundum
1135 1711 1261 1752 illum
1287 1724 1469 1751 sensum
1494 1711 1727 1764 explicata

243 1775 349 1810 sunt
372 1769 452 1810 illa
466 1770 607 1810 verba
630 1771 674 1810 in
694 1771 898 1811 Arcanis
918 1771 1198 1813 caelestibus
1215 1783 1261 1820 (n.
1279 1781 1524 1821 1863-1231866).
1583 1772 1726 1825 Apud

243 1830 527 1880 Sachariam,

308 1927 526 1959 “Dominari
552 1926 671 1967 Ipsius
687 1938 710 1959 a
733 1928 824 1958 mari
840 1938 953 1968 usque
972 1929 1017 1960 ad
1035 1939 1143 1967 mare,
1160 1935 1197 1961 et
1219 1939 1242 1961 a
1264 1929 1412 1961 flumine
1431 1939 1543 1971 usque
1567 1930 1613 1962 ad
1636 1930 1727 1962 fines

413 1977 529 2002 terrae
541 1970 560 1982 ’'
573 1971 631 2011 (ix.
647 1979 708 2010 10;
732 1971 897 2002 similiter
912 1972 1006 2012 apud
1023 1972 1204 2011 Davidem,
1223 1973 1281 2004 Ps.
1297 1973 1395 2004 lxxii.
1412 1974 1466 2013 8);

240 2082 355 2122 quae
384 2067 505 2109 dicta
535 2075 641 2109 sunt
672 2069 728 2109 de
761 2068 973 2117 Domino,
1006 2083 1058 2110 ac
1095 2070 1154 2111 de
1185 2070 1330 2124 Ipsius
1361 2071 1562 2112 dominio
1594 2085 1727 2125 super

241 2130 416 2171 caelum
451 2137 498 2171 et
535 2137 730 2181 terram;
772 2144 823 2171 ac
855 2145 935 2184 per
962 2131 1247 2172 “dominium
1284 2146 1311 2172 a
1347 2134 1458 2174 mari
1493 2147 1632 2187 usque
1668 2135 1726 2174 ad

242 2205 364 2234 mare
374 2193 395 2208 ”
415 2192 693 2246 significatur
715 2195 927 2234 extensio
952 2195 1239 2242 naturalium,
1262 2202 1309 2236 et
1335 2209 1414 2249 per
1438 2197 1723 2237 “dominium

242 2268 269 2295 a
293 2254 472 2296 flumine
498 2269 636 2308 usque
667 2256 724 2296 ad
756 2255 866 2296 fines
897 2263 1044 2296 terrae
1056 2256 1076 2271 ”
1101 2256 1380 2310 significatur
1409 2259 1624 2299 extensio
1653 2273 1725 2299 ra-

240 2315 479 2356 tionalium
503 2322 550 2356 et
572 2317 873 2369 spiritualium
899 2328 1168 2364 (xffdaenuetiam
1186 2337 1296 2366 supra,
1311 2338 1342 2359 n.
1366 2320 1526 2371 518[c]).
1584 2319 1724 2373 Apud

238 2376 407 2426 Mosen,

305 2471 482 2504 “Terram
506 2472 690 2504 cananaei
715 2480 750 2504 et
775 2473 951 2504 Libanum
979 2483 1092 2514 usque
1119 2474 1164 2506 ad
1192 2474 1340 2506 fluvium
1370 2485 1552 2516 magnum,
1577 2476 1723 2507 fluvium

413 2515 641 2556 Euphratem,
659 2517 750 2554 vide,
767 2517 847 2547 dedi
868 2527 988 2548 coram
1009 2518 1113 2550 vobis
1131 2524 1276 2557 terram,
1297 2519 1428 2551 intrate
1448 2526 1483 2551 et
1506 2520 1725 2552 hereditario

411 2559 596 2599 possidete
612 2559 739 2590 illam”
753 2560 887 2598 (Deutr.
906 2560 927 2591 i.
946 2568 975 2599 7,
993 2561 1025 2601 8)
1040 2570 1048 2598 ;

240 2641 360 2694 apud
390 2641 598 2691 eundem,

307 2716 465 2749 “Omnis
483 2718 583 2749 locus
606 2728 710 2759 quem
736 2719 886 2750 calcabit
914 2719 1038 2759 planta
1060 2721 1162 2760 pedis
1182 2722 1291 2753 vestri
1315 2722 1420 2754 vobis
1442 2722 1519 2761 erit,
1538 2732 1561 2754 a
1579 2723 1723 2755 deserto

412 2767 448 2792 et
464 2760 613 2798 Libano,
630 2771 652 2792 a
675 2762 795 2799 fluvio,
813 2762 921 2793 fluvio
942 2762 1131 2803 Euphrate,
1144 2771 1180 2796 et
1198 2774 1308 2806 usque
1324 2766 1369 2797 ad
1386 2776 1484 2798 mare
1498 2772 1720 2807 postremum

413 2804 482 2835 erit
497 2805 671 2836 terminus
688 2805 834 2836 vester”
852 2806 986 2844 (Deutr.
999 2807 1045 2838 xi.
1062 2808 1138 2846 24);

237 2891 285 2927 et
310 2886 429 2939 apud
455 2886 660 2936 Josuam,
