<?xml version="1.0" encoding="UTF-8"?>
<!DOCTYPE html PUBLIC "-//W3C//DTD XHTML 1.0 Transitional//EN"
    "http://www.w3.org/TR/xhtml1/DTD/xhtml1-transitional.dtd">
<html xmlns="http://www.w3.org/1999/xhtml" xml:lang="en" lang="en">
 <head>
  <title>
</title>
<meta http-equiv="Content-Type" content="text/html;charset=utf-8" />
  <meta name='ocr-system' content='tesseract 3.04.00' />
  <meta name='ocr-capabilities' content='ocr_page ocr_carea ocr_par ocr_line ocrx_word'/>
</head>
<body>
  <div class='ocr_page' id='page_1' title='image "apocalypsisexpli03sweduoft_0518.png"; bbox 0 0 1962 3334; ppageno 0'>
   <div class='ocr_carea' id='block_1_1' title="bbox 307 248 1376 300">
    <p class='ocr_par' dir='ltr' id='par_1_1' title="bbox 307 248 1376 300">
     <span class='ocr_line' id='line_1_1' title="bbox 307 248 1376 300; baseline 0.002 -13"><span class='ocrx_word' id='word_1_1' title='bbox 307 258 321 287; x_wconf 91' lang='lat'>1</span> <span class='ocrx_word' id='word_1_2' title='bbox 331 248 409 300; x_wconf 86' lang='lat'>832</span> <span class='ocrx_word' id='word_1_3' title='bbox 723 257 1050 290; x_wconf 78' lang='lat' dir='ltr'>APOCALYPSIS</span> <span class='ocrx_word' id='word_1_4' title='bbox 1082 257 1376 290; x_wconf 83' lang='lat' dir='ltr'><strong>EXPLICATA.</strong></span> 
     </span>
    </p>
   </div>
   <div class='ocr_carea' id='block_1_2' title="bbox 301 369 1791 568">
    <p class='ocr_par' dir='ltr' id='par_1_2' title="bbox 301 369 1791 568">
     <span class='ocr_line' id='line_1_2' title="bbox 301 369 1790 424; baseline 0.001 -14"><span class='ocrx_word' id='word_1_5' title='bbox 301 369 491 422; x_wconf 85' lang='lat' dir='ltr'>amplius</span> <span class='ocrx_word' id='word_1_6' title='bbox 514 370 747 423; x_wconf 85' lang='lat' dir='ltr'>imperium</span> <span class='ocrx_word' id='word_1_7' title='bbox 771 370 870 419; x_wconf 89' lang='lat' dir='ltr'>illis,</span> <span class='ocrx_word' id='word_1_8' title='bbox 896 370 998 424; x_wconf 91' lang='lat' dir='ltr'>quia</span> <span class='ocrx_word' id='word_1_9' title='bbox 1024 371 1253 412; x_wconf 85' lang='lat' dir='ltr'>subversio</span> <span class='ocrx_word' id='word_1_10' title='bbox 1281 377 1327 412; x_wconf 92' lang='lat' dir='ltr'>et</span> <span class='ocrx_word' id='word_1_11' title='bbox 1350 371 1583 412; x_wconf 87' lang='lat' dir='ltr'>damnatio</span> <span class='ocrx_word' id='word_1_12' title='bbox 1609 370 1694 412; x_wconf 88' lang='lat' dir='ltr'>illis</span> <span class='ocrx_word' id='word_1_13' title='bbox 1720 371 1790 412; x_wconf 92' lang='lat' dir='ltr'>die</span> 
     </span>
     <span class='ocr_line' id='line_1_3' title="bbox 301 431 1693 485; baseline 0.002 -15"><span class='ocrx_word' id='word_1_14' title='bbox 301 431 450 471; x_wconf 75' lang='lat' dir='ltr'>Ultimi</span> <span class='ocrx_word' id='word_1_15' title='bbox 469 431 623 483; x_wconf 75' lang='lat' dir='ltr'>judicu</span> <span class='ocrx_word' id='word_1_16' title='bbox 647 442 701 479; x_wconf 91' lang='lat' dir='ltr'>(de</span> <span class='ocrx_word' id='word_1_17' title='bbox 717 451 782 479; x_wconf 89' lang='lat' dir='ltr'>quo</span> <span class='ocrx_word' id='word_1_18' title='bbox 798 443 892 471; x_wconf 86' lang='lat' dir='ltr'>etiam</span> <span class='ocrx_word' id='word_1_19' title='bbox 908 443 939 471; x_wconf 92' lang='lat' dir='ltr'>in</span> <span class='ocrx_word' id='word_1_20' title='bbox 955 451 994 472; x_wconf 91' lang='lat' dir='ltr'>eo</span> <span class='ocrx_word' id='word_1_21' title='bbox 1010 443 1112 480; x_wconf 85' lang='lat' dir='ltr'>capite</span> <span class='ocrx_word' id='word_1_22' title='bbox 1127 443 1258 481; x_wconf 87' lang='lat' dir='ltr'>agitur).</span> <span class='ocrx_word' id='word_1_23' title='bbox 1317 432 1457 485; x_wconf 82' lang='lat' dir='ltr'>Apud</span> <span class='ocrx_word' id='word_1_24' title='bbox 1482 433 1693 481; x_wconf 76' lang='lat' dir='ltr'>eundem,</span> 
     </span>
     <span class='ocr_line' id='line_1_4' title="bbox 368 525 1791 568; baseline 0.001 -11"><span class='ocrx_word' id='word_1_25' title='bbox 368 527 387 539; x_wconf 80' lang='lat'>⁴⁴</span> <span class='ocrx_word' id='word_1_26' title='bbox 398 525 453 557; x_wconf 93' lang='lat' dir='ltr'>Tu</span> <span class='ocrx_word' id='word_1_27' title='bbox 470 526 588 557; x_wconf 83' lang='lat' dir='ltr'>dixisti</span> <span class='ocrx_word' id='word_1_28' title='bbox 606 527 712 558; x_wconf 92' lang='lat' dir='ltr'>corde</span> <span class='ocrx_word' id='word_1_29' title='bbox 730 533 801 564; x_wconf 87' lang='lat' dir='ltr'>tuo,</span> <span class='ocrx_word' id='word_1_30' title='bbox 818 526 946 558; x_wconf 81' lang='lat' dir='ltr'>Caelos</span> <span class='ocrx_word' id='word_1_31' title='bbox 963 528 1165 565; x_wconf 90' lang='lat' dir='ltr'>ascendam,</span> <span class='ocrx_word' id='word_1_32' title='bbox 1181 537 1287 568; x_wconf 91' lang='lat' dir='ltr'>super</span> <span class='ocrx_word' id='word_1_33' title='bbox 1301 527 1422 558; x_wconf 85' lang='lat' dir='ltr'>stellas</span> <span class='ocrx_word' id='word_1_34' title='bbox 1439 527 1504 558; x_wconf 91' lang='lat' dir='ltr'>Dei</span> <span class='ocrx_word' id='word_1_35' title='bbox 1519 527 1684 558; x_wconf 84' lang='lat' dir='ltr'>exaltabo</span> <span class='ocrx_word' id='word_1_36' title='bbox 1698 528 1791 559; x_wconf 84' lang='lat' dir='ltr'>thro-</span> 
     </span>
    </p>
   </div>
   <div class='ocr_carea' id='block_1_3' title="bbox 473 571 1793 653">
    <p class='ocr_par' dir='ltr' id='par_1_3' title="bbox 473 571 1793 653">
     <span class='ocr_line' id='line_1_5' title="bbox 476 571 1793 624; baseline 0.002 -24"><span class='ocrx_word' id='word_1_37' title='bbox 476 579 560 624; x_wconf 58' lang='lat' dir='ltr'>nurn</span> <span class='ocrx_word' id='word_1_38' title='bbox 579 580 707 608; x_wconf 82' lang='lat' dir='ltr'>meum,</span> <span class='ocrx_word' id='word_1_39' title='bbox 722 576 757 601; x_wconf 84' lang='lat' dir='ltr'>et</span> <span class='ocrx_word' id='word_1_40' title='bbox 775 571 906 602; x_wconf 82' lang='lat' dir='ltr'>sedebo</span> <span class='ocrx_word' id='word_1_41' title='bbox 924 571 959 602; x_wconf 88' lang='lat' dir='ltr'>in</span> <span class='ocrx_word' id='word_1_42' title='bbox 978 577 1099 602; x_wconf 89' lang='lat' dir='ltr'>monte</span> <span class='ocrx_word' id='word_1_43' title='bbox 1117 578 1325 609; x_wconf 88' lang='lat' dir='ltr'>conventus,</span> <span class='ocrx_word' id='word_1_44' title='bbox 1341 571 1377 602; x_wconf 92' lang='lat' dir='ltr'>in</span> <span class='ocrx_word' id='word_1_45' title='bbox 1395 571 1563 602; x_wconf 88' lang='lat' dir='ltr'>lateribus</span> <span class='ocrx_word' id='word_1_46' title='bbox 1580 571 1793 612; x_wconf 80' lang='lat' dir='ltr'>septentrio-</span> 
     </span>
     <span class='ocr_line' id='line_1_6' title="bbox 473 613 749 653; baseline 0.004 -9"><span class='ocrx_word' id='word_1_47' title='bbox 473 613 529 644; x_wconf 90' lang='lat' dir='ltr'>nis</span> <span class='ocrx_word' id='word_1_48' title='bbox 575 614 657 653; x_wconf 89' lang='lat' dir='ltr'>(xiv.</span> <span class='ocrx_word' id='word_1_49' title='bbox 678 615 749 652; x_wconf 87' lang='lat'>13):</span> 
     </span>
    </p>
   </div>
   <div class='ocr_carea' id='block_1_4' title="bbox 300 706 1792 1138">
    <p class='ocr_par' dir='ltr' id='par_1_4' title="bbox 300 706 1792 1138">
     <span class='ocr_line' id='line_1_7' title="bbox 300 706 1791 760; baseline 0.001 -14"><span class='ocrx_word' id='word_1_50' title='bbox 300 706 437 747; x_wconf 86' lang='lat' dir='ltr'>etiam</span> <span class='ocrx_word' id='word_1_51' title='bbox 463 706 573 747; x_wconf 84' lang='lat' dir='ltr'>haec</span> <span class='ocrx_word' id='word_1_52' title='bbox 598 707 653 747; x_wconf 93' lang='lat' dir='ltr'>de</span> <span class='ocrx_word' id='word_1_53' title='bbox 681 707 862 755; x_wconf 86' lang='lat' dir='ltr'>Babele,</span> <span class='ocrx_word' id='word_1_54' title='bbox 888 721 1000 760; x_wconf 90' lang='lat' dir='ltr'>quae</span> <span class='ocrx_word' id='word_1_55' title='bbox 1027 707 1085 747; x_wconf 92' lang='lat' dir='ltr'>ibi</span> <span class='ocrx_word' id='word_1_56' title='bbox 1108 713 1296 748; x_wconf 86' lang='lat' dir='ltr'>vocatur</span> <span class='ocrx_word' id='word_1_57' title='bbox 1320 707 1576 757; x_wconf 84' lang='lat' dir='ltr'>“Lucifer,&#39;&#39;</span> <span class='ocrx_word' id='word_1_58' title='bbox 1597 714 1644 749; x_wconf 88' lang='lat' dir='ltr'>et</span> <span class='ocrx_word' id='word_1_59' title='bbox 1671 706 1791 748; x_wconf 60' lang='lat' dir='ltr'>dicta</span> 
     </span>
     <span class='ocr_line' id='line_1_8' title="bbox 300 770 1788 823; baseline 0.001 -14"><span class='ocrx_word' id='word_1_60' title='bbox 300 776 404 810; x_wconf 87' lang='lat' dir='ltr'>sunt</span> <span class='ocrx_word' id='word_1_61' title='bbox 450 770 506 810; x_wconf 90' lang='lat' dir='ltr'>de</span> <span class='ocrx_word' id='word_1_62' title='bbox 556 770 647 822; x_wconf 92' lang='lat' dir='ltr'>ejus</span> <span class='ocrx_word' id='word_1_63' title='bbox 693 770 863 822; x_wconf 85' lang='lat' dir='ltr'>profani</span> <span class='ocrx_word' id='word_1_64' title='bbox 908 771 1072 811; x_wconf 87' lang='lat' dir='ltr'>amoris</span> <span class='ocrx_word' id='word_1_65' title='bbox 1117 771 1484 823; x_wconf 87' lang='lat' dir='ltr'>concupiscentia</span> <span class='ocrx_word' id='word_1_66' title='bbox 1529 771 1788 811; x_wconf 86' lang='lat' dir='ltr'>dominandi</span> 
     </span>
     <span class='ocr_line' id='line_1_9' title="bbox 300 832 1792 886; baseline 0.001 -14"><span class='ocrx_word' id='word_1_67' title='bbox 300 845 432 884; x_wconf 87' lang='lat' dir='ltr'>super</span> <span class='ocrx_word' id='word_1_68' title='bbox 463 833 612 872; x_wconf 88' lang='lat' dir='ltr'>omnia</span> <span class='ocrx_word' id='word_1_69' title='bbox 644 833 780 873; x_wconf 89' lang='lat' dir='ltr'>caeli:</span> <span class='ocrx_word' id='word_1_70' title='bbox 825 833 930 886; x_wconf 91' lang='lat' dir='ltr'>quid</span> <span class='ocrx_word' id='word_1_71' title='bbox 968 841 1119 873; x_wconf 88' lang='lat' dir='ltr'>autem</span> <span class='ocrx_word' id='word_1_72' title='bbox 1157 834 1199 873; x_wconf 91' lang='lat' dir='ltr'>in</span> <span class='ocrx_word' id='word_1_73' title='bbox 1233 834 1381 885; x_wconf 89' lang='lat' dir='ltr'>specie</span> <span class='ocrx_word' id='word_1_74' title='bbox 1413 832 1681 886; x_wconf 84' lang='lat' dir='ltr'>intelligitur</span> <span class='ocrx_word' id='word_1_75' title='bbox 1713 846 1792 886; x_wconf 87' lang='lat' dir='ltr'>per</span> 
     </span>
     <span class='ocr_line' id='line_1_10' title="bbox 305 895 1787 950; baseline 0.001 -15"><span class='ocrx_word' id='word_1_76' title='bbox 305 895 548 936; x_wconf 88' lang='lat' dir='ltr'>“exaltare</span> <span class='ocrx_word' id='word_1_77' title='bbox 581 896 794 936; x_wconf 86' lang='lat' dir='ltr'>thronum</span> <span class='ocrx_word' id='word_1_78' title='bbox 826 910 958 948; x_wconf 91' lang='lat' dir='ltr'>super</span> <span class='ocrx_word' id='word_1_79' title='bbox 989 896 1145 937; x_wconf 89' lang='lat' dir='ltr'>stellas</span> <span class='ocrx_word' id='word_1_80' title='bbox 1174 896 1297 944; x_wconf 87' lang='lat' dir='ltr'>Dei‚”</span> <span class='ocrx_word' id='word_1_81' title='bbox 1323 910 1487 950; x_wconf 88' lang='lat' dir='ltr'><strong>perque</strong></span> <span class='ocrx_word' id='word_1_82' title='bbox 1517 897 1712 937; x_wconf 90' lang='lat' dir='ltr'>“sedere</span> <span class='ocrx_word' id='word_1_83' title='bbox 1744 898 1787 937; x_wconf 90' lang='lat' dir='ltr'>in</span> 
     </span>
     <span class='ocr_line' id='line_1_11' title="bbox 302 959 1790 1011; baseline 0.001 -13"><span class='ocrx_word' id='word_1_84' title='bbox 302 966 457 999; x_wconf 90' lang='lat' dir='ltr'>monte</span> <span class='ocrx_word' id='word_1_85' title='bbox 495 966 758 1007; x_wconf 88' lang='lat' dir='ltr'>conventus,</span> <span class='ocrx_word' id='word_1_86' title='bbox 798 965 844 999; x_wconf 89' lang='lat' dir='ltr'>et</span> <span class='ocrx_word' id='word_1_87' title='bbox 885 960 928 999; x_wconf 91' lang='lat' dir='ltr'>in</span> <span class='ocrx_word' id='word_1_88' title='bbox 967 959 1182 999; x_wconf 88' lang='lat' dir='ltr'>lateribus</span> <span class='ocrx_word' id='word_1_89' title='bbox 1220 959 1580 1011; x_wconf 86' lang='lat' dir='ltr'>septentrionis‚&#39;&#39;</span> <span class='ocrx_word' id='word_1_90' title='bbox 1617 959 1790 1000; x_wconf 88' lang='lat' dir='ltr'>dicetur</span> 
     </span>
     <span class='ocr_line' id='line_1_12' title="bbox 301 1021 1790 1074; baseline 0.001 -13"><span class='ocrx_word' id='word_1_91' title='bbox 301 1022 345 1061; x_wconf 90' lang='lat' dir='ltr'>in</span> <span class='ocrx_word' id='word_1_92' title='bbox 377 1021 682 1074; x_wconf 89' lang='lat' dir='ltr'>sequentibus,</span> <span class='ocrx_word' id='word_1_93' title='bbox 718 1022 791 1061; x_wconf 90' lang='lat' dir='ltr'>ubi</span> <span class='ocrx_word' id='word_1_94' title='bbox 822 1022 878 1062; x_wconf 92' lang='lat' dir='ltr'>de</span> <span class='ocrx_word' id='word_1_95' title='bbox 912 1021 1164 1074; x_wconf 90' lang='lat' dir='ltr'>Babylonia</span> <span class='ocrx_word' id='word_1_96' title='bbox 1194 1022 1422 1074; x_wconf 86' lang='lat' dir='ltr'>agendum</span> <span class='ocrx_word' id='word_1_97' title='bbox 1454 1029 1553 1072; x_wconf 90' lang='lat' dir='ltr'>est;</span> <span class='ocrx_word' id='word_1_98' title='bbox 1590 1022 1650 1062; x_wconf 90' lang='lat' dir='ltr'>ibi</span> <span class='ocrx_word' id='word_1_99' title='bbox 1679 1026 1790 1063; x_wconf 84' lang='lat' dir='ltr'>“se-</span> 
     </span>
     <span class='ocr_line' id='line_1_13' title="bbox 300 1083 1791 1138; baseline 0.001 -14"><span class='ocrx_word' id='word_1_100' title='bbox 300 1084 404 1124; x_wconf 89' lang='lat' dir='ltr'>dere</span> <span class='ocrx_word' id='word_1_101' title='bbox 418 1084 436 1098; x_wconf 91' lang='lat'>”</span> <span class='ocrx_word' id='word_1_102' title='bbox 468 1085 605 1124; x_wconf 90' lang='lat' dir='ltr'>etiam</span> <span class='ocrx_word' id='word_1_103' title='bbox 643 1084 866 1137; x_wconf 87' lang='lat' dir='ltr'>significat</span> <span class='ocrx_word' id='word_1_104' title='bbox 904 1099 1016 1133; x_wconf 88' lang='lat' dir='ltr'>esse,</span> <span class='ocrx_word' id='word_1_105' title='bbox 1051 1091 1097 1125; x_wconf 90' lang='lat' dir='ltr'>et</span> <span class='ocrx_word' id='word_1_106' title='bbox 1134 1083 1310 1137; x_wconf 63' lang='lat' dir='ltr'>spectat</span> <span class='ocrx_word' id='word_1_107' title='bbox 1342 1085 1592 1137; x_wconf 85' lang='lat' dir='ltr'>imperium.</span> <span class='ocrx_word' id='word_1_108' title='bbox 1653 1085 1791 1138; x_wconf 91' lang='lat' dir='ltr'>Apud</span> 
     </span>
    </p>
   </div>
   <div class='ocr_carea' id='block_1_5' title="bbox 230 1146 580 1196">
    <p class='ocr_par' dir='ltr' id='par_1_5' title="bbox 230 1146 580 1196">
     <span class='ocr_line' id='line_1_14' title="bbox 230 1146 580 1196; baseline 0 -9"><span class='ocrx_word' id='word_1_109' title='bbox 230 1156 239 1165; x_wconf 91' lang='grc'><em>·</em></span> <span class='ocrx_word' id='word_1_110' title='bbox 298 1146 580 1196; x_wconf 65' lang='lat' dir='ltr'>Ezechielem,</span> 
     </span>
    </p>
   </div>
   <div class='ocr_carea' id='block_1_6' title="bbox 369 1243 1794 1327">
    <p class='ocr_par' dir='ltr' id='par_1_6' title="bbox 369 1243 1794 1327">
     <span class='ocr_line' id='line_1_15' title="bbox 369 1243 1794 1285; baseline 0.001 -11"><span class='ocrx_word' id='word_1_111' title='bbox 369 1244 386 1257; x_wconf 80' lang='lat'>‘⁶</span> <span class='ocrx_word' id='word_1_112' title='bbox 399 1243 626 1274; x_wconf 74' lang='lat' dir='ltr'>Descenderit</span> <span class='ocrx_word' id='word_1_113' title='bbox 641 1244 793 1283; x_wconf 87' lang='lat' dir='ltr'>desuper</span> <span class='ocrx_word' id='word_1_114' title='bbox 806 1244 944 1275; x_wconf 85' lang='lat' dir='ltr'>thronis</span> <span class='ocrx_word' id='word_1_115' title='bbox 959 1243 1032 1274; x_wconf 90' lang='lat' dir='ltr'>suis</span> <span class='ocrx_word' id='word_1_116' title='bbox 1045 1253 1171 1274; x_wconf 89' lang='lat' dir='ltr'>omnes</span> <span class='ocrx_word' id='word_1_117' title='bbox 1184 1243 1361 1283; x_wconf 85' lang='lat' dir='ltr'>principes</span> <span class='ocrx_word' id='word_1_118' title='bbox 1376 1244 1510 1282; x_wconf 64' lang='lat' dir='ltr'>maris„</span> <span class='ocrx_word' id='word_1_119' title='bbox 1526 1269 1533 1275; x_wconf 95' lang='lat'>.</span> <span class='ocrx_word' id='word_1_120' title='bbox 1547 1268 1554 1276; x_wconf 92' lang='lat'><strong>.</strong></span> <span class='ocrx_word' id='word_1_121' title='bbox 1569 1254 1691 1285; x_wconf 88' lang='lat' dir='ltr'>.super</span> <span class='ocrx_word' id='word_1_122' title='bbox 1699 1251 1794 1276; x_wconf 87' lang='lat' dir='ltr'>terra</span> 
     </span>
     <span class='ocr_line' id='line_1_16' title="bbox 477 1287 895 1327; baseline 0 -9"><span class='ocrx_word' id='word_1_123' title='bbox 477 1287 679 1318; x_wconf 84' lang='lat' dir='ltr'>sedebunt&#39;¹</span> <span class='ocrx_word' id='word_1_124' title='bbox 697 1287 802 1327; x_wconf 78' lang='lat' dir='ltr'>(xxvi.</span> <span class='ocrx_word' id='word_1_125' title='bbox 823 1288 895 1326; x_wconf 86' lang='lat'>16):</span> 
     </span>
    </p>
   </div>
   <div class='ocr_carea' id='block_1_7' title="bbox 286 1373 1791 2247">
    <p class='ocr_par' dir='ltr' id='par_1_7' title="bbox 286 1373 1791 2247">
     <span class='ocr_line' id='line_1_17' title="bbox 301 1373 1788 1429; baseline 0.001 -14"><span class='ocrx_word' id='word_1_126' title='bbox 301 1375 362 1415; x_wconf 92' lang='lat' dir='ltr'>ibi</span> <span class='ocrx_word' id='word_1_127' title='bbox 393 1375 448 1415; x_wconf 92' lang='lat' dir='ltr'>de</span> <span class='ocrx_word' id='word_1_128' title='bbox 480 1374 618 1427; x_wconf 91' lang='lat' dir='ltr'>Tyro,</span> <span class='ocrx_word' id='word_1_129' title='bbox 648 1388 725 1427; x_wconf 87' lang='lat' dir='ltr'>per</span> <span class='ocrx_word' id='word_1_130' title='bbox 756 1388 889 1428; x_wconf 87' lang='lat' dir='ltr'>quam</span> <span class='ocrx_word' id='word_1_131' title='bbox 921 1373 1197 1427; x_wconf 85' lang='lat' dir='ltr'>significatur</span> <span class='ocrx_word' id='word_1_132' title='bbox 1228 1375 1418 1415; x_wconf 85' lang='lat' dir='ltr'>ecclesia</span> <span class='ocrx_word' id='word_1_133' title='bbox 1450 1375 1597 1428; x_wconf 89' lang='lat' dir='ltr'>quoad</span> <span class='ocrx_word' id='word_1_134' title='bbox 1632 1376 1788 1429; x_wconf 87' lang='lat' dir='ltr'>cogni-</span> 
     </span>
     <span class='ocr_line' id='line_1_18' title="bbox 299 1438 1790 1491; baseline 0.001 -13"><span class='ocrx_word' id='word_1_135' title='bbox 299 1439 447 1478; x_wconf 85' lang='lat' dir='ltr'>tiones</span> <span class='ocrx_word' id='word_1_136' title='bbox 473 1439 591 1487; x_wconf 88' lang='lat' dir='ltr'>veri;</span> <span class='ocrx_word' id='word_1_137' title='bbox 624 1438 693 1478; x_wconf 86' lang='lat' dir='ltr'>hic</span> <span class='ocrx_word' id='word_1_138' title='bbox 721 1438 879 1478; x_wconf 85' lang='lat' dir='ltr'>eadem</span> <span class='ocrx_word' id='word_1_139' title='bbox 903 1444 1095 1485; x_wconf 88' lang='lat' dir='ltr'>vastata,</span> <span class='ocrx_word' id='word_1_140' title='bbox 1122 1438 1164 1477; x_wconf 92' lang='lat' dir='ltr'>in</span> <span class='ocrx_word' id='word_1_141' title='bbox 1192 1451 1278 1491; x_wconf 89' lang='lat' dir='ltr'>qua</span> <span class='ocrx_word' id='word_1_142' title='bbox 1303 1445 1410 1478; x_wconf 92' lang='lat' dir='ltr'>tunc</span> <span class='ocrx_word' id='word_1_143' title='bbox 1438 1438 1540 1478; x_wconf 87' lang='lat' dir='ltr'>illae</span> <span class='ocrx_word' id='word_1_144' title='bbox 1566 1439 1790 1491; x_wconf 88' lang='lat' dir='ltr'>cognitio-</span> 
     </span>
     <span class='ocr_line' id='line_1_19' title="bbox 304 1500 1791 1553; baseline 0 -13"><span class='ocrx_word' id='word_1_145' title='bbox 304 1514 382 1541; x_wconf 89' lang='lat' dir='ltr'>nes</span> <span class='ocrx_word' id='word_1_146' title='bbox 414 1500 673 1541; x_wconf 87' lang='lat' dir='ltr'>falsificatae</span> <span class='ocrx_word' id='word_1_147' title='bbox 711 1507 840 1540; x_wconf 90' lang='lat' dir='ltr'>sunt:</span> <span class='ocrx_word' id='word_1_148' title='bbox 884 1514 1019 1553; x_wconf 84' lang='lat' dir='ltr'>quare</span> <span class='ocrx_word' id='word_1_149' title='bbox 1059 1513 1137 1552; x_wconf 88' lang='lat' dir='ltr'>per</span> <span class='ocrx_word' id='word_1_150' title='bbox 1178 1500 1488 1540; x_wconf 86' lang='lat' dir='ltr'>“descendere</span> <span class='ocrx_word' id='word_1_151' title='bbox 1525 1500 1581 1540; x_wconf 92' lang='lat' dir='ltr'>de</span> <span class='ocrx_word' id='word_1_152' title='bbox 1618 1501 1791 1541; x_wconf 86' lang='lat' dir='ltr'>thronis</span> 
     </span>
     <span class='ocr_line' id='line_1_20' title="bbox 301 1562 1787 1616; baseline 0 -13"><span class='ocrx_word' id='word_1_153' title='bbox 301 1577 458 1603; x_wconf 89' lang='lat' dir='ltr'>omnes</span> <span class='ocrx_word' id='word_1_154' title='bbox 499 1564 720 1616; x_wconf 83' lang='lat' dir='ltr'>principes</span> <span class='ocrx_word' id='word_1_155' title='bbox 768 1563 931 1603; x_wconf 89' lang='lat' dir='ltr'>maris”</span> <span class='ocrx_word' id='word_1_156' title='bbox 977 1562 1252 1616; x_wconf 80' lang='lat' dir='ltr'>significatur</span> <span class='ocrx_word' id='word_1_157' title='bbox 1296 1563 1416 1616; x_wconf 91' lang='lat' dir='ltr'>quod</span> <span class='ocrx_word' id='word_1_158' title='bbox 1462 1576 1552 1603; x_wconf 90' lang='lat' dir='ltr'>non</span> <span class='ocrx_word' id='word_1_159' title='bbox 1597 1563 1787 1615; x_wconf 90' lang='lat' dir='ltr'>amplius</span> 
     </span>
     <span class='ocr_line' id='line_1_21' title="bbox 302 1626 1785 1679; baseline 0 -13"><span class='ocrx_word' id='word_1_160' title='bbox 302 1627 585 1679; x_wconf 87' lang='lat' dir='ltr'>cognitiones</span> <span class='ocrx_word' id='word_1_161' title='bbox 617 1627 708 1666; x_wconf 88' lang='lat' dir='ltr'>veri</span> <span class='ocrx_word' id='word_1_162' title='bbox 740 1626 857 1678; x_wconf 90' lang='lat' dir='ltr'>apud</span> <span class='ocrx_word' id='word_1_163' title='bbox 890 1626 1093 1666; x_wconf 88' lang='lat' dir='ltr'>homines</span> <span class='ocrx_word' id='word_1_164' title='bbox 1126 1626 1241 1665; x_wconf 92' lang='lat' dir='ltr'>illius</span> <span class='ocrx_word' id='word_1_165' title='bbox 1272 1626 1489 1666; x_wconf 89' lang='lat' dir='ltr'>ecclesiae</span> <span class='ocrx_word' id='word_1_166' title='bbox 1515 1634 1785 1679; x_wconf 83' lang='lat' dir='ltr'>regnaturae</span> 
     </span>
     <span class='ocr_line' id='line_1_22' title="bbox 300 1688 1789 1741; baseline 0.001 -13"><span class='ocrx_word' id='word_1_167' title='bbox 300 1690 403 1738; x_wconf 88' lang='lat' dir='ltr'>sint,</span> <span class='ocrx_word' id='word_1_168' title='bbox 433 1703 536 1729; x_wconf 90' lang='lat' dir='ltr'>nam</span> <span class='ocrx_word' id='word_1_169' title='bbox 563 1702 695 1729; x_wconf 91' lang='lat' dir='ltr'>omne</span> <span class='ocrx_word' id='word_1_170' title='bbox 723 1702 910 1741; x_wconf 88' lang='lat' dir='ltr'>regnum</span> <span class='ocrx_word' id='word_1_171' title='bbox 944 1695 1012 1729; x_wconf 90' lang='lat' dir='ltr'>est</span> <span class='ocrx_word' id='word_1_172' title='bbox 1040 1689 1189 1728; x_wconf 85' lang='lat' dir='ltr'>Divini</span> <span class='ocrx_word' id='word_1_173' title='bbox 1215 1688 1350 1739; x_wconf 87' lang='lat' dir='ltr'>Veri;</span> <span class='ocrx_word' id='word_1_174' title='bbox 1393 1689 1706 1739; x_wconf 79' lang='lat' dir='ltr'>“descendere</span> <span class='ocrx_word' id='word_1_175' title='bbox 1732 1690 1789 1730; x_wconf 88' lang='lat' dir='ltr'>de</span> 
     </span>
     <span class='ocr_line' id='line_1_23' title="bbox 299 1751 1788 1805; baseline 0.001 -13"><span class='ocrx_word' id='word_1_176' title='bbox 299 1752 502 1792; x_wconf 86' lang='lat' dir='ltr'>thronis&#39;’</span> <span class='ocrx_word' id='word_1_177' title='bbox 525 1751 747 1804; x_wconf 86' lang='lat' dir='ltr'>significat</span> <span class='ocrx_word' id='word_1_178' title='bbox 774 1752 830 1792; x_wconf 91' lang='lat' dir='ltr'>de</span> <span class='ocrx_word' id='word_1_179' title='bbox 858 1752 1088 1804; x_wconf 86' lang='lat' dir='ltr'>regimine,</span> <span class='ocrx_word' id='word_1_180' title='bbox 1115 1752 1179 1791; x_wconf 85' lang='lat' dir='ltr'>ita</span> <span class='ocrx_word' id='word_1_181' title='bbox 1206 1765 1295 1792; x_wconf 89' lang='lat' dir='ltr'>non</span> <span class='ocrx_word' id='word_1_182' title='bbox 1322 1765 1524 1804; x_wconf 86' lang='lat' dir='ltr'>regnare,</span> <span class='ocrx_word' id='word_1_183' title='bbox 1552 1765 1603 1793; x_wconf 87' lang='lat' dir='ltr'>ac</span> <span class='ocrx_word' id='word_1_184' title='bbox 1630 1753 1788 1805; x_wconf 87' lang='lat' dir='ltr'>“prin-</span> 
     </span>
     <span class='ocr_line' id='line_1_24' title="bbox 300 1815 1790 1868; baseline 0.001 -13"><span class='ocrx_word' id='word_1_185' title='bbox 300 1816 421 1868; x_wconf 91' lang='lat' dir='ltr'>cipes</span> <span class='ocrx_word' id='word_1_186' title='bbox 444 1815 607 1855; x_wconf 87' lang='lat' dir='ltr'>maris”</span> <span class='ocrx_word' id='word_1_187' title='bbox 630 1822 734 1855; x_wconf 89' lang='lat' dir='ltr'>sunt</span> <span class='ocrx_word' id='word_1_188' title='bbox 758 1816 1041 1868; x_wconf 85' lang='lat' dir='ltr'>cognitiones</span> <span class='ocrx_word' id='word_1_189' title='bbox 1064 1816 1169 1863; x_wconf 84' lang='lat' dir='ltr'>veri,</span> <span class='ocrx_word' id='word_1_190' title='bbox 1195 1821 1240 1855; x_wconf 92' lang='lat' dir='ltr'>et</span> <span class='ocrx_word' id='word_1_191' title='bbox 1263 1816 1290 1855; x_wconf 92' lang='lat' dir='ltr'>ii</span> <span class='ocrx_word' id='word_1_192' title='bbox 1313 1816 1385 1868; x_wconf 92' lang='lat' dir='ltr'>qui</span> <span class='ocrx_word' id='word_1_193' title='bbox 1407 1816 1450 1854; x_wconf 91' lang='lat' dir='ltr'>in</span> <span class='ocrx_word' id='word_1_194' title='bbox 1473 1815 1584 1855; x_wconf 89' lang='lat' dir='ltr'>illis:</span> <span class='ocrx_word' id='word_1_195' title='bbox 1621 1819 1790 1868; x_wconf 85' lang='lat' dir='ltr'>“super</span> 
     </span>
     <span class='ocr_line' id='line_1_25' title="bbox 299 1877 1790 1931; baseline 0 -12"><span class='ocrx_word' id='word_1_196' title='bbox 299 1885 420 1919; x_wconf 85' lang='lat' dir='ltr'>terra</span> <span class='ocrx_word' id='word_1_197' title='bbox 445 1878 699 1919; x_wconf 90' lang='lat' dir='ltr'>sedebunt”</span> <span class='ocrx_word' id='word_1_198' title='bbox 727 1878 950 1931; x_wconf 84' lang='lat' dir='ltr'>significat</span> <span class='ocrx_word' id='word_1_199' title='bbox 981 1878 1102 1931; x_wconf 91' lang='lat' dir='ltr'>quod</span> <span class='ocrx_word' id='word_1_200' title='bbox 1133 1878 1176 1918; x_wconf 90' lang='lat' dir='ltr'>in</span> <span class='ocrx_word' id='word_1_201' title='bbox 1209 1877 1466 1926; x_wconf 84' lang='lat' dir='ltr'>falsificatis,</span> <span class='ocrx_word' id='word_1_202' title='bbox 1499 1879 1563 1918; x_wconf 87' lang='lat' dir='ltr'>ita</span> <span class='ocrx_word' id='word_1_203' title='bbox 1593 1878 1637 1918; x_wconf 91' lang='lat' dir='ltr'>in</span> <span class='ocrx_word' id='word_1_204' title='bbox 1669 1878 1790 1919; x_wconf 83' lang='lat' dir='ltr'>falsis</span> 
     </span>
     <span class='ocr_line' id='line_1_26' title="bbox 286 1940 1788 1994; baseline 0 -12"><span class='ocrx_word' id='word_1_205' title='bbox 286 1948 456 1993; x_wconf 50' lang='lat' dir='ltr'>¹erun‘t3</span> <span class='ocrx_word' id='word_1_206' title='bbox 502 1945 672 1994; x_wconf 89' lang='lat' dir='ltr'>“super</span> <span class='ocrx_word' id='word_1_207' title='bbox 708 1942 881 1982; x_wconf 87' lang='lat' dir='ltr'>thronis</span> <span class='ocrx_word' id='word_1_208' title='bbox 895 1941 913 1955; x_wconf 89' lang='grc'>”</span> <span class='ocrx_word' id='word_1_209' title='bbox 950 1940 1173 1994; x_wconf 86' lang='lat' dir='ltr'>significat</span> <span class='ocrx_word' id='word_1_210' title='bbox 1210 1941 1253 1981; x_wconf 91' lang='lat' dir='ltr'>in</span> <span class='ocrx_word' id='word_1_211' title='bbox 1291 1941 1405 1980; x_wconf 87' lang='lat' dir='ltr'>veris</span> <span class='ocrx_word' id='word_1_212' title='bbox 1443 1941 1554 1981; x_wconf 92' lang='lat' dir='ltr'>caeli</span> <span class='ocrx_word' id='word_1_213' title='bbox 1591 1955 1702 1989; x_wconf 89' lang='lat' dir='ltr'>esse,</span> <span class='ocrx_word' id='word_1_214' title='bbox 1741 1950 1788 1982; x_wconf 87' lang='lat' dir='ltr'>at</span> 
     </span>
     <span class='ocr_line' id='line_1_27' title="bbox 302 2003 1789 2057; baseline -0.001 -12"><span class='ocrx_word' id='word_1_215' title='bbox 302 2005 498 2046; x_wconf 86' lang='lat' dir='ltr'>“sedere</span> <span class='ocrx_word' id='word_1_216' title='bbox 525 2018 658 2057; x_wconf 88' lang='lat' dir='ltr'>super</span> <span class='ocrx_word' id='word_1_217' title='bbox 684 2004 833 2045; x_wconf 85' lang='lat' dir='ltr'>terra”</span> <span class='ocrx_word' id='word_1_218' title='bbox 860 2003 1083 2057; x_wconf 86' lang='lat' dir='ltr'>significat</span> <span class='ocrx_word' id='word_1_219' title='bbox 1110 2005 1153 2044; x_wconf 91' lang='lat' dir='ltr'>in</span> <span class='ocrx_word' id='word_1_220' title='bbox 1185 2003 1304 2043; x_wconf 85' lang='lat' dir='ltr'>falsis</span> <span class='ocrx_word' id='word_1_221' title='bbox 1331 2017 1443 2052; x_wconf 88' lang='lat' dir='ltr'>esse,</span> <span class='ocrx_word' id='word_1_222' title='bbox 1472 2005 1681 2057; x_wconf 89' lang='lat' dir='ltr'>quoniam</span> <span class='ocrx_word' id='word_1_223' title='bbox 1707 2004 1789 2044; x_wconf 88' lang='lat' dir='ltr'>sub</span> 
     </span>
     <span class='ocr_line' id='line_1_28' title="bbox 300 2066 1788 2119; baseline -0.002 -10"><span class='ocrx_word' id='word_1_224' title='bbox 300 2070 430 2110; x_wconf 89' lang='lat' dir='ltr'>terris</span> <span class='ocrx_word' id='word_1_225' title='bbox 461 2069 505 2108; x_wconf 93' lang='lat' dir='ltr'>in</span> <span class='ocrx_word' id='word_1_226' title='bbox 538 2067 706 2108; x_wconf 91' lang='lat' dir='ltr'>mundo</span> <span class='ocrx_word' id='word_1_227' title='bbox 738 2067 955 2119; x_wconf 85' lang='lat' dir='ltr'>spirituali</span> <span class='ocrx_word' id='word_1_228' title='bbox 988 2073 1092 2107; x_wconf 89' lang='lat' dir='ltr'>sunt</span> <span class='ocrx_word' id='word_1_229' title='bbox 1119 2066 1287 2107; x_wconf 89' lang='lat' dir='ltr'>inferna</span> <span class='ocrx_word' id='word_1_230' title='bbox 1319 2080 1377 2106; x_wconf 84' lang='lat' dir='ltr'>ex</span> <span class='ocrx_word' id='word_1_231' title='bbox 1405 2067 1562 2119; x_wconf 92' lang='lat' dir='ltr'>quibus</span> <span class='ocrx_word' id='word_1_232' title='bbox 1594 2066 1712 2106; x_wconf 89' lang='lat' dir='ltr'>mala</span> <span class='ocrx_word' id='word_1_233' title='bbox 1743 2074 1788 2107; x_wconf 89' lang='lat' dir='ltr'>et</span> 
     </span>
     <span class='ocr_line' id='line_1_29' title="bbox 298 2128 1787 2182; baseline -0.001 -11"><span class='ocrx_word' id='word_1_234' title='bbox 298 2131 409 2172; x_wconf 86' lang='lat' dir='ltr'>falsa</span> <span class='ocrx_word' id='word_1_235' title='bbox 427 2132 638 2171; x_wconf 88' lang='lat' dir='ltr'>continue</span> <span class='ocrx_word' id='word_1_236' title='bbox 658 2130 943 2170; x_wconf 85' lang='lat' dir='ltr'>exhalantur.</span> <span class='ocrx_word' id='word_1_237' title='bbox 994 2128 1146 2170; x_wconf 82' lang='lat' dir='ltr'>Simile</span> <span class='ocrx_word' id='word_1_238' title='bbox 1171 2128 1446 2181; x_wconf 86' lang='lat' dir='ltr'>significatur</span> <span class='ocrx_word' id='word_1_239' title='bbox 1464 2142 1542 2182; x_wconf 91' lang='lat' dir='ltr'>per</span> <span class='ocrx_word' id='word_1_240' title='bbox 1562 2129 1754 2170; x_wconf 86' lang='lat' dir='ltr'>“sedere</span> <span class='ocrx_word' id='word_1_241' title='bbox 1768 2128 1787 2143; x_wconf 94' lang='lat'>‘&#39;</span> 
     </span>
     <span class='ocr_line' id='line_1_30' title="bbox 296 2192 1226 2247; baseline -0.003 -12"><span class='ocrx_word' id='word_1_242' title='bbox 296 2195 339 2235; x_wconf 92' lang='lat' dir='ltr'>in</span> <span class='ocrx_word' id='word_1_243' title='bbox 368 2193 659 2247; x_wconf 86' lang='lat' dir='ltr'>sequentibus</span> <span class='ocrx_word' id='word_1_244' title='bbox 686 2193 795 2233; x_wconf 88' lang='lat' dir='ltr'>locis</span> <span class='ocrx_word' id='word_1_245' title='bbox 813 2192 1023 2245; x_wconf 87' lang='lat' dir='ltr'>:-Apud</span> <span class='ocrx_word' id='word_1_246' title='bbox 1049 2192 1226 2241; x_wconf 81' lang='lat' dir='ltr'>Lucam,</span> 
     </span>
    </p>
   </div>
   <div class='ocr_carea' id='block_1_8' title="bbox 515 2286 1570 2330">
    <p class='ocr_par' dir='ltr' id='par_1_8' title="bbox 515 2286 1570 2330">
     <span class='ocr_line' id='line_1_31' title="bbox 515 2286 1570 2330; baseline -0.002 -10"><span class='ocrx_word' id='word_1_247' title='bbox 515 2289 614 2330; x_wconf 74' lang='lat' dir='ltr'>“Qui</span> <span class='ocrx_word' id='word_1_248' title='bbox 634 2289 670 2320; x_wconf 93' lang='lat' dir='ltr'>in</span> <span class='ocrx_word' id='word_1_249' title='bbox 691 2288 858 2326; x_wconf 89' lang='lat' dir='ltr'>tenebris,</span> <span class='ocrx_word' id='word_1_250' title='bbox 877 2294 911 2319; x_wconf 88' lang='lat' dir='ltr'>et</span> <span class='ocrx_word' id='word_1_251' title='bbox 932 2288 967 2319; x_wconf 89' lang='lat' dir='ltr'>in</span> <span class='ocrx_word' id='word_1_252' title='bbox 986 2288 1111 2319; x_wconf 88' lang='lat' dir='ltr'>umbra</span> <span class='ocrx_word' id='word_1_253' title='bbox 1128 2287 1252 2318; x_wconf 89' lang='lat' dir='ltr'>mortis</span> <span class='ocrx_word' id='word_1_254' title='bbox 1273 2286 1426 2319; x_wconf 89' lang='lat' dir='ltr'>sedent&#39;’</span> <span class='ocrx_word' id='word_1_255' title='bbox 1443 2286 1477 2327; x_wconf 88' lang='lat' dir='ltr'>(i.</span> <span class='ocrx_word' id='word_1_256' title='bbox 1497 2287 1570 2328; x_wconf 87' lang='lat'>79);</span> 
     </span>
    </p>
   </div>
   <div class='ocr_carea' id='block_1_9' title="bbox 297 2372 642 2426">
    <p class='ocr_par' dir='ltr' id='par_1_9' title="bbox 297 2372 642 2426">
     <span class='ocr_line' id='line_1_32' title="bbox 297 2372 642 2426; baseline -0.006 -12"><span class='ocrx_word' id='word_1_257' title='bbox 297 2373 415 2426; x_wconf 86' lang='lat' dir='ltr'>apud</span> <span class='ocrx_word' id='word_1_258' title='bbox 441 2372 642 2420; x_wconf 82' lang='lat' dir='ltr'>Esaiam,</span> 
     </span>
    </p>
   </div>
   <div class='ocr_carea' id='block_1_10' title="bbox 364 2445 1786 2531">
    <p class='ocr_par' dir='ltr' id='par_1_10' title="bbox 364 2445 1786 2531">
     <span class='ocr_line' id='line_1_33' title="bbox 364 2445 1786 2488; baseline -0.001 -8"><span class='ocrx_word' id='word_1_259' title='bbox 364 2449 449 2480; x_wconf 87' lang='lat' dir='ltr'>“Ad</span> <span class='ocrx_word' id='word_1_260' title='bbox 473 2448 702 2488; x_wconf 83' lang='lat' dir='ltr'>aperiendum</span> <span class='ocrx_word' id='word_1_261' title='bbox 732 2448 854 2479; x_wconf 88' lang='lat' dir='ltr'>oculos</span> <span class='ocrx_word' id='word_1_262' title='bbox 882 2457 1017 2485; x_wconf 78' lang='lat' dir='ltr'>caecos,</span> <span class='ocrx_word' id='word_1_263' title='bbox 1042 2447 1086 2478; x_wconf 90' lang='lat' dir='ltr'>ad</span> <span class='ocrx_word' id='word_1_264' title='bbox 1114 2446 1335 2478; x_wconf 88' lang='lat' dir='ltr'>educendum</span> <span class='ocrx_word' id='word_1_265' title='bbox 1360 2456 1379 2477; x_wconf 90' lang='lat' dir='ltr'>e</span> <span class='ocrx_word' id='word_1_266' title='bbox 1407 2456 1546 2478; x_wconf 89' lang='lat' dir='ltr'>carcere</span> <span class='ocrx_word' id='word_1_267' title='bbox 1571 2445 1740 2487; x_wconf 68' lang='lat' dir='ltr'>vinctum,</span> <span class='ocrx_word' id='word_1_268' title='bbox 1765 2457 1786 2479; x_wconf 88' lang='lat' dir='ltr'>e</span> 
     </span>
     <span class='ocr_line' id='line_1_34' title="bbox 471 2489 1351 2531; baseline -0.002 -8"><span class='ocrx_word' id='word_1_269' title='bbox 471 2493 579 2523; x_wconf 89' lang='lat' dir='ltr'>domo</span> <span class='ocrx_word' id='word_1_270' title='bbox 596 2492 738 2523; x_wconf 90' lang='lat' dir='ltr'>claustri</span> <span class='ocrx_word' id='word_1_271' title='bbox 756 2492 922 2522; x_wconf 86' lang='lat' dir='ltr'>sedentes</span> <span class='ocrx_word' id='word_1_272' title='bbox 939 2491 975 2522; x_wconf 88' lang='lat' dir='ltr'>in</span> <span class='ocrx_word' id='word_1_273' title='bbox 994 2491 1149 2522; x_wconf 87' lang='lat' dir='ltr'>tenebris</span> <span class='ocrx_word' id='word_1_274' title='bbox 1161 2489 1179 2502; x_wconf 79' lang='lat'>&#39;&#39;</span> <span class='ocrx_word' id='word_1_275' title='bbox 1196 2490 1280 2531; x_wconf 85' lang='lat' dir='ltr'>(xlii.</span> <span class='ocrx_word' id='word_1_276' title='bbox 1299 2491 1330 2530; x_wconf 92' lang='lat'>7)</span> <span class='ocrx_word' id='word_1_277' title='bbox 1344 2499 1351 2528; x_wconf 90' lang='lat'>;</span> 
     </span>
    </p>
   </div>
   <div class='ocr_carea' id='block_1_11' title="bbox 296 2581 699 2636">
    <p class='ocr_par' dir='ltr' id='par_1_11' title="bbox 296 2581 699 2636">
     <span class='ocr_line' id='line_1_35' title="bbox 296 2581 699 2636; baseline -0.007 -12"><span class='ocrx_word' id='word_1_278' title='bbox 296 2582 415 2636; x_wconf 82' lang='lat' dir='ltr'>apud</span> <span class='ocrx_word' id='word_1_279' title='bbox 441 2581 699 2630; x_wconf 73' lang='lat' dir='ltr'>Jeremz&#39;am,</span> 
     </span>
    </p>
   </div>
   <div class='ocr_carea' id='block_1_12' title="bbox 365 2655 1781 2740">
    <p class='ocr_par' dir='ltr' id='par_1_12' title="bbox 365 2655 1781 2740">
     <span class='ocr_line' id='line_1_36' title="bbox 365 2655 1781 2695; baseline -0.001 -6"><span class='ocrx_word' id='word_1_280' title='bbox 365 2657 476 2689; x_wconf 84' lang='lat' dir='ltr'>“Non</span> <span class='ocrx_word' id='word_1_281' title='bbox 498 2657 572 2687; x_wconf 90' lang='lat' dir='ltr'>sedi</span> <span class='ocrx_word' id='word_1_282' title='bbox 593 2657 628 2687; x_wconf 89' lang='lat' dir='ltr'>in</span> <span class='ocrx_word' id='word_1_283' title='bbox 646 2656 796 2687; x_wconf 89' lang='lat' dir='ltr'>consilio</span> <span class='ocrx_word' id='word_1_284' title='bbox 814 2656 1007 2693; x_wconf 87' lang='lat' dir='ltr'>illusorum,</span> <span class='ocrx_word' id='word_1_285' title='bbox 1026 2662 1060 2686; x_wconf 85' lang='lat' dir='ltr'>et</span> <span class='ocrx_word' id='word_1_286' title='bbox 1080 2655 1232 2686; x_wconf 84' lang='lat' dir='ltr'>laetatus</span> <span class='ocrx_word' id='word_1_287' title='bbox 1249 2665 1338 2693; x_wconf 92' lang='lat' dir='ltr'>sum,</span> <span class='ocrx_word' id='word_1_288' title='bbox 1356 2661 1501 2695; x_wconf 85' lang='lat' dir='ltr'>propter</span> <span class='ocrx_word' id='word_1_289' title='bbox 1519 2664 1664 2687; x_wconf 87' lang='lat' dir='ltr'>manum</span> <span class='ocrx_word' id='word_1_290' title='bbox 1684 2661 1781 2688; x_wconf 90' lang='lat' dir='ltr'>tuam</span> 
     </span>
     <span class='ocr_line' id='line_1_37' title="bbox 472 2698 1681 2740; baseline -0.001 -9"><span class='ocrx_word' id='word_1_291' title='bbox 472 2700 652 2732; x_wconf 83' lang='lat' dir='ltr'>solitarius</span> <span class='ocrx_word' id='word_1_292' title='bbox 670 2701 754 2738; x_wconf 88' lang='lat' dir='ltr'>sedi,</span> <span class='ocrx_word' id='word_1_293' title='bbox 773 2710 815 2731; x_wconf 89' lang='lat' dir='ltr'>eo</span> <span class='ocrx_word' id='word_1_294' title='bbox 833 2700 927 2740; x_wconf 90' lang='lat' dir='ltr'>quod</span> <span class='ocrx_word' id='word_1_295' title='bbox 945 2699 1189 2739; x_wconf 87' lang='lat' dir='ltr'>indignatione</span> <span class='ocrx_word' id='word_1_296' title='bbox 1206 2699 1398 2739; x_wconf 86' lang='lat' dir='ltr'>implevisti</span> <span class='ocrx_word' id='word_1_297' title='bbox 1416 2698 1501 2730; x_wconf 85' lang='lat' dir='ltr'>me’&#39;</span> <span class='ocrx_word' id='word_1_298' title='bbox 1518 2699 1587 2738; x_wconf 85' lang='lat' dir='ltr'>(xv.</span> <span class='ocrx_word' id='word_1_299' title='bbox 1608 2699 1681 2738; x_wconf 85' lang='lat'>17);</span> 
     </span>
    </p>
   </div>
   <div class='ocr_carea' id='block_1_13' title="bbox 297 2755 672 2843">
    <p class='ocr_par' dir='ltr' id='par_1_13' title="bbox 297 2755 672 2843">
     <span class='ocr_line' id='line_1_38' title="bbox 297 2755 672 2843; baseline -0.008 -13"><span class='ocrx_word' id='word_1_300' title='bbox 297 2804 321 2830; x_wconf 89' lang='lat' dir='ltr'>a</span> <span class='ocrx_word' id='word_1_301' title='bbox 326 2755 415 2843; x_wconf 73' lang='lat' dir='ltr'>pud</span> <span class='ocrx_word' id='word_1_302' title='bbox 441 2788 672 2836; x_wconf 79' lang='lat' dir='ltr'>Davidem,</span> 
     </span>
    </p>
   </div>
   <div class='ocr_carea' id='block_1_14' title="bbox 364 2861 1779 2946">
    <p class='ocr_par' dir='ltr' id='par_1_14' title="bbox 364 2861 1779 2946">
     <span class='ocr_line' id='line_1_39' title="bbox 364 2861 1779 2903; baseline 0 -8"><span class='ocrx_word' id='word_1_303' title='bbox 364 2863 474 2896; x_wconf 89' lang='lat' dir='ltr'>“Non</span> <span class='ocrx_word' id='word_1_304' title='bbox 495 2863 570 2894; x_wconf 88' lang='lat' dir='ltr'>sedi</span> <span class='ocrx_word' id='word_1_305' title='bbox 591 2872 669 2894; x_wconf 90' lang='lat' dir='ltr'>cum</span> <span class='ocrx_word' id='word_1_306' title='bbox 690 2863 896 2894; x_wconf 90' lang='lat' dir='ltr'>hominibus</span> <span class='ocrx_word' id='word_1_307' title='bbox 916 2863 1094 2901; x_wconf 85' lang='lat' dir='ltr'>vanitatis,</span> <span class='ocrx_word' id='word_1_308' title='bbox 1116 2869 1150 2894; x_wconf 90' lang='lat' dir='ltr'>et</span> <span class='ocrx_word' id='word_1_309' title='bbox 1170 2872 1248 2894; x_wconf 90' lang='lat' dir='ltr'>cum</span> <span class='ocrx_word' id='word_1_310' title='bbox 1269 2862 1415 2894; x_wconf 90' lang='lat' dir='ltr'>occultis</span> <span class='ocrx_word' id='word_1_311' title='bbox 1437 2873 1509 2894; x_wconf 89' lang='lat' dir='ltr'>non</span> <span class='ocrx_word' id='word_1_312' title='bbox 1530 2861 1687 2894; x_wconf 84' lang='lat' dir='ltr'>intravi&#39;’</span> <span class='ocrx_word' id='word_1_313' title='bbox 1707 2861 1779 2903; x_wconf 87' lang='lat' dir='ltr'>(Ps.</span> 
     </span>
     <span class='ocr_line' id='line_1_40' title="bbox 469 2907 633 2946; baseline -0.006 -8"><span class='ocrx_word' id='word_1_314' title='bbox 469 2907 562 2938; x_wconf 88' lang='lat' dir='ltr'>xxvi.</span> <span class='ocrx_word' id='word_1_315' title='bbox 580 2907 633 2946; x_wconf 87' lang='lat'>4);</span> 
     </span>
    </p>
   </div>
   <div class='ocr_carea' id='block_1_15' title="bbox 1923 1835 1962 3334">
    <p class='ocr_par' dir='ltr' id='par_1_15' title="bbox 1923 1835 1962 3334">
     <span class='ocr_line' id='line_1_41' title="bbox 1923 1835 1962 3334; baseline 0 0"><span class='ocrx_word' id='word_1_316' title='bbox 1923 1835 1962 3334; x_wconf 95' lang='lat' dir='ltr'> </span> 
     </span>
    </p>
   </div>
  </div>
 </body>
</html>
