1962 3334
285 257 388 310 1892
708 264 1042 297 APOCALYPSIS
1073 263 1373 296 EXPLICATA.

280 383 377 419 erat
409 391 510 418 cum
542 383 756 418 venturus
789 383 859 418 est
886 377 1107 418 Dominus
1139 377 1183 417 in
1210 375 1464 429 mundum‚)
1493 375 1610 429 apud
1636 375 1769 424 Jere-

280 455 428 490 mmm,

346 537 479 569 “Dabo
503 537 605 568 vobis
630 542 792 577 pastores
817 535 917 576 juxta
941 546 1004 567 cor
1028 546 1157 574 meum,
1182 542 1220 567 ut
1244 542 1394 576 pascant
1417 546 1482 567 vos
1506 535 1712 576 cognitione
1736 542 1772 567 et

453 581 709 620 intelligentia;
734 586 818 611 tunc
838 580 897 611 fiet
919 589 997 611 cum
1021 580 1339 620 multiplicaveritis
1359 589 1423 610 vos
1449 585 1483 610 et
1509 577 1660 610 fructum
1681 579 1772 610 fece-

389 631 395 637 ·
454 624 530 656 ritis
554 625 589 655 in
615 630 717 661 terra,
740 624 775 654 in
800 623 925 654 diebus
943 624 1040 661 illis„
1055 649 1062 655 .
1077 634 1166 655 ,non
1184 624 1302 654 dicent
1324 623 1486 662 amplius,
1505 623 1598 654 Arca
1617 622 1771 654 foederis

453 667 621 709 Jehovae,
647 677 761 708 neque
786 668 956 698 ascendet
980 677 1086 707 super
1108 677 1178 705 cor,
1199 677 1263 698 nec
1287 667 1506 698 mentionem
1529 666 1659 697 facient
1682 666 1771 706 ejus,

453 721 566 752 neque
584 711 846 749 desiderabunt,
863 721 977 752 neque
995 711 1216 751 reparabitur
1232 711 1383 750 amplius
1398 709 1416 721 '’
1434 710 1492 749 (iii.
1514 718 1562 748 15,
1581 710 1652 750 16):

279 816 393 857 haec
414 814 533 856 dicta
551 821 656 856 sunt
679 815 735 855 de
758 815 959 856 adventu
978 815 1174 863 Domini,
1195 820 1242 855 et
1264 814 1319 855 de
1343 813 1590 854 abolitione
1607 814 1772 854 rituum

277 878 770 932 repraesentativorum
798 878 1033 918 Ecclesiae
1063 878 1277 930 Judaicae
1309 883 1445 927 tunc;
1483 876 1604 930 quod·
1628 876 1770 916 mani-

277 941 550 983 festarentur
575 942 789 981 interiora
815 940 1050 989 ecclesiae,
1078 954 1192 994 quae
1219 954 1244 980 a
1276 940 1432 980 ritibus
1459 945 1772 993 repraesenta-

278 1005 394 1053 tivis,
439 1018 552 1057 quae
595 1010 724 1045 erant
766 1011 973 1051 externa,
1018 1003 1362 1050 obvelabantur,
1407 1009 1452 1043 et
1498 1002 1617 1056 quod
1663 1008 1770 1043 tunc

277 1068 513 1108 interiores
541 1081 619 1107 seu
651 1067 904 1120 spirituales
936 1067 1069 1107 futuri
1101 1067 1205 1114 sint,
1235 1065 1512 1119 significatur
1543 1079 1621 1118 per
1651 1065 1771 1118 quod

281 1131 538 1171 “darentur
570 1136 777 1183 pastores
808 1129 943 1182 juxta
975 1143 1053 1170 cor
1091 1129 1287 1176 Domini,
1323 1129 1396 1182 qui
1438 1134 1627 1181 pascent
1669 1127 1772 1168 illos

277 1193 540 1246 cognitione
571 1199 617 1233 et
650 1192 1006 1245 intelligentia;'’
1035 1206 1113 1246 per
1148 1196 1394 1245 “pastores
1407 1191 1425 1206 ''
1458 1191 1774 1243 intelliguntur

278 1258 352 1310 qui
378 1257 547 1297 docent
574 1256 742 1296 bonum
767 1262 813 1296 et
836 1256 893 1296 ad
920 1256 963 1296 id
991 1256 1162 1296 ducunt
1190 1269 1267 1308 per
1289 1269 1419 1296 vera:
1455 1254 1773 1307 multiplicatio

279 1320 372 1360 veri
404 1326 450 1359 et
483 1317 765 1360 fructificatio
797 1319 902 1359 boni
935 1318 1214 1371 significatur
1246 1332 1324 1371 per
1358 1318 1524 1359 “Tunc
1557 1317 1634 1358 fiet
1671 1331 1773 1359 cum

278 1382 686 1435 multiplicaveritis
699 1396 779 1422 vos
795 1388 840 1422 et
854 1380 1042 1422 fructum
1056 1382 1251 1422 feceritis
1266 1382 1309 1421 in
1326 1388 1446 1421 terra
1462 1381 1618 1421 diebus
1633 1381 1719 1421 illis
1736 1380 1771 1421 :”

278 1445 399 1498 quod
432 1451 539 1485 tunc
573 1443 830 1496 conjunctio
864 1444 1048 1484 Domini
1075 1458 1153 1498 per
1179 1445 1393 1484 interiora
1419 1443 1574 1492 Verbi,
1603 1450 1649 1484 et
1682 1457 1773 1484 non

279 1521 358 1560 per
379 1508 607 1548 exteriora
634 1521 748 1560 quae
775 1507 924 1547 solum
948 1507 1356 1560 repraesentabant
1384 1513 1429 1546 et
1456 1506 1773 1559 significabant

278 1571 506 1618 interiora,
536 1570 814 1623 significatur
840 1584 917 1623 per
944 1570 1087 1610 “Non
1115 1570 1269 1610 dicent
1296 1569 1502 1622 amplius,
1531 1569 1654 1609 Arca
1680 1570 1772 1610 foe-

279 1634 395 1674 deris
416 1633 617 1686 Jehovae
636 1634 669 1683 ;’'
692 1647 770 1687 per
791 1637 816 1653 “
830 1647 981 1674 arcam
1005 1633 1195 1674 foederis
1212 1632 1446 1685 jehovae”
1465 1631 1775 1685 significantur

280 1703 473 1738 externa
496 1696 643 1737 cultus
666 1710 779 1749 quae
804 1703 911 1737 tunc
936 1696 1175 1744 abolenda,
1196 1695 1340 1736 simile
1363 1695 1483 1749 quod
1506 1709 1584 1748 per
1604 1695 1743 1749 “juge
1756 1695 1775 1711 ”

280 1760 399 1814 quod
423 1766 718 1808 cessaturum,
742 1760 860 1813 apud
883 1759 1111 1800 Danielem
1137 1758 1253 1812 (cap.
1278 1759 1364 1798 viii.
1389 1770 1434 1810 13
1454 1773 1462 1808 ;
1492 1772 1588 1812 cap.
1611 1760 1672 1799 xi.
1694 1770 1740 1810 31
1763 1773 1772 1810 ;

279 1837 376 1876 cap.
405 1823 478 1863 xii.
513 1822 608 1876 11):
644 1823 765 1876 quod
798 1829 1040 1863 externum
1067 1822 1216 1863 cultus
1243 1835 1334 1861 non
1361 1821 1552 1874 amplius
1578 1821 1773 1862 futurum

280 1887 338 1926 sit
373 1886 453 1926 sed
490 1886 734 1934 internum,
769 1885 1049 1938 significatur
1089 1899 1166 1938 per
1206 1884 1349 1924 “Non
1387 1885 1606 1925 ascendet
1643 1899 1774 1938 super

280 1963 370 1998 cor,
399 1962 481 1990 nec
510 1950 792 1989 mentionem
819 1949 987 1989 facient
1015 1947 1121 2000 ejus,
1152 1961 1297 2001 neque
1325 1948 1661 1997 desiderabunt,
1690 1962 1769 1989 ne-

281 2026 366 2066 que
397 2012 678 2065 reparabitur
705 2011 933 2065 amplius.’'
995 2011 1070 2051 Ex
1103 2011 1171 2051 his
1204 2012 1342 2051 etiam
1375 2017 1586 2051 constare
1619 2017 1772 2064 potest

281 2075 400 2128 quod
434 2088 538 2115 arca
567 2075 758 2115 foederis
797 2075 893 2114 visa
929 2074 1126 2126 Johanni
1164 2074 1208 2113 in
1250 2073 1423 2127 templo
1465 2073 1563 2122 Dei,
1593 2074 1648 2114 de
1686 2087 1773 2127 qua

280 2138 452 2178 visione
480 2151 596 2178 nunc
624 2138 791 2190 agitur,
817 2137 948 2177 fuerit
976 2137 1198 2189 apparitio
1226 2136 1376 2176 Divini
1399 2135 1522 2184 Veri,
1550 2150 1629 2189 per
1654 2136 1774 2189 quod

282 2198 539 2252 conjunctio
557 2206 628 2240 est
651 2200 768 2240 Novi
787 2199 912 2240 Caeli
936 2206 981 2240 et
1001 2199 1159 2239 Novae
1179 2199 1413 2239 Ecclesiae
1432 2212 1532 2239 cum
1549 2199 1746 2239 Domino
1764 2213 1774 2250 ;

282 2269 328 2304 et
351 2262 471 2316 quod
493 2263 595 2303 ideo
614 2263 709 2302 visa
736 2263 807 2311 sit,
833 2268 881 2303 ut
901 2262 1102 2302 Verbum
1127 2263 1171 2302 in
1195 2262 1348 2302 littera
1366 2262 1447 2302 sibi
1471 2262 1612 2302 ubivis
1631 2261 1775 2302 simile

282 2332 419 2374 esset,
454 2327 710 2366 consistens
743 2339 802 2366 ex
835 2325 1000 2365 talibus
1032 2339 1145 2379 quae
1177 2331 1370 2365 externa
1402 2324 1550 2365 cultus
1581 2324 1773 2373 suerunt,

282 2395 329 2430 et
356 2395 814 2442 repraesentaverunt
840 2389 1044 2438 interna;
1078 2388 1282 2428 similiter
1308 2394 1356 2428 ut
1383 2401 1515 2440 supra
1544 2386 1660 2440 (cap.
1687 2387 1773 2428 viii.

285 2463 322 2504 3,
349 2451 412 2505 4),
441 2452 560 2504 quod
588 2453 732 2491 visum
759 2453 816 2492 sit
842 2451 1064 2499 “altare,”
1087 2457 1133 2491 et
1162 2451 1281 2504 quod
1308 2451 1389 2491 visi
1416 2452 1505 2491 sint
1530 2450 1773 2490 “suffitus”

283 2528 435 2556 coram
463 2514 655 2555 throno:
691 2515 902 2555 consistit
929 2514 1047 2554 enim
1075 2513 1278 2554 Verbum
1308 2514 1351 2553 in
1379 2513 1531 2554 littera
1557 2527 1615 2554 ex
1643 2514 1775 2554 meris

282 2577 712 2630 correspondentiis,
742 2577 907 2617 talibus
934 2590 1049 2630 quae
1074 2576 1250 2617 fuerunt
1283 2577 1326 2616 in
1360 2576 1562 2617 ecclesiis
1594 2589 1775 2629 reprae-

283 2641 535 2688 sentativis‚
570 2646 616 2680 et
654 2654 768 2693 quae
801 2640 908 2680 inde
941 2654 1020 2680 usu
1063 2647 1248 2693 recepta
1281 2647 1384 2680 sunt
1427 2641 1469 2680 in
1503 2639 1685 2689 Verbo;
1729 2639 1774 2679 in

283 2703 440 2756 quibus
467 2703 678 2743 interiora
702 2701 827 2743 caeli'
843 2709 889 2743 et
916 2702 1151 2751 ecclesiae,
1180 2716 1294 2756 quae
1321 2701 1568 2755 spiritualia
1594 2708 1640 2742 et
1667 2715 1773 2742 cae·

284 2766 416 2806 lestia
442 2771 559 2813 sunt,
589 2766 894 2806 continentur.
1528 2783 1531 2786 ⁴

362 2830 572 2884 ¹701[a].
603 2830 832 2883 Quoniam
858 2845 964 2872 arca
985 2837 1177 2871 vocatur
1202 2835 1344 2871 “arca
1369 2829 1605 2877 soederis,‘'
1635 2829 1770 2869 etiam

285 2892 642 2933 confirmandum
681 2898 750 2933 est
789 2906 848 2932 ex
887 2892 1043 2933 Verbo
1081 2893 1200 2946 quod
1238 2893 1340 2933 ideo
1377 2890 1497 2933 dicta
1534 2892 1591 2932 sit
1632 2895 1774 2931 “arca
