1962 3334
265 270 374 323 1380
675 279 1009 313 APOCALYPSIS
1040 280 1341 313 EXPLICATA.

260 393 435 434 dicatur
460 393 516 435 de
548 394 633 435 illis
665 408 779 448 quae
805 392 1062 435 intellectus
1084 400 1202 444 sunt,
1229 401 1275 436 et
1304 398 1503 447 “cupere
1530 400 1722 436 mortem
1735 393 1755 411 '’

261 456 316 496 de
333 456 435 497 ,illis
466 470 579 510 quae
606 456 854 497 voluntatis
880 463 998 498 sunt.
1060 456 1176 510 Quia
1201 458 1295 498 vita
1321 457 1560 510 spiritualis
1586 457 1756 498 homini

260 519 438 571 propria
470 520 512 559 in
545 520 659 560 binis
690 519 776 560 illis
802 519 1089 560 facultatibus
1116 521 1337 569 consistit,
1365 520 1468 560 ideo
1499 521 1637 561 etiam
1663 520 1756 573 sig-

260 580 464 622 nificatur
507 582 626 635 quod
667 583 807 623 vitam
851 582 1126 635 spiritualem
1171 583 1313 623 velint
1358 583 1558 635 perdere.
1634 582 1757 624 Data

260 643 397 684 etiam
429 650 500 685 est
532 645 669 685 cuivis
701 645 870 685 homini
901 645 1090 686 facultas
1122 645 1398 698 percipiendi
1429 646 1612 694 bonum,
1641 645 1755 686 sicut

261 713 330 747 est
371 707 481 748 data
519 707 708 748 facultas
748 707 1034 761 intelligendi
1071 721 1253 758 verum;
1302 721 1405 748 nam
1439 721 1593 748 verum
1633 714 1756 749 amat

261 769 444 818 bonum,
478 775 524 810 et
561 770 728 810 bonum
765 777 889 811 amat
926 784 1095 820 verum,
1128 777 1174 812 et
1211 771 1313 811 ideo
1351 771 1565 811 continuo
1596 770 1756 812 volunt

261 831 485 884 conjungi,
510 838 556 873 et
579 831 911 885 conjunguntur
935 834 1050 874 sicut
1072 833 1284 874 voluntas
1310 839 1355 874 et
1383 831 1655 882 intellectus,
1679 839 1756 874 aut

261 894 375 935 sicut
407 892 583 935 affeffio
620 901 666 935 et
699 895 931 948 cogitatio.
994 894 1190 948 Quando
1223 894 1462 948 conjuncta
1497 902 1616 944 sunt,
1649 901 1756 936 tunc

261 955 519 997 intelletftus
546 958 720 1010 cogitat
747 970 900 998 verum
933 972 993 999 ex
1025 957 1262 999 affectione
1296 958 1527 1011 cogitandi
1559 958 1683 1005 illud,
1710 964 1757 999 et

262 1026 368 1060 tunc
391 1018 648 1060 intellectus
665 1020 789 1061 videt
811 1020 934 1070 illud,
955 1027 1001 1061 et
1024 1021 1235 1061 voluntas
1257 1022 1444 1074 percipit
1467 1020 1590 1061 illud.
1652 1020 1756 1061 Per-

262 1082 410 1134 cipere
432 1096 585 1123 verum
608 1097 666 1123 ex
690 1081 925 1124 affeffi‘cione
947 1083 1196 1124 voluntatis
1219 1090 1288 1124 est
1312 1084 1539 1136 percipere
1562 1083 1728 1124 bonum
1747 1097 1757 1134 ;

261 1145 451 1185 vertitur
482 1145 600 1186 enim
625 1159 781 1186 verum
813 1146 857 1186 in
889 1145 1057 1187 bonum
1090 1146 1194 1186 dum
1226 1147 1364 1187 homo
1389 1146 1484 1187 vult
1517 1159 1594 1186 seu
1619 1145 1757 1186 affici-

261 1213 333 1248 tur
354 1207 444 1256 illo,
469 1208 553 1248 hoc
577 1214 661 1257 est,
685 1208 791 1248 dum
814 1215 939 1250 amat
965 1208 1090 1258 illud,
1115 1223 1174 1249 ex
1197 1222 1331 1250 causa
1357 1210 1458 1262 quia
1483 1222 1616 1249 omne
1639 1208 1759 1262 quod

261 1276 438 1311 amatur
462 1277 651 1311 vocatur
677 1271 858 1311 bonum.

339 1341 468 1385 552.
494 1342 600 1380 [Vers.
616 1342 661 1381 7.]
683 1332 763 1372 “ft
774 1332 1055 1373 similitudines
1070 1333 1324 1374 locustarum
1337 1332 1490 1373 similes
1506 1332 1622 1386 equis
1633 1346 1762 1385 pam-

262 1390 314 1431 tis
338 1391 394 1431 ad
413 1391 795 1444 bellum.''—-Quod
827 1392 1055 1445 significet
1086 1393 1207 1445 quod
1226 1392 1352 1432 [τουτο
1376 1392 1603 1433 sensualis
1628 1392 1758 1445 fflfac-

262 1459 347 1501 tus,
374 1452 436 1493 sit
461 1453 732 1494 ratiocinans
758 1453 872 1494 sicut
895 1468 952 1494 ex
977 1454 1197 1494 z'ntellec‘Zu
1228 1454 1335 1502 veri,
1361 1460 1543 1494 constat
1575 1468 1635 1494 ex
1667 1455 1759 1508 sig-

262 1514 518 1556 nificatione
569 1515 923 1565 “locustarum,’'
976 1517 1095 1570 quod
1147 1518 1236 1557 sint
1287 1517 1492 1557 homines
1540 1517 1759 1559 ecclesiae

262 1576 498 1616 sensuales
527 1576 634 1617 facti
666 1590 746 1630 per
775 1576 890 1617 falsa
920 1591 1037 1630 quae
1070 1591 1129 1617 ex
1161 1577 1283 1617 malo
1315 1588 1370 1625 (de
1385 1597 1449 1625 qua
1463 1597 1614 1626 supra,n.
1635 1587 1758 1630 543);

263 1651 322 1678 ex
358 1637 687 1690 significatione
721 1641 975 1691 “equorum
1013 1645 1272 1691 paratorum
1309 1639 1365 1678 ad
1402 1639 1609 1687 bellum,’'
1640 1640 1760 1693 quod

262 1700 352 1741 sint
378 1701 762 1749 ratiocinationes,
789 1701 860 1741 hic
891 1702 1006 1742 sicu-t
1038 1715 1098 1742 ex
1130 1699 1363 1742 intellectu
1390 1702 1495 1750 veri,
1523 1702 1626 1755 quia
1651 1703 1760 1743 dici-

262 1767 336 1802 tur
376 1762 498 1815 quod
532 1766 557 1782 ‘⁴
572 1761 776 1802 Similes„
814 1762 931 1813 illis;
977 1773 1081 1810 (quod
1099 1782 1156 1810 per
1177 1770 1334 1810 '‘equos''
1359 1773 1553 1811 significetur
1570 1774 1760 1809 intellectus,

261 1825 406 1854 videatur
427 1834 533 1863 supra,
554 1834 584 1855 n.
612 1824 704 1867 355,
728 1814 828 1867 364ς
867 1831 898 1854 et
921 1827 1024 1855 omnis
1047 1825 1228 1855 intentastus
1251 1831 1297 1855 est
1319 1826 1417 1864 veri;)
1461 1822 1507 1856 et
1542 1817 1647 1869 qula
1681 1830 1762 1869 per

264 1877 504 1917 “bellum'’
530 1878 573 1917 in
601 1877 757 1918 Verbo
783 1877 1061 1930 significatur
1087 1891 1239 1930 pugna
1269 1877 1524 1930 spiritualis,
1552 1892 1665 1931 quae
1691 1885 1761 1919 est

263 1939 361 1980 falsi
392 1946 552 1980 contra
578 1953 732 1980 verum
765 1946 810 1981 et
838 1940 930 1981 veri
961 1947 1120 1981 contra
1146 1940 1318 1987 salsum,
1346 1941 1447 1981 ideo
1479 1954 1558 1993 per
1584 1944 1761 1994 “equos

262 2009 445 2055 paratos
477 2003 533 2042 ad
565 2002 767 2043 bellum’'
793 2002 1103 2055 significantur
1134 2004 1516 2051 ratiocinationes,
1543 2002 1614 2043 hic
1646 2004 1761 2044 sicut

262 2079 321 2106 ex
354 2063 590 2106 intellectu
622 2066 739 2115 veri;
779 2078 857 2118 per
888 2066 1257 2106 ratiocinationes
1289 2066 1408 2106 enim
1440 2065 1551 2106 fiunt
1583 2078 1761 2118 pugnae

263 2127 529 2180 spirituales,
590 2127 759 2180 Agitur
782 2129 825 2168 in
849 2141 965 2168 nunc
991 2128 1296 2181 sequentibus,
1317 2141 1453 2181 usque
1477 2128 1533 2168 ad
1556 2141 1668 2168 vers.
1697 2139 1760 2177 12,

263 2191 319 2231 de
346 2190 539 2231 sensuali
561 2190 742 2231 homine
766 2191 838 2244 qui
864 2191 907 2231 in
933 2190 1054 2231 falsis
1081 2205 1140 2231 ex
1168 2190 1288 2230 malo
1315 2197 1398 2238 est,
1423 2190 1565 2243 qualis
1591 2190 1666 2231 ille
1692 2197 1762 2232 est

263 2253 410 2306 quoad
447 2250 728 2293 intellectum
768 2259 815 2294 et
849 2252 1149 2301 voluntatem,
1183 2259 1229 2293 et
1272 2253 1537 2292 describitur
1572 2252 1647 2293 ille
1683 2265 1763 2305 per

265 2315 503 2356 “locustas
516 2315 534 2329 ’'
574 2321 621 2355 et
666 2315 811 2355 varias
857 2315 1032 2356 illarum
1078 2315 1393 2368 apparentias;
1440 2328 1598 2355 omnes
1642 2316 1761 2356 enim

263 2376 523 2418 affectiones
549 2383 595 2418 et
621 2377 724 2418 inde
749 2378 1052 2430 cogitationes
1079 2377 1271 2418 hominis
1298 2383 1695 2430 repraesentantur
1715 2378 1761 2418 in

262 2440 431 2481 mundo
458 2439 676 2492 spirituali
708 2453 787 2492 per
812 2440 957 2480 varias
989 2440 1157 2480 bestias
1189 2446 1335 2480 terrae
1368 2445 1414 2480 et
1446 2453 1566 2488 aveS‚
1594 2453 1645 2480 ac
1678 2440 1760 2480 sis-

262 2508 418 2543 tuntur
443 2503 486 2542 in
513 2502 677 2543 talibus
700 2502 851 2542 formis
877 2516 989 2555 quae
1013 2502 1398 2554 correspondent;
1431 2508 1477 2542 et
1504 2502 1676 2542 bestiae
1702 2503 1761 2544 ibi

262 2571 631 2617 repraesentatae
663 2565 910 2605 secundum
941 2558 1200 2606 affeffiones
1233 2565 1480 2616 spirituum,
1511 2578 1569 2604 ex
1602 2564 1761 2618 quibus

262 2626 380 2676 illae,
409 2633 627 2680 apparent
657 2627 824 2668 similes
856 2627 1010 2668 bestiis
1042 2628 1084 2667 in
1118 2633 1275 2668 nostro
1302 2627 1484 2675 mundo,
1512 2627 1591 2667 sed
1618 2640 1760 2681 quan-

264 2690 412 2743 doque
439 2703 540 2730 cum
563 2690 816 2730 successiva
838 2690 1089 2731 mutatione
1116 2696 1162 2730 et
1184 2690 1403 2729 varietate
1427 2689 1676 2730 accedente
1701 2690 1760 2730 ad

263 2751 427 2792 formas
465 2753 743 2804 compositas
783 2766 841 2792 ex
883 2752 980 2792 aliis
1018 2752 1199 2802 bestiis;
1244 2758 1423 2804 praeter
1463 2751 1583 2805 quod
1621 2753 1759 2793 etiam

263 2815 395 2855 variis
421 2815 667 2867 insignibus
692 2815 959 2855 amiciantur
984 2820 1031 2855 et
1057 2815 1327 2855 decorantur
1353 2814 1500 2867 quoad
1531 2814 1680 2868 capita
1711 2820 1759 2855 et

264 2877 411 2930 quoad
447 2890 661 2930 corpora:
708 2877 817 2918 talia
856 2877 963 2918 mihi
999 2877 1175 2929 saepius
1213 2878 1307 2917 visa
1347 2883 1465 2925 sunt,
1504 2890 1562 2917 ex
1601 2877 1759 2930 quibus

263 2939 410 2993 patuit
434 2939 539 2980 mihi
561 2938 716 2992 quales
739 2939 913 2980 illorum
933 2937 1191 2980 affectiones
1214 2945 1258 2980 et
1282 2938 1596 2980 inclinationes
1615 2944 1758 2980 erant.
