1962 3334
252 272 359 323 1416
662 284 995 318 APOCALYPSIS
1026 285 1328 319 EXPLICATA.

244 393 343 421 oribus
358 394 480 421 illorum.
518 395 588 422 uam
603 397 739 428 potestas
753 397 866 423 Illorum
881 398 911 424 in
930 405 980 425 ore
994 398 1106 426 Illorum
1125 400 1198 431 erat,
1215 406 1282 426 nam
1300 400 1411 427 caudae
1425 399 1537 427 Illorum
1553 400 1664 428 similes
1679 407 1744 428 ser·
1779 422 1790 435 0

243 432 388 464 pentibus.
406 434 547 460 habentes
562 434 669 467 capita.
686 437 717 461 et
730 435 760 461 in
776 436 822 462 hle
838 436 991 463 laedunt.¹¹

270 526 320 559 13.
355 518 418 552 “Et
442 522 565 554 sextus
588 521 733 563 angelus
757 521 911 559 clanxi†‚''
936 522 1100 564 significat
1124 524 1296 567 influxum
1323 536 1340 556 e
1365 525 1450 556 caelo
1474 526 1743 568 manifestantem

421 569 543 595 statum
561 566 708 596 ecclesiae
724 566 761 596 in
766 566 845 607 fine
860 568 940 608 ejus,
953 568 1042 609 quod
1046 569 1153 609 plane
1159 574 1338 610 perversus
1352 570 1396 600 sit
1413 569 1464 612 [n.
1483 569 1585 612 566];
1612 573 1669 603 “et
1682 580 1741 603 au-

422 607 494 641 divi
511 618 624 642 vocem
643 619 744 642 unam
763 619 803 642 ex
821 614 968 653 quatuor
981 611 1140 645 cornibus
1156 612 1280 646 altaris
1293 612 1396 646 aurei
1408 614 1500 656 quod
1514 623 1629 647 cot-am
1646 614 1743 653 Deo,''

420 652 580 693 significat
597 655 832 685 revelationem
850 666 871 686 a
888 655 1038 687 Domino
1050 667 1067 687 e
1082 658 1167 688 caelo
1182 658 1358 699 spirituali
1375 657 1426 700 [n.
1444 657 1538 701 5⁶7]-

269 729 319 762 14.
353 722 548 756 “Dicentem
572 726 672 757 sexto
695 725 817 768 angelo
841 724 901 769 qui
913 725 1061 759 habebat
1083 726 1227 765 tubam,”
1243 726 1404 768 significat
1426 729 1631 771 deperverso
1653 734 1743 761 statu

420 769 566 799 ecclesiae
583 769 619 799 in
637 770 703 810 ipso
707 770 787 811 fine
802 770 872 811 ejus
891 770 941 812 [n.
959 770 1042 813 568]
1057 782 1065 809 3
1094 771 1214 804 “Solre
1230 774 1379 815 quatuor
1394 773 1536 815 anqelos
1552 773 1682 807 vinctos
1697 773 1745 807 ad

421 813 545 845 numen
559 823 719 856 magnum
733 814 967 856 Euphrateml‘
980 814 1140 856 significat
1153 816 1423 847 ratiocinationes
1438 828 1480 848 ex
1482 818 1640 859 fallaciis
1656 829 1741 860 quae

418 858 566 888 sensuali
579 858 722 896 homini,
740 869 808 889 non
825 863 965 900 receptas
969 860 1072 900 prius
1091 860 1142 903 [n.
1161 860 1258 902 569].

267 929 317 964 15.
351 923 413 957 “ft
427 925 536 958 soluti
549 928 633 958 sunt
647 928 795 969 quatuor
811 926 951 969 anye!i,''
969 926 1133 968 significat
1149 928 1320 959 licentiam
1338 929 1570 960 ratiocinandi
1583 940 1624 961 ex
1629 930 1740 972 falla-

418 970 476 1000 ciis
495 970 546 1012 [n.
565 970 667 1012 570];
698 970 778 1013 “qui
795 971 916 1013 parati
935 970 969 1004 in
991 971 1110 1004 horam
1129 975 1164 1005 et
1186 971 1273 1005 diem
1291 974 1328 1004 et
1353 982 1504 1006 mensem
1529 976 1566 1007 et
1586 974 1742 1014 annum,”

420 1013 584 1054 significat
601 1016 756 1046 continue
779 1016 816 1046 in
833 1020 921 1046 statu
942 1015 992 1058 [n.
1011 1016 1093 1059 571]
1105 1028 1114 1055 3
1146 1019 1205 1049 “ut
1228 1016 1423 1050 occider-ent
1445 1017 1582 1050 tertiam
1602 1021 1740 1061 partem

417 1058 616 1095 hominum?
634 1058 796 1100 significat
818 1060 1024 1102 deprivandi
1043 1072 1077 1092 se
1098 1062 1193 1092 omni
1214 1062 1383 1093 intellectu
1405 1063 1491 1100 veri,
1514 1067 1545 1093 et
1566 1063 1645 1094 inde
1666 1063 1741 1094 vita

417 1103 591 1144 spirituali
608 1103 655 1147 [n.
675 1103 772 1146 572].

264 1168 315 1200 16.
349 1169 413 1202 “ft
425 1179 591 1204 numerus
609 1170 821 1204 exercituum
839 1171 1025 1214 equitatus,
1045 1171 1135 1205 duae
1151 1172 1325 1215 myriades
1342 1172 1564 1216 myriadum?
1577 1172 1740 1215 significat

407 1215 506 1257 salsa
525 1216 618 1253 mali,
634 1226 676 1246 ex
691 1216 810 1257 quibus
829 1221 860 1247 el
866 1221 932 1258 pro
947 1217 1066 1258 quibus
1083 1217 1362 1256 ratiocinationes,
1379 1219 1643 1249 innumerabilia
1660 1229 1739 1250 con—

416 1260 584 1300 spirantia
608 1265 723 1291 contra
747 1271 829 1291 vera
853 1260 931 1291 boni
957 1261 1009 1304 [n.
1027 1260 1131 1303 573];
1162 1264 1219 1295 “et
1240 1261 1359 1295 audiri
1372 1272 1551 1295 numerum
1574 1262 1739 1300 illorum,¹'

417 1303 582 1345 significat
590 1309 781 1346 perceptum
798 1305 895 1347 quale
914 1304 966 1348 [n.
986 1305 1083 1348 574].

264 1379 315 1413 17.
350 1372 413 1406 “ft
433 1372 481 1406 ita
502 1372 571 1407 vidi
592 1383 698 1416 equos
714 1373 748 1406 in
769 1373 906 1411 visione,
925 1377 961 1407 et
978 1374 1142 1408 sedentes
1158 1384 1266 1418 super
1288 1375 1385 1413 illis,''
1401 1375 1738 1419 significatfalsifica-

415 1418 518 1449 tiones
544 1418 639 1449 Verbi
652 1424 718 1460 per
738 1419 1008 1450 ratiocinationes
1030 1430 1072 1450 ex
1078 1420 1234 1461 fallaciis
1253 1420 1304 1463 [n.
1323 1420 1405 1463 575]
1417 1431 1426 1458 ;
1458 1420 1644 1453 “habentes
1668 1420 1737 1453 tho-

416 1471 519 1495 races
531 1462 650 1505 igneos
664 1465 699 1495 et
709 1462 945 1505 hyacinthinos
959 1465 994 1496 et
1005 1463 1240 1506 sulphureos,''
1253 1464 1416 1506 signifieat
1434 1463 1735 1508 [ratiocinationes]

405 1511 599 1548 pugnantes
614 1518 655 1538 ex
671 1507 906 1548 cupiditatibus
921 1508 1045 1539 amoris
1059 1508 1116 1539 sui
1136 1513 1167 1539 et
1180 1509 1304 1540 amoris
1321 1510 1454 1547 mundi,
1470 1513 1502 1540 et
1521 1520 1562 1540 ex
1568 1509 1735 1551 falsitati-

414 1552 473 1582 bus
489 1552 567 1582 inde
586 1551 637 1594 [n.
657 1551 760 1594 576];
788 1554 845 1584 “et
860 1551 973 1594 capita
990 1561 1153 1594 equorum
1167 1552 1260 1586 sicut
1275 1553 1388 1596 capita
1402 1554 1563 1591 leonum,''
1575 1552 1737 1594 significat

413 1596 584 1627 scientiam
601 1600 632 1626 et
647 1597 724 1626 inde
741 1596 968 1637 cogitationem
985 1597 1225 1628 destt¹uc⁴21'va7n
1242 1599 1319 1628 veri
1337 1598 1388 1640 [n.
1408 1597 1490 1640 577]
1504 1609 1513 1636 ;
1541 1600 1598 1630 “ef
1612 1607 1653 1630 ex
1671 1597 1736 1630 orl·

415 1639 479 1673 bus
496 1639 630 1672 iliorum
644 1639 749 1673 exirit
763 1639 852 1683 ignis
865 1643 900 1673 ei
914 1641 1029 1682 fumus
1043 1643 1078 1674 ei
1093 1641 1265 1683 sulphur?
1278 1641 1439 1683 significat
1455 1642 1596 1683 cogitata
1613 1646 1644 1673 et
1658 1642 1736 1673 inde

414 1685 594 1715 ratiocinia
610 1685 829 1715 scaturientia
853 1696 895 1716 ex
919 1696 1031 1716 amore
1054 1686 1148 1723 mali,
1166 1697 1208 1716 ex
1230 1687 1449 1728 amorefalsi,
1465 1691 1497 1718 et
1518 1697 1560 1718 ex
1583 1686 1734 1728 concupi·

412 1730 536 1760 scentia
552 1730 746 1760 destruendi
759 1740 842 1760 vera
867 1734 898 1760 et
911 1730 996 1760 bona
1005 1735 1071 1771 per
1076 1731 1173 1772 falsa
1191 1731 1276 1762 mali
1293 1730 1344 1774 [n.
1363 1730 1459 1773 578].

261 1798 311 1831 18.
346 1799 413 1832 “Ex
431 1799 542 1833 tribus
558 1799 612 1833 his
629 1799 744 1833 occisa
762 1802 818 1833 est
833 1799 936 1833 tertia
950 1810 1037 1843 pars
1053 1799 1235 1838 hominum,
1254 1811 1296 1835 ex
1312 1800 1390 1844 iyne
1407 1803 1442 1834 et
1465 1811 1507 1835 ex
1525 1802 1618 1835 sumo
1642 1804 1679 1836 et
1693 1811 1735 1835 ex
1752 1807 1754 1809 “

414 1844 581 1886 sulphure
598 1847 744 1877 exeunte
761 1854 802 1877 ex
827 1844 944 1878 oribus
960 1844 1124 1882 illorum,''
1141 1845 1301 1886 significat
1317 1846 1407 1887 quod
1426 1846 1534 1878 omnis
1550 1847 1734 1878 intelleltus

413 1889 491 1920 veri
504 1893 534 1919 et
550 1890 628 1920 inde
644 1890 718 1920 vita
733 1889 920 1931 ,spiritualis
935 1900 977 1920 ex
993 1889 1062 1920 illis
1078 1890 1243 1921 exstincta
1259 1891 1303 1921 sit
1321 1890 1372 1933 [n.
1391 1889 1489 1933 579J.

260 1964 310 1997 19.
344 1956 449 1989 “Nam
463 1959 623 2000 potestas
639 1956 775 1989 illorum
792 1956 826 1990 in
851 1966 911 1990 ore
926 1956 1062 1990 illorum
1080 1958 1184 1995 erat,''
1200 1957 1361 1999 significat
1377 1959 1585 2000 cogitationes
1599 1970 1731 1990 sensua-

414 2002 458 2032 les
473 2006 503 2032 et
519 2002 597 2032 inde
614 2002 893 2039 ratiocinationes,
910 2003 1001 2043 quod
1014 2002 1082 2033 illis
1098 2003 1246 2033 maxime
1261 2003 1415 2033 valerent
1433 2003 1484 2046 [n.
1503 2002 1606 2045 580];
1633 2008 1732 2037 “nam

412 2046 544 2078 caudae
567 2045 703 2078 illorum
720 2045 854 2079 similes
875 2045 1106 2088 serpentibus,
1124 2046 1290 2080 habentes
1307 2046 1447 2089 capita‚”
1462 2046 1623 2088 significat
1646 2048 1736 2090 quod

411 2101 453 2121 ex
467 2090 654 2132 scientificis
668 2090 885 2128 sensualibus,
899 2101 984 2131 quae
986 2090 1163 2132 fallaciae,
1177 2096 1281 2122 astute
1297 2092 1544 2123 ratiocinentur
1561 2092 1613 2135 [n.
1628 2091 1710 2133 581]
1722 2103 1730 2130 ;

413 2137 470 2167 “et
483 2134 517 2167 Ῐη
534 2134 589 2167 his
606 2134 774 2171 laeduni,''
789 2133 951 2176 significat
966 2135 1057 2176 quod
1067 2135 1114 2166 sic
1120 2140 1321 2176 pervertant
1334 2146 1415 2167 vera
1438 2141 1469 2167 et
1483 2136 1568 2167 bona
1585 2136 1733 2168 ecclesiae

414 2178 465 2222 [n.
483 2178 580 2221 582].

311 2288 451 2341 566.
482 2298 588 2336 [Vers.
612 2298 674 2336 13.]
705 2287 784 2327 “ft
795 2292 941 2328 sextus
957 2287 1129 2341 angelus
1145 2287 1534 2341 elanxit.''—Quod
1555 2288 1728 2341 signifi-

232 2355 306 2390 cet
338 2348 555 2404 z'nfluxum
580 2363 602 2389 e
625 2348 741 2389 caelo
765 2349 1124 2401 manifestantem
1154 2355 1321 2390 statum
1346 2349 1546 2390 ecclesiae
1575 2350 1620 2390 in
1633 2350 1731 2404 fine

230 2412 336 2466 ejus,
374 2411 493 2466 quod
516 2411 653 2464 plane
681 2418 930 2464 perversus
966 2411 1040 2461 sit,
1080 2418 1263 2453 constat
1300 2426 1360 2453 ex
1397 2412 1728 2466 significatione

235 2474 486 2528 “clangere
509 2473 659 2523 tuba‚”
681 2475 800 2528 quod
827 2475 886 2516 sit
908 2475 1103 2515 influxus
1129 2489 1153 2516 e
1179 2474 1322 2524 caelo,
1350 2489 1375 2516 e
1397 2489 1485 2529 quo
1508 2476 1726 2517 mutatio—

231 2551 311 2579 nes
334 2539 378 2578 in
405 2537 697 2586 inferioribus,
726 2552 804 2591 per
827 2551 937 2591 quas
964 2538 1280 2578 manifestatur
1306 2538 1449 2591 qualis
1476 2544 1546 2579 est
1574 2544 1726 2579 status

231 2599 455 2640 ecclesiae
478 2610 532 2648 (de
547 2619 611 2647 qua
630 2619 735 2647 supra,
752 2619 782 2639 n.
803 2609 897 2651 502)
916 2613 925 2649 ;
957 2599 1028 2639 hic
1052 2599 1198 2652 qualis
1220 2605 1290 2639 est
1312 2600 1357 2639 in
1379 2599 1467 2639 fine
1489 2599 1597 2652 ejus,
1621 2600 1725 2653 quia

233 2665 434 2702 “sextus
471 2660 692 2714 angelus’'
724 2660 926 2701 clanxit:
970 2662 1253 2702 successivae
1290 2661 1409 2702 enim
1446 2662 1725 2702 mutationes

229 2729 378 2764 status
405 2723 624 2765 ecclesiae
647 2723 962 2764 describuntur
984 2737 1062 2777 per
1084 2730 1261 2777 septem
1288 2723 1478 2777 angelos
1504 2724 1578 2777 qui
1604 2723 1724 2764 tubis

229 2786 528 2838 clanxerunt;
567 2787 638 2827 hic
667 2788 862 2827 mutatio
888 2786 981 2839 ejus
1013 2788 1130 2827 circa
1162 2786 1296 2827 finem
1323 2801 1402 2840 per
1432 2793 1616 2828 sextum
1642 2800 1723 2827 an-

228 2850 381 2903 gelum
413 2850 720 2903 clangentem,
756 2863 858 2890 nam
891 2851 986 2903 ipse
1023 2849 1135 2898 finis,
1170 2851 1242 2903 qui
1275 2857 1344 2891 est
1377 2850 1482 2890 dum
1514 2849 1721 2891 ultimum

223 2913 436 2967 judicium
463 2915 620 2963 instat,
649 2914 916 2954 describitur
943 2927 1021 2967 per
1047 2913 1309 2966 clangorem
1336 2913 1515 2966 septimi
1541 2911 1719 2966 angeli;
