<?xml version="1.0" encoding="UTF-8"?>
<!DOCTYPE html PUBLIC "-//W3C//DTD XHTML 1.0 Transitional//EN"
    "http://www.w3.org/TR/xhtml1/DTD/xhtml1-transitional.dtd">
<html xmlns="http://www.w3.org/1999/xhtml" xml:lang="en" lang="en">
 <head>
  <title>
</title>
<meta http-equiv="Content-Type" content="text/html;charset=utf-8" />
  <meta name='ocr-system' content='tesseract 3.04.00' />
  <meta name='ocr-capabilities' content='ocr_page ocr_carea ocr_par ocr_line ocrx_word'/>
</head>
<body>
  <div class='ocr_page' id='page_1' title='image "apocalypsisexpli03sweduoft_0145.png"; bbox 0 0 1962 3334; ppageno 0'>
   <div class='ocr_carea' id='block_1_1' title="bbox 578 286 1705 374">
    <p class='ocr_par' dir='ltr' id='par_1_1' title="bbox 578 286 1705 374">
     <span class='ocr_line' id='line_1_1' title="bbox 578 286 1705 374; baseline -0.004 -35"><span class='ocrx_word' id='word_1_1' title='bbox 578 306 683 374; x_wconf 41' lang='lat' dir='ltr'>cap,</span> <span class='ocrx_word' id='word_1_2' title='bbox 707 307 790 348; x_wconf 67' lang='lat' dir='ltr'>lx„</span> <span class='ocrx_word' id='word_1_3' title='bbox 812 306 951 340; x_wconf 78' lang='lat' dir='ltr'>VERS.</span> <span class='ocrx_word' id='word_1_4' title='bbox 979 305 1150 351; x_wconf 88' lang='lat' dir='ltr'><strong>19.-N.</strong></span> <span class='ocrx_word' id='word_1_5' title='bbox 1176 295 1341 351; x_wconf 81' lang='lat' dir='ltr'><em>581[b].</em></span> <span class='ocrx_word' id='word_1_6' title='bbox 1450 286 1457 292; x_wconf 75' lang='grc'><strong>’</strong></span> <span class='ocrx_word' id='word_1_7' title='bbox 1596 303 1705 349; x_wconf 81' lang='lat'>1459</span> 
     </span>
    </p>
   </div>
   <div class='ocr_carea' id='block_1_2' title="bbox 217 418 1030 473">
    <p class='ocr_par' dir='ltr' id='par_1_2' title="bbox 217 418 1030 473">
     <span class='ocr_line' id='line_1_2' title="bbox 217 418 1030 473; baseline -0.002 -11"><span class='ocrx_word' id='word_1_8' title='bbox 217 419 372 462; x_wconf 89' lang='lat' dir='ltr'>Etiam</span> <span class='ocrx_word' id='word_1_9' title='bbox 396 419 591 462; x_wconf 86' lang='lat' dir='ltr'>astutiae</span> <span class='ocrx_word' id='word_1_10' title='bbox 617 418 926 473; x_wconf 88' lang='lat' dir='ltr'>significantur</span> <span class='ocrx_word' id='word_1_11' title='bbox 950 431 1030 473; x_wconf 89' lang='lat' dir='ltr'>per</span> 
     </span>
    </p>
   </div>
   <div class='ocr_carea' id='block_1_3' title="bbox 425 505 1495 550">
    <p class='ocr_par' dir='ltr' id='par_1_3' title="bbox 425 505 1495 550">
     <span class='ocr_line' id='line_1_3' title="bbox 425 505 1495 550; baseline -0.003 -9"><span class='ocrx_word' id='word_1_12' title='bbox 425 511 444 524; x_wconf 90' lang='lat'>“</span> <span class='ocrx_word' id='word_1_13' title='bbox 456 509 711 541; x_wconf 86' lang='lat' dir='ltr'>Leviathanem</span> <span class='ocrx_word' id='word_1_14' title='bbox 728 514 933 550; x_wconf 82' lang='lat' dir='ltr'>serpentem</span> <span class='ocrx_word' id='word_1_15' title='bbox 950 514 1151 540; x_wconf 87' lang='lat' dir='ltr'>tortuosum</span> <span class='ocrx_word' id='word_1_16' title='bbox 1162 507 1182 520; x_wconf 88' lang='grc'>”</span> <span class='ocrx_word' id='word_1_17' title='bbox 1197 506 1310 548; x_wconf 80' lang='lat' dir='ltr'>(Esai.</span> <span class='ocrx_word' id='word_1_18' title='bbox 1327 506 1435 539; x_wconf 84' lang='lat' dir='ltr'>xxvii.</span> <span class='ocrx_word' id='word_1_19' title='bbox 1454 505 1495 546; x_wconf 92' lang='lat'>1).</span> 
     </span>
    </p>
   </div>
   <div class='ocr_carea' id='block_1_4' title="bbox 216 596 1706 775">
    <p class='ocr_par' dir='ltr' id='par_1_4' title="bbox 216 596 1706 775">
     <span class='ocr_line' id='line_1_4' title="bbox 217 596 1704 651; baseline -0.003 -12"><span class='ocrx_word' id='word_1_20' title='bbox 217 597 352 651; x_wconf 82' lang='lat' dir='ltr'>Quod</span> <span class='ocrx_word' id='word_1_21' title='bbox 383 611 462 651; x_wconf 86' lang='lat' dir='ltr'>per</span> <span class='ocrx_word' id='word_1_22' title='bbox 488 601 760 650; x_wconf 89' lang='lat' dir='ltr'>“serpentes</span> <span class='ocrx_word' id='word_1_23' title='bbox 772 597 792 612; x_wconf 88' lang='lat'>’¹</span> <span class='ocrx_word' id='word_1_24' title='bbox 817 596 1094 650; x_wconf 83' lang='lat' dir='ltr'>significetur</span> <span class='ocrx_word' id='word_1_25' title='bbox 1118 596 1285 637; x_wconf 91' lang='lat' dir='ltr'>astutia</span> <span class='ocrx_word' id='word_1_26' title='bbox 1314 601 1362 637; x_wconf 90' lang='lat' dir='ltr'>et</span> <span class='ocrx_word' id='word_1_27' title='bbox 1392 608 1570 649; x_wconf 89' lang='lat' dir='ltr'>quoque</span> <span class='ocrx_word' id='word_1_28' title='bbox 1601 606 1704 646; x_wconf 83' lang='lat' dir='ltr'>pru·</span> 
     </span>
     <span class='ocr_line' id='line_1_5' title="bbox 216 659 1706 714; baseline -0.003 -12"><span class='ocrx_word' id='word_1_29' title='bbox 216 661 371 702; x_wconf 89' lang='lat' dir='ltr'>dentia</span> <span class='ocrx_word' id='word_1_30' title='bbox 409 674 524 714; x_wconf 87' lang='lat' dir='ltr'>quae</span> <span class='ocrx_word' id='word_1_31' title='bbox 559 660 678 714; x_wconf 91' lang='lat' dir='ltr'>apud</span> <span class='ocrx_word' id='word_1_32' title='bbox 714 659 946 701; x_wconf 84' lang='lat' dir='ltr'>sensuales</span> <span class='ocrx_word' id='word_1_33' title='bbox 983 660 1204 708; x_wconf 87' lang='lat' dir='ltr'>homines,</span> <span class='ocrx_word' id='word_1_34' title='bbox 1237 664 1449 700; x_wconf 87' lang='lat' dir='ltr'>constare</span> <span class='ocrx_word' id='word_1_35' title='bbox 1486 663 1641 711; x_wconf 89' lang='lat' dir='ltr'>potest</span> <span class='ocrx_word' id='word_1_36' title='bbox 1678 670 1706 698; x_wconf 90' lang='lat' dir='ltr'>a</span> 
     </span>
     <span class='ocr_line' id='line_1_6' title="bbox 217 722 1035 775; baseline -0.004 -10"><span class='ocrx_word' id='word_1_37' title='bbox 217 722 401 765; x_wconf 86' lang='lat' dir='ltr'>Domini</span> <span class='ocrx_word' id='word_1_38' title='bbox 426 723 572 764; x_wconf 89' lang='lat' dir='ltr'>verbis</span> <span class='ocrx_word' id='word_1_39' title='bbox 598 723 716 775; x_wconf 89' lang='lat' dir='ltr'>apud</span> <span class='ocrx_word' id='word_1_40' title='bbox 739 722 1035 771; x_wconf 77' lang='lat' dir='ltr'>Matthaeum‚</span> 
     </span>
    </p>
   </div>
   <div class='ocr_carea' id='block_1_5' title="bbox 281 812 1704 857">
    <p class='ocr_par' dir='ltr' id='par_1_5' title="bbox 281 812 1704 857">
     <span class='ocr_line' id='line_1_7' title="bbox 281 812 1704 857; baseline -0.003 -9"><span class='ocrx_word' id='word_1_41' title='bbox 281 816 434 849; x_wconf 86' lang='lat' dir='ltr'>“Estote</span> <span class='ocrx_word' id='word_1_42' title='bbox 451 816 642 857; x_wconf 88' lang='lat' dir='ltr'>prudentes</span> <span class='ocrx_word' id='word_1_43' title='bbox 659 816 750 848; x_wconf 89' lang='lat' dir='ltr'>sicut</span> <span class='ocrx_word' id='word_1_44' title='bbox 765 822 962 857; x_wconf 83' lang='lat' dir='ltr'>serpentes,</span> <span class='ocrx_word' id='word_1_45' title='bbox 979 821 1015 847; x_wconf 90' lang='lat' dir='ltr'>et</span> <span class='ocrx_word' id='word_1_46' title='bbox 1030 815 1212 856; x_wconf 87' lang='lat' dir='ltr'>simplices</span> <span class='ocrx_word' id='word_1_47' title='bbox 1229 815 1320 846; x_wconf 88' lang='lat' dir='ltr'>sicut</span> <span class='ocrx_word' id='word_1_48' title='bbox 1335 814 1523 846; x_wconf 87' lang='lat' dir='ltr'>columbae</span> <span class='ocrx_word' id='word_1_49' title='bbox 1533 813 1553 825; x_wconf 90' lang='lat'><strong>”</strong></span> <span class='ocrx_word' id='word_1_50' title='bbox 1568 812 1615 851; x_wconf 82' lang='lat' dir='ltr'>(x.</span> <span class='ocrx_word' id='word_1_51' title='bbox 1630 812 1704 854; x_wconf 87' lang='lat'>16):</span> 
     </span>
    </p>
   </div>
   <div class='ocr_carea' id='block_1_6' title="bbox 108 898 1708 1347">
    <p class='ocr_par' dir='ltr' id='par_1_6' title="bbox 108 898 1706 1271">
     <span class='ocr_line' id='line_1_8' title="bbox 108 898 1704 957; baseline -0.003 -12"><span class='ocrx_word' id='word_1_52' title='bbox 108 898 113 902; x_wconf 52' lang='lat'><em>⁷</em></span> <span class='ocrx_word' id='word_1_53' title='bbox 156 915 158 917; x_wconf 87' lang='grc'><em>·</em></span> <span class='ocrx_word' id='word_1_54' title='bbox 219 903 534 957; x_wconf 82' lang='lat' dir='ltr'>“prudentes”</span> <span class='ocrx_word' id='word_1_55' title='bbox 565 904 775 945; x_wconf 86' lang='lat' dir='ltr'>dicuntur</span> <span class='ocrx_word' id='word_1_56' title='bbox 804 904 878 957; x_wconf 89' lang='lat' dir='ltr'>qui</span> <span class='ocrx_word' id='word_1_57' title='bbox 909 904 953 943; x_wconf 90' lang='lat' dir='ltr'>in</span> <span class='ocrx_word' id='word_1_58' title='bbox 984 903 1120 952; x_wconf 91' lang='lat' dir='ltr'>bono,</span> <span class='ocrx_word' id='word_1_59' title='bbox 1149 901 1358 943; x_wconf 86' lang='lat' dir='ltr'>“astuti&#39;&#39;</span> <span class='ocrx_word' id='word_1_60' title='bbox 1388 902 1462 956; x_wconf 90' lang='lat' dir='ltr'>qui</span> <span class='ocrx_word' id='word_1_61' title='bbox 1492 902 1538 942; x_wconf 92' lang='lat' dir='ltr'>in</span> <span class='ocrx_word' id='word_1_62' title='bbox 1569 900 1704 948; x_wconf 87' lang='lat' dir='ltr'>malo,</span> 
     </span>
     <span class='ocr_line' id='line_1_9' title="bbox 217 964 1703 1020; baseline -0.003 -11"><span class='ocrx_word' id='word_1_63' title='bbox 217 974 287 1010; x_wconf 85' lang='lat' dir='ltr'>est</span> <span class='ocrx_word' id='word_1_64' title='bbox 311 968 430 1008; x_wconf 91' lang='lat' dir='ltr'>enirn</span> <span class='ocrx_word' id='word_1_65' title='bbox 457 967 696 1020; x_wconf 85' lang='lat' dir='ltr'>prudentia</span> <span class='ocrx_word' id='word_1_66' title='bbox 720 967 812 1007; x_wconf 89' lang='lat' dir='ltr'>veri</span> <span class='ocrx_word' id='word_1_67' title='bbox 838 980 897 1007; x_wconf 89' lang='lat' dir='ltr'>ex</span> <span class='ocrx_word' id='word_1_68' title='bbox 924 967 1059 1014; x_wconf 88' lang='lat' dir='ltr'>bono,</span> <span class='ocrx_word' id='word_1_69' title='bbox 1083 972 1130 1007; x_wconf 92' lang='lat' dir='ltr'>et</span> <span class='ocrx_word' id='word_1_70' title='bbox 1155 966 1323 1006; x_wconf 90' lang='lat' dir='ltr'>astutia</span> <span class='ocrx_word' id='word_1_71' title='bbox 1347 964 1444 1005; x_wconf 89' lang='lat' dir='ltr'>falsi</span> <span class='ocrx_word' id='word_1_72' title='bbox 1469 979 1529 1006; x_wconf 90' lang='lat' dir='ltr'>ex</span> <span class='ocrx_word' id='word_1_73' title='bbox 1556 964 1703 1015; x_wconf 89' lang='lat' dir='ltr'>malo;</span> 
     </span>
     <span class='ocr_line' id='line_1_10' title="bbox 217 1027 1706 1084; baseline -0.003 -12"><span class='ocrx_word' id='word_1_74' title='bbox 217 1036 265 1072; x_wconf 86' lang='lat' dir='ltr'>et</span> <span class='ocrx_word' id='word_1_75' title='bbox 300 1031 403 1084; x_wconf 85' lang='lat' dir='ltr'>quia</span> <span class='ocrx_word' id='word_1_76' title='bbox 435 1030 492 1071; x_wconf 92' lang='lat' dir='ltr'>ad</span> <span class='ocrx_word' id='word_1_77' title='bbox 526 1029 628 1071; x_wconf 92' lang='lat' dir='ltr'>illos</span> <span class='ocrx_word' id='word_1_78' title='bbox 657 1030 731 1083; x_wconf 91' lang='lat' dir='ltr'>qui</span> <span class='ocrx_word' id='word_1_79' title='bbox 767 1030 811 1070; x_wconf 91' lang='lat' dir='ltr'>in</span> <span class='ocrx_word' id='word_1_80' title='bbox 844 1029 965 1070; x_wconf 90' lang='lat' dir='ltr'>bono</span> <span class='ocrx_word' id='word_1_81' title='bbox 993 1035 1098 1070; x_wconf 88' lang='lat' dir='ltr'>sunt</span> <span class='ocrx_word' id='word_1_82' title='bbox 1130 1028 1207 1069; x_wconf 86' lang='lat' dir='ltr'>illa</span> <span class='ocrx_word' id='word_1_83' title='bbox 1239 1028 1462 1077; x_wconf 85' lang='lat' dir='ltr'>dicuntur,</span> <span class='ocrx_word' id='word_1_84' title='bbox 1492 1027 1595 1069; x_wconf 91' lang='lat' dir='ltr'>ideo</span> <span class='ocrx_word' id='word_1_85' title='bbox 1628 1041 1706 1081; x_wconf 89' lang='lat' dir='ltr'>per</span> 
     </span>
     <span class='ocr_line' id='line_1_11' title="bbox 219 1091 1702 1146; baseline -0.002 -12"><span class='ocrx_word' id='word_1_86' title='bbox 219 1093 520 1146; x_wconf 87' lang='lat' dir='ltr'>“serpentes’&#39;</span> <span class='ocrx_word' id='word_1_87' title='bbox 545 1093 589 1133; x_wconf 91' lang='lat' dir='ltr'>in</span> <span class='ocrx_word' id='word_1_88' title='bbox 626 1107 680 1134; x_wconf 92' lang='lat' dir='ltr'>eo</span> <span class='ocrx_word' id='word_1_89' title='bbox 718 1091 819 1133; x_wconf 93' lang='lat' dir='ltr'>loco</span> <span class='ocrx_word' id='word_1_90' title='bbox 855 1093 993 1133; x_wconf 88' lang='lat' dir='ltr'>etiam</span> <span class='ocrx_word' id='word_1_91' title='bbox 1029 1091 1222 1144; x_wconf 85' lang='lat' dir='ltr'>intelligi</span> <span class='ocrx_word' id='word_1_92' title='bbox 1260 1097 1413 1144; x_wconf 89' lang='lat' dir='ltr'>potest</span> <span class='ocrx_word' id='word_1_93' title='bbox 1450 1091 1702 1144; x_wconf 88' lang='lat' dir='ltr'>prudentia.</span> 
     </span>
     <span class='ocr_line' id='line_1_12' title="bbox 219 1153 1706 1209; baseline -0.002 -13"><span class='ocrx_word' id='word_1_94' title='bbox 219 1154 444 1209; x_wconf 83' lang='lat' dir='ltr'>Quoniam</span> <span class='ocrx_word' id='word_1_95' title='bbox 467 1156 661 1196; x_wconf 88' lang='lat' dir='ltr'>astutiae</span> <span class='ocrx_word' id='word_1_96' title='bbox 687 1155 906 1196; x_wconf 88' lang='lat' dir='ltr'>malorum</span> <span class='ocrx_word' id='word_1_97' title='bbox 933 1161 1037 1196; x_wconf 88' lang='lat' dir='ltr'>sunt</span> <span class='ocrx_word' id='word_1_98' title='bbox 1062 1154 1326 1203; x_wconf 88' lang='lat' dir='ltr'>diabolicae,</span> <span class='ocrx_word' id='word_1_99' title='bbox 1353 1154 1521 1195; x_wconf 88' lang='lat' dir='ltr'>idcirco</span> <span class='ocrx_word' id='word_1_100' title='bbox 1542 1153 1606 1194; x_wconf 88' lang='lat' dir='ltr'>illi</span> <span class='ocrx_word' id='word_1_101' title='bbox 1632 1154 1706 1207; x_wconf 87' lang='lat' dir='ltr'>qui</span> 
     </span>
     <span class='ocr_line' id='line_1_13' title="bbox 217 1216 1704 1271; baseline -0.003 -11"><span class='ocrx_word' id='word_1_102' title='bbox 217 1219 264 1260; x_wconf 91' lang='lat' dir='ltr'>in</span> <span class='ocrx_word' id='word_1_103' title='bbox 284 1218 371 1260; x_wconf 92' lang='lat' dir='ltr'>illis</span> <span class='ocrx_word' id='word_1_104' title='bbox 387 1225 491 1260; x_wconf 88' lang='lat' dir='ltr'>sunt</span> <span class='ocrx_word' id='word_1_105' title='bbox 509 1218 718 1259; x_wconf 88' lang='lat' dir='ltr'>dicuntur</span> <span class='ocrx_word' id='word_1_106' title='bbox 736 1218 1011 1259; x_wconf 88' lang='lat' dir='ltr'>“comedere</span> <span class='ocrx_word' id='word_1_107' title='bbox 1034 1218 1265 1271; x_wconf 89' lang='lat' dir='ltr'>pulverem</span> <span class='ocrx_word' id='word_1_108' title='bbox 1282 1216 1515 1270; x_wconf 90' lang='lat' dir='ltr'>:”—Apud</span> <span class='ocrx_word' id='word_1_109' title='bbox 1535 1216 1704 1263; x_wconf 85' lang='lat' dir='ltr'>Mosen,</span> 
     </span>
    </p>

    <p class='ocr_par' dir='ltr' id='par_1_7' title="bbox 284 1304 1708 1347">
     <span class='ocr_line' id='line_1_14' title="bbox 284 1304 1708 1347; baseline -0.002 -8"><span class='ocrx_word' id='word_1_110' title='bbox 284 1305 429 1339; x_wconf 65' lang='lat' dir='ltr'>Dictum</span> <span class='ocrx_word' id='word_1_111' title='bbox 452 1306 497 1338; x_wconf 92' lang='lat' dir='ltr'>ad</span> <span class='ocrx_word' id='word_1_112' title='bbox 521 1313 734 1347; x_wconf 89' lang='lat' dir='ltr'>serpentem,</span> <span class='ocrx_word' id='word_1_113' title='bbox 753 1304 994 1338; x_wconf 63' lang='lat' dir='ltr'>“Maledictus</span> <span class='ocrx_word' id='word_1_114' title='bbox 1013 1312 1092 1338; x_wconf 88' lang='lat' dir='ltr'>esto</span> <span class='ocrx_word' id='word_1_115' title='bbox 1116 1316 1201 1347; x_wconf 88' lang='lat' dir='ltr'>prae</span> <span class='ocrx_word' id='word_1_116' title='bbox 1225 1306 1391 1338; x_wconf 88' lang='lat' dir='ltr'>omnibus</span> <span class='ocrx_word' id='word_1_117' title='bbox 1410 1305 1543 1344; x_wconf 87' lang='lat' dir='ltr'>bestiis,</span> <span class='ocrx_word' id='word_1_118' title='bbox 1563 1311 1599 1336; x_wconf 93' lang='lat' dir='ltr'>et</span> <span class='ocrx_word' id='word_1_119' title='bbox 1622 1314 1708 1346; x_wconf 87' lang='lat' dir='ltr'>prae</span> 
     </span>
    </p>
   </div>
   <div class='ocr_carea' id='block_1_7' title="bbox 391 1349 1707 1433">
    <p class='ocr_par' dir='ltr' id='par_1_8' title="bbox 391 1349 1707 1433">
     <span class='ocr_line' id='line_1_15' title="bbox 391 1349 1707 1390; baseline -0.002 -8"><span class='ocrx_word' id='word_1_120' title='bbox 391 1350 557 1382; x_wconf 89' lang='lat' dir='ltr'>omnibus</span> <span class='ocrx_word' id='word_1_121' title='bbox 576 1350 660 1382; x_wconf 80' lang='lat' dir='ltr'>feris</span> <span class='ocrx_word' id='word_1_122' title='bbox 679 1350 755 1390; x_wconf 86' lang='lat' dir='ltr'>agri</span> <span class='ocrx_word' id='word_1_123' title='bbox 771 1359 779 1386; x_wconf 75' lang='grc' dir='ltr'>ς</span> <span class='ocrx_word' id='word_1_124' title='bbox 804 1359 912 1390; x_wconf 90' lang='lat' dir='ltr'>super</span> <span class='ocrx_word' id='word_1_125' title='bbox 930 1356 1055 1381; x_wconf 89' lang='lat' dir='ltr'>ventre</span> <span class='ocrx_word' id='word_1_126' title='bbox 1079 1356 1141 1381; x_wconf 89' lang='lat' dir='ltr'>tuo</span> <span class='ocrx_word' id='word_1_127' title='bbox 1159 1349 1370 1388; x_wconf 86' lang='lat' dir='ltr'>ambulabis,</span> <span class='ocrx_word' id='word_1_128' title='bbox 1390 1354 1426 1381; x_wconf 90' lang='lat' dir='ltr'>et</span> <span class='ocrx_word' id='word_1_129' title='bbox 1445 1349 1628 1390; x_wconf 89' lang='lat' dir='ltr'>pulverem</span> <span class='ocrx_word' id='word_1_130' title='bbox 1648 1358 1707 1380; x_wconf 92' lang='lat' dir='ltr'>co-</span> 
     </span>
     <span class='ocr_line' id='line_1_16' title="bbox 391 1392 1349 1433; baseline -0.002 -7"><span class='ocrx_word' id='word_1_131' title='bbox 391 1394 514 1426; x_wconf 87' lang='lat' dir='ltr'>medes</span> <span class='ocrx_word' id='word_1_132' title='bbox 530 1394 696 1425; x_wconf 89' lang='lat' dir='ltr'>omnibus</span> <span class='ocrx_word' id='word_1_133' title='bbox 713 1394 839 1426; x_wconf 89' lang='lat' dir='ltr'>diebus</span> <span class='ocrx_word' id='word_1_134' title='bbox 857 1394 950 1425; x_wconf 86' lang='lat' dir='ltr'>vitae</span> <span class='ocrx_word' id='word_1_135' title='bbox 967 1400 1049 1426; x_wconf 85' lang='lat' dir='ltr'>tuae</span> <span class='ocrx_word' id='word_1_136' title='bbox 1061 1392 1080 1405; x_wconf 86' lang='lat'><strong>”</strong></span> <span class='ocrx_word' id='word_1_137' title='bbox 1095 1393 1192 1433; x_wconf 79' lang='lat' dir='ltr'>(Gen.</span> <span class='ocrx_word' id='word_1_138' title='bbox 1209 1393 1256 1425; x_wconf 86' lang='lat' dir='ltr'>iii.</span> <span class='ocrx_word' id='word_1_139' title='bbox 1275 1393 1349 1433; x_wconf 84' lang='lat'>14);</span> 
     </span>
    </p>
   </div>
   <div class='ocr_carea' id='block_1_8' title="bbox 220 1469 1301 1574">
    <p class='ocr_par' dir='ltr' id='par_1_9' title="bbox 220 1469 1301 1574">
     <span class='ocr_line' id='line_1_17' title="bbox 220 1469 1090 1524; baseline 0 -12"><span class='ocrx_word' id='word_1_140' title='bbox 220 1469 339 1524; x_wconf 89' lang='lat' dir='ltr'>apud</span> <span class='ocrx_word' id='word_1_141' title='bbox 362 1469 565 1518; x_wconf 85' lang='lat' dir='ltr'>Esaiam,</span> <span class='ocrx_word' id='word_1_142' title='bbox 1083 1506 1090 1512; x_wconf 82' lang='grc'><strong><em>,</em></strong></span> 
     </span>
     <span class='ocr_line' id='line_1_18' title="bbox 627 1531 1301 1574; baseline 0 -10"><span class='ocrx_word' id='word_1_143' title='bbox 627 1533 646 1547; x_wconf 88' lang='grc'>“</span> <span class='ocrx_word' id='word_1_144' title='bbox 657 1532 821 1573; x_wconf 88' lang='lat' dir='ltr'>Serpenti</span> <span class='ocrx_word' id='word_1_145' title='bbox 838 1532 957 1574; x_wconf 88' lang='lat' dir='ltr'>pulvis</span> <span class='ocrx_word' id='word_1_146' title='bbox 973 1532 1077 1574; x_wconf 89' lang='lat' dir='ltr'>panis</span> <span class='ocrx_word' id='word_1_147' title='bbox 1089 1531 1108 1544; x_wconf 88' lang='lat'>¹&#39;</span> <span class='ocrx_word' id='word_1_148' title='bbox 1124 1532 1207 1573; x_wconf 89' lang='lat' dir='ltr'>(lxv.</span> <span class='ocrx_word' id='word_1_149' title='bbox 1224 1532 1301 1572; x_wconf 81' lang='lat'><strong>25):</strong></span> 
     </span>
    </p>
   </div>
   <div class='ocr_carea' id='block_1_9' title="bbox 218 1607 647 1661">
    <p class='ocr_par' dir='ltr' id='par_1_10' title="bbox 218 1607 647 1661">
     <span class='ocr_line' id='line_1_19' title="bbox 218 1607 647 1661; baseline -0.005 -11"><span class='ocrx_word' id='word_1_150' title='bbox 218 1613 267 1650; x_wconf 90' lang='lat' dir='ltr'>et</span> <span class='ocrx_word' id='word_1_151' title='bbox 291 1607 410 1661; x_wconf 82' lang='lat' dir='ltr'>apud</span> <span class='ocrx_word' id='word_1_152' title='bbox 434 1607 647 1656; x_wconf 83' lang='lat' dir='ltr'>Miclzam,</span> 
     </span>
    </p>
   </div>
   <div class='ocr_carea' id='block_1_10' title="bbox 522 1684 1400 1726">
    <p class='ocr_par' dir='ltr' id='par_1_11' title="bbox 522 1684 1400 1726">
     <span class='ocr_line' id='line_1_20' title="bbox 522 1684 1400 1726; baseline 0.001 -10"><span class='ocrx_word' id='word_1_153' title='bbox 522 1685 541 1699; x_wconf 79' lang='lat'>⁸⁸</span> <span class='ocrx_word' id='word_1_154' title='bbox 551 1684 725 1716; x_wconf 88' lang='lat' dir='ltr'>Lambent</span> <span class='ocrx_word' id='word_1_155' title='bbox 741 1684 925 1725; x_wconf 87' lang='lat' dir='ltr'>pulverem</span> <span class='ocrx_word' id='word_1_156' title='bbox 941 1685 1032 1717; x_wconf 85' lang='lat' dir='ltr'>sicut</span> <span class='ocrx_word' id='word_1_157' title='bbox 1048 1694 1197 1726; x_wconf 86' lang='lat' dir='ltr'>serpens</span> <span class='ocrx_word' id='word_1_158' title='bbox 1207 1684 1226 1697; x_wconf 79' lang='lat'>’¹</span> <span class='ocrx_word' id='word_1_159' title='bbox 1239 1684 1311 1726; x_wconf 86' lang='lat' dir='ltr'>(vii.</span> <span class='ocrx_word' id='word_1_160' title='bbox 1327 1684 1400 1725; x_wconf 92' lang='lat'>17):</span> 
     </span>
    </p>
   </div>
   <div class='ocr_carea' id='block_1_11' title="bbox 91 1770 1708 2132">
    <p class='ocr_par' dir='ltr' id='par_1_12' title="bbox 91 1770 1708 2132">
     <span class='ocr_line' id='line_1_21' title="bbox 217 1770 1705 1825; baseline 0.001 -14"><span class='ocrx_word' id='word_1_161' title='bbox 217 1780 298 1824; x_wconf 87' lang='lat' dir='ltr'>per</span> <span class='ocrx_word' id='word_1_162' title='bbox 320 1770 617 1824; x_wconf 85' lang='lat' dir='ltr'>“pulverem’&#39;</span> <span class='ocrx_word' id='word_1_163' title='bbox 638 1770 913 1824; x_wconf 87' lang='lat' dir='ltr'>significatur</span> <span class='ocrx_word' id='word_1_164' title='bbox 937 1771 1229 1821; x_wconf 83' lang='lat' dir='ltr'>damnatum;</span> <span class='ocrx_word' id='word_1_165' title='bbox 1262 1778 1308 1812; x_wconf 91' lang='lat' dir='ltr'>et</span> <span class='ocrx_word' id='word_1_166' title='bbox 1335 1785 1414 1825; x_wconf 89' lang='lat' dir='ltr'>per</span> <span class='ocrx_word' id='word_1_167' title='bbox 1437 1771 1705 1813; x_wconf 89' lang='lat' dir='ltr'>“ambulare</span> 
     </span>
     <span class='ocr_line' id='line_1_22' title="bbox 217 1833 1705 1887; baseline 0.001 -14"><span class='ocrx_word' id='word_1_168' title='bbox 217 1844 351 1886; x_wconf 85' lang='lat' dir='ltr'>super</span> <span class='ocrx_word' id='word_1_169' title='bbox 370 1839 528 1874; x_wconf 90' lang='lat' dir='ltr'>ventre</span> <span class='ocrx_word' id='word_1_170' title='bbox 543 1833 562 1848; x_wconf 94' lang='lat'>’&#39;</span> <span class='ocrx_word' id='word_1_171' title='bbox 584 1833 860 1887; x_wconf 83' lang='lat' dir='ltr'>significatur</span> <span class='ocrx_word' id='word_1_172' title='bbox 881 1833 1104 1882; x_wconf 87' lang='lat' dir='ltr'>sensuale,</span> <span class='ocrx_word' id='word_1_173' title='bbox 1122 1834 1241 1887; x_wconf 92' lang='lat' dir='ltr'>quod</span> <span class='ocrx_word' id='word_1_174' title='bbox 1263 1840 1333 1875; x_wconf 89' lang='lat' dir='ltr'>est</span> <span class='ocrx_word' id='word_1_175' title='bbox 1356 1834 1562 1875; x_wconf 90' lang='lat' dir='ltr'>ultimum</span> <span class='ocrx_word' id='word_1_176' title='bbox 1584 1836 1705 1876; x_wconf 86' lang='lat' dir='ltr'>vitae</span> 
     </span>
     <span class='ocr_line' id='line_1_23' title="bbox 217 1895 1708 1950; baseline 0.002 -14"><span class='ocrx_word' id='word_1_177' title='bbox 217 1896 339 1948; x_wconf 87' lang='lat' dir='ltr'>apud</span> <span class='ocrx_word' id='word_1_178' title='bbox 369 1895 624 1946; x_wconf 89' lang='lat' dir='ltr'>hominem;</span> <span class='ocrx_word' id='word_1_179' title='bbox 662 1903 708 1937; x_wconf 91' lang='lat' dir='ltr'>et</span> <span class='ocrx_word' id='word_1_180' title='bbox 740 1897 844 1950; x_wconf 90' lang='lat' dir='ltr'>quia</span> <span class='ocrx_word' id='word_1_181' title='bbox 874 1896 1081 1937; x_wconf 88' lang='lat' dir='ltr'>ultimum</span> <span class='ocrx_word' id='word_1_182' title='bbox 1111 1897 1232 1938; x_wconf 90' lang='lat' dir='ltr'>vitae</span> <span class='ocrx_word' id='word_1_183' title='bbox 1264 1903 1349 1946; x_wconf 90' lang='lat' dir='ltr'>est,</span> <span class='ocrx_word' id='word_1_184' title='bbox 1376 1898 1478 1938; x_wconf 88' lang='lat' dir='ltr'>ideo</span> <span class='ocrx_word' id='word_1_185' title='bbox 1509 1898 1552 1938; x_wconf 89' lang='lat' dir='ltr'>in</span> <span class='ocrx_word' id='word_1_186' title='bbox 1584 1898 1708 1939; x_wconf 90' lang='lat' dir='ltr'>nulla</span> 
     </span>
     <span class='ocr_line' id='line_1_24' title="bbox 122 1956 1705 2012; baseline 0.002 -13"><span class='ocrx_word' id='word_1_187' title='bbox 122 1956 125 1957; x_wconf 44' lang='lat'><em>⁷</em></span> <span class='ocrx_word' id='word_1_188' title='bbox 174 1965 177 1967; x_wconf 74' lang='grc'><strong><em>’</em></strong></span> <span class='ocrx_word' id='word_1_189' title='bbox 218 1957 523 2011; x_wconf 86' lang='lat' dir='ltr'>intelligentia</span> <span class='ocrx_word' id='word_1_190' title='bbox 560 1965 607 2000; x_wconf 89' lang='lat' dir='ltr'>et</span> <span class='ocrx_word' id='word_1_191' title='bbox 643 1959 865 2012; x_wconf 87' lang='lat' dir='ltr'>sapientia</span> <span class='ocrx_word' id='word_1_192' title='bbox 900 1966 984 2008; x_wconf 86' lang='lat' dir='ltr'>est,</span> <span class='ocrx_word' id='word_1_193' title='bbox 1022 1959 1102 2000; x_wconf 89' lang='lat' dir='ltr'>sed</span> <span class='ocrx_word' id='word_1_194' title='bbox 1143 1960 1187 2000; x_wconf 91' lang='lat' dir='ltr'>in</span> <span class='ocrx_word' id='word_1_195' title='bbox 1223 1961 1391 2001; x_wconf 87' lang='lat' dir='ltr'>astutia</span> <span class='ocrx_word' id='word_1_196' title='bbox 1430 1967 1477 2001; x_wconf 91' lang='lat' dir='ltr'>et</span> <span class='ocrx_word' id='word_1_197' title='bbox 1518 1961 1705 2010; x_wconf 88' lang='lat' dir='ltr'>malitia,</span> 
     </span>
     <span class='ocr_line' id='line_1_25' title="bbox 91 2011 1707 2077; baseline 0.002 -16"><span class='ocrx_word' id='word_1_198' title='bbox 91 2011 101 2026; x_wconf 51' lang='lat'><em>³</em></span> <span class='ocrx_word' id='word_1_199' title='bbox 219 2032 334 2074; x_wconf 90' lang='lat' dir='ltr'>quae</span> <span class='ocrx_word' id='word_1_200' title='bbox 364 2020 694 2075; x_wconf 85' lang='lat' dir='ltr'>intelligentiae</span> <span class='ocrx_word' id='word_1_201' title='bbox 726 2029 774 2063; x_wconf 93' lang='lat' dir='ltr'>et</span> <span class='ocrx_word' id='word_1_202' title='bbox 810 2023 1059 2076; x_wconf 88' lang='lat' dir='ltr'>sapientiae</span> <span class='ocrx_word' id='word_1_203' title='bbox 1090 2023 1342 2064; x_wconf 87' lang='lat' dir='ltr'>contrariae</span> <span class='ocrx_word' id='word_1_204' title='bbox 1378 2029 1497 2064; x_wconf 84' lang='lat' dir='ltr'>sunt.</span> <span class='ocrx_word' id='word_1_205' title='bbox 1567 2023 1707 2077; x_wconf 89' lang='lat' dir='ltr'>Apud</span> 
     </span>
     <span class='ocr_line' id='line_1_26' title="bbox 217 2081 386 2132; baseline 0 -8"><span class='ocrx_word' id='word_1_206' title='bbox 217 2081 386 2132; x_wconf 86' lang='lat' dir='ltr'>Mosen,</span> 
     </span>
    </p>
   </div>
   <div class='ocr_carea' id='block_1_12' title="bbox 285 2170 1709 2259">
    <p class='ocr_par' dir='ltr' id='par_1_13' title="bbox 285 2170 1709 2259">
     <span class='ocr_line' id='line_1_27' title="bbox 285 2170 1709 2215; baseline 0.004 -12"><span class='ocrx_word' id='word_1_207' title='bbox 285 2171 304 2187; x_wconf 81' lang='lat'>‘¹</span> <span class='ocrx_word' id='word_1_208' title='bbox 316 2170 396 2203; x_wconf 85' lang='lat' dir='ltr'>Dan</span> <span class='ocrx_word' id='word_1_209' title='bbox 416 2181 564 2213; x_wconf 86' lang='lat' dir='ltr'>serpens</span> <span class='ocrx_word' id='word_1_210' title='bbox 584 2182 691 2213; x_wconf 91' lang='lat' dir='ltr'>super</span> <span class='ocrx_word' id='word_1_211' title='bbox 710 2173 778 2211; x_wconf 88' lang='lat' dir='ltr'>via,</span> <span class='ocrx_word' id='word_1_212' title='bbox 798 2183 947 2213; x_wconf 84' lang='lat' dir='ltr'>serpens</span> <span class='ocrx_word' id='word_1_213' title='bbox 966 2172 1105 2213; x_wconf 83' lang='lat' dir='ltr'>jaculus</span> <span class='ocrx_word' id='word_1_214' title='bbox 1125 2183 1233 2215; x_wconf 91' lang='lat' dir='ltr'>super</span> <span class='ocrx_word' id='word_1_215' title='bbox 1251 2175 1389 2214; x_wconf 89' lang='lat' dir='ltr'>semita,</span> <span class='ocrx_word' id='word_1_216' title='bbox 1406 2175 1576 2207; x_wconf 87' lang='lat' dir='ltr'>mordens</span> <span class='ocrx_word' id='word_1_217' title='bbox 1596 2175 1709 2208; x_wconf 89' lang='lat' dir='ltr'>calca-</span> 
     </span>
     <span class='ocr_line' id='line_1_28' title="bbox 391 2214 1564 2259; baseline 0.003 -12"><span class='ocrx_word' id='word_1_218' title='bbox 391 2225 480 2247; x_wconf 91' lang='lat' dir='ltr'>neos</span> <span class='ocrx_word' id='word_1_219' title='bbox 496 2216 587 2257; x_wconf 84' lang='lat' dir='ltr'>equi,</span> <span class='ocrx_word' id='word_1_220' title='bbox 604 2223 640 2248; x_wconf 87' lang='lat' dir='ltr'>et</span> <span class='ocrx_word' id='word_1_221' title='bbox 656 2216 758 2248; x_wconf 88' lang='lat' dir='ltr'>cadet</span> <span class='ocrx_word' id='word_1_222' title='bbox 775 2214 921 2258; x_wconf 80' lang='lat' dir='ltr'>[¹]eques</span> <span class='ocrx_word' id='word_1_223' title='bbox 939 2217 1017 2257; x_wconf 86' lang='lat' dir='ltr'>ejus</span> <span class='ocrx_word' id='word_1_224' title='bbox 1034 2224 1228 2249; x_wconf 81' lang='lat' dir='ltr'>retrorsum</span> <span class='ocrx_word' id='word_1_225' title='bbox 1239 2217 1258 2230; x_wconf 86' lang='lat'><strong>”</strong></span> <span class='ocrx_word' id='word_1_226' title='bbox 1274 2218 1370 2258; x_wconf 88' lang='lat' dir='ltr'>(Gen.</span> <span class='ocrx_word' id='word_1_227' title='bbox 1387 2219 1471 2250; x_wconf 84' lang='lat' dir='ltr'>xlix.</span> <span class='ocrx_word' id='word_1_228' title='bbox 1491 2220 1564 2259; x_wconf 90' lang='lat'>17):</span> 
     </span>
    </p>
   </div>
   <div class='ocr_carea' id='block_1_13' title="bbox 97 2299 1708 2979">
    <p class='ocr_par' dir='ltr' id='par_1_14' title="bbox 97 2299 1708 2979">
     <span class='ocr_line' id='line_1_29' title="bbox 219 2299 1706 2355; baseline 0.003 -14"><span class='ocrx_word' id='word_1_229' title='bbox 219 2299 324 2354; x_wconf 86' lang='lat' dir='ltr'>quid</span> <span class='ocrx_word' id='word_1_230' title='bbox 367 2300 454 2342; x_wconf 91' lang='lat' dir='ltr'>hoc</span> <span class='ocrx_word' id='word_1_231' title='bbox 499 2300 813 2354; x_wconf 86' lang='lat' dir='ltr'>propheticum</span> <span class='ocrx_word' id='word_1_232' title='bbox 859 2301 914 2343; x_wconf 90' lang='lat' dir='ltr'>de</span> <span class='ocrx_word' id='word_1_233' title='bbox 960 2301 1089 2343; x_wconf 85' lang='lat' dir='ltr'>Dane</span> <span class='ocrx_word' id='word_1_234' title='bbox 1134 2302 1372 2355; x_wconf 84' lang='lat' dir='ltr'>significat,</span> <span class='ocrx_word' id='word_1_235' title='bbox 1414 2317 1549 2345; x_wconf 89' lang='lat' dir='ltr'>nemo</span> <span class='ocrx_word' id='word_1_236' title='bbox 1593 2305 1706 2346; x_wconf 87' lang='lat' dir='ltr'>scire</span> 
     </span>
     <span class='ocr_line' id='line_1_30' title="bbox 218 2363 1707 2420; baseline 0.003 -17"><span class='ocrx_word' id='word_1_237' title='bbox 218 2369 372 2415; x_wconf 86' lang='lat' dir='ltr'>potest</span> <span class='ocrx_word' id='word_1_238' title='bbox 411 2363 493 2404; x_wconf 89' lang='lat' dir='ltr'>nisi</span> <span class='ocrx_word' id='word_1_239' title='bbox 533 2364 646 2405; x_wconf 91' lang='lat' dir='ltr'>sciat</span> <span class='ocrx_word' id='word_1_240' title='bbox 686 2364 791 2417; x_wconf 91' lang='lat' dir='ltr'>quid</span> <span class='ocrx_word' id='word_1_241' title='bbox 832 2363 1108 2416; x_wconf 86' lang='lat' dir='ltr'>significatur</span> <span class='ocrx_word' id='word_1_242' title='bbox 1146 2378 1224 2418; x_wconf 90' lang='lat' dir='ltr'>per</span> <span class='ocrx_word' id='word_1_243' title='bbox 1261 2366 1492 2420; x_wconf 83' lang='lat' dir='ltr'>“equum”</span> <span class='ocrx_word' id='word_1_244' title='bbox 1527 2373 1574 2408; x_wconf 93' lang='lat' dir='ltr'>et</span> <span class='ocrx_word' id='word_1_245' title='bbox 1614 2367 1707 2420; x_wconf 84' lang='lat' dir='ltr'>ejus</span> 
     </span>
     <span class='ocr_line' id='line_1_31' title="bbox 222 2424 1708 2484; baseline 0.003 -18"><span class='ocrx_word' id='word_1_246' title='bbox 222 2424 540 2473; x_wconf 86' lang='lat' dir='ltr'>“calcaneos,’&#39;</span> <span class='ocrx_word' id='word_1_247' title='bbox 570 2432 667 2467; x_wconf 88' lang='lat' dir='ltr'>tum</span> <span class='ocrx_word' id='word_1_248' title='bbox 704 2427 810 2480; x_wconf 91' lang='lat' dir='ltr'>quid</span> <span class='ocrx_word' id='word_1_249' title='bbox 851 2440 930 2479; x_wconf 88' lang='lat' dir='ltr'>per</span> <span class='ocrx_word' id='word_1_250' title='bbox 962 2430 1260 2480; x_wconf 87' lang='lat' dir='ltr'>“serpentem</span> <span class='ocrx_word' id='word_1_251' title='bbox 1278 2428 1312 2478; x_wconf 85' lang='lat'>;&#39;’</span> <span class='ocrx_word' id='word_1_252' title='bbox 1357 2442 1434 2481; x_wconf 89' lang='lat' dir='ltr'>per</span> <span class='ocrx_word' id='word_1_253' title='bbox 1473 2430 1708 2484; x_wconf 89' lang='lat' dir='ltr'>“equum&#39;‘</span> 
     </span>
     <span class='ocr_line' id='line_1_32' title="bbox 219 2487 1705 2545; baseline 0.003 -17"><span class='ocrx_word' id='word_1_254' title='bbox 219 2487 494 2541; x_wconf 89' lang='lat' dir='ltr'>significatur</span> <span class='ocrx_word' id='word_1_255' title='bbox 510 2487 770 2530; x_wconf 70' lang='lat' dir='ltr'>intellectus</span> <span class='ocrx_word' id='word_1_256' title='bbox 791 2490 897 2537; x_wconf 87' lang='lat' dir='ltr'>veri,</span> <span class='ocrx_word' id='word_1_257' title='bbox 916 2495 963 2530; x_wconf 88' lang='lat' dir='ltr'>et</span> <span class='ocrx_word' id='word_1_258' title='bbox 985 2501 1065 2542; x_wconf 89' lang='lat' dir='ltr'>per</span> <span class='ocrx_word' id='word_1_259' title='bbox 1087 2491 1322 2543; x_wconf 86' lang='lat' dir='ltr'>“equitem</span> <span class='ocrx_word' id='word_1_260' title='bbox 1333 2491 1353 2506; x_wconf 90' lang='lat'>&#39;&#39;</span> <span class='ocrx_word' id='word_1_261' title='bbox 1374 2492 1705 2545; x_wconf 88' lang='lat' dir='ltr'>intelligentia;</span> 
     </span>
     <span class='ocr_line' id='line_1_33' title="bbox 97 2551 1703 2607; baseline 0.004 -17"><span class='ocrx_word' id='word_1_262' title='bbox 97 2601 103 2606; x_wconf 23' lang='lat' dir='ltr'>J</span> <span class='ocrx_word' id='word_1_263' title='bbox 221 2562 300 2603; x_wconf 90' lang='lat' dir='ltr'>per</span> <span class='ocrx_word' id='word_1_264' title='bbox 332 2553 630 2603; x_wconf 82' lang='lat' dir='ltr'>“serpentem</span> <span class='ocrx_word' id='word_1_265' title='bbox 642 2551 662 2566; x_wconf 88' lang='lat'><strong>”</strong></span> <span class='ocrx_word' id='word_1_266' title='bbox 688 2551 966 2604; x_wconf 87' lang='lat' dir='ltr'>significatur</span> <span class='ocrx_word' id='word_1_267' title='bbox 996 2552 1216 2602; x_wconf 88' lang='lat' dir='ltr'>sensuale,</span> <span class='ocrx_word' id='word_1_268' title='bbox 1243 2554 1364 2607; x_wconf 91' lang='lat' dir='ltr'>quod</span> <span class='ocrx_word' id='word_1_269' title='bbox 1396 2561 1466 2595; x_wconf 91' lang='lat' dir='ltr'>est</span> <span class='ocrx_word' id='word_1_270' title='bbox 1498 2555 1703 2596; x_wconf 90' lang='lat' dir='ltr'>ultimum</span> 
     </span>
     <span class='ocr_line' id='line_1_34' title="bbox 118 2612 1706 2670; baseline 0.004 -17"><span class='ocrx_word' id='word_1_271' title='bbox 118 2623 121 2628; x_wconf 85' lang='lat'>·</span> <span class='ocrx_word' id='word_1_272' title='bbox 141 2612 144 2614; x_wconf 78' lang='grc'><strong>’</strong></span> <span class='ocrx_word' id='word_1_273' title='bbox 172 2651 175 2653; x_wconf 74' lang='grc'>,</span> <span class='ocrx_word' id='word_1_274' title='bbox 218 2613 340 2655; x_wconf 86' lang='lat' dir='ltr'>vitae</span> <span class='ocrx_word' id='word_1_275' title='bbox 356 2612 700 2664; x_wconf 44' lang='lat' dir='ltr'>intellectuali&amp;</span> <span class='ocrx_word' id='word_1_276' title='bbox 732 2627 811 2667; x_wconf 88' lang='lat' dir='ltr'>per</span> <span class='ocrx_word' id='word_1_277' title='bbox 829 2614 1104 2656; x_wconf 91' lang='lat' dir='ltr'>“calcaneos</span> <span class='ocrx_word' id='word_1_278' title='bbox 1121 2617 1222 2670; x_wconf 92' lang='lat' dir='ltr'>equi</span> <span class='ocrx_word' id='word_1_279' title='bbox 1233 2616 1253 2632; x_wconf 89' lang='lat'>’&#39;</span> <span class='ocrx_word' id='word_1_280' title='bbox 1274 2617 1583 2670; x_wconf 87' lang='lat' dir='ltr'>significantur</span> <span class='ocrx_word' id='word_1_281' title='bbox 1600 2632 1706 2658; x_wconf 87' lang='lat' dir='ltr'>vera</span> 
     </span>
     <span class='ocr_line' id='line_1_35' title="bbox 119 2668 1706 2733; baseline 0.004 -18"><span class='ocrx_word' id='word_1_282' title='bbox 119 2668 128 2677; x_wconf 73' lang='grc'><strong><em>’</em></strong></span> <span class='ocrx_word' id='word_1_283' title='bbox 220 2673 266 2716; x_wconf 89' lang='lat' dir='ltr'>in</span> <span class='ocrx_word' id='word_1_284' title='bbox 295 2674 477 2724; x_wconf 89' lang='lat' dir='ltr'>ultimis,</span> <span class='ocrx_word' id='word_1_285' title='bbox 505 2690 619 2729; x_wconf 90' lang='lat' dir='ltr'>quae</span> <span class='ocrx_word' id='word_1_286' title='bbox 651 2683 755 2718; x_wconf 87' lang='lat' dir='ltr'>sunt</span> <span class='ocrx_word' id='word_1_287' title='bbox 787 2677 1034 2718; x_wconf 88' lang='lat' dir='ltr'>scientifica</span> <span class='ocrx_word' id='word_1_288' title='bbox 1063 2678 1312 2729; x_wconf 87' lang='lat' dir='ltr'>sensualia;</span> <span class='ocrx_word' id='word_1_289' title='bbox 1349 2680 1467 2733; x_wconf 91' lang='lat' dir='ltr'>quod</span> <span class='ocrx_word' id='word_1_290' title='bbox 1498 2680 1706 2722; x_wconf 92' lang='lat' dir='ltr'>sensuale</span> 
     </span>
     <span class='ocr_line' id='line_1_36' title="bbox 222 2737 1703 2791; baseline 0.005 -14"><span class='ocrx_word' id='word_1_291' title='bbox 222 2749 300 2790; x_wconf 88' lang='lat' dir='ltr'>per</span> <span class='ocrx_word' id='word_1_292' title='bbox 315 2737 680 2779; x_wconf 89' lang='lat' dir='ltr'>ratiocinationes</span> <span class='ocrx_word' id='word_1_293' title='bbox 694 2752 753 2780; x_wconf 87' lang='lat' dir='ltr'>ex</span> <span class='ocrx_word' id='word_1_294' title='bbox 771 2739 958 2780; x_wconf 87' lang='lat' dir='ltr'>fallaciis</span> <span class='ocrx_word' id='word_1_295' title='bbox 975 2739 1127 2781; x_wconf 87' lang='lat' dir='ltr'>laedat</span> <span class='ocrx_word' id='word_1_296' title='bbox 1140 2747 1186 2782; x_wconf 90' lang='lat' dir='ltr'>et</span> <span class='ocrx_word' id='word_1_297' title='bbox 1204 2742 1390 2783; x_wconf 88' lang='lat' dir='ltr'>seducat</span> <span class='ocrx_word' id='word_1_298' title='bbox 1407 2741 1703 2791; x_wconf 69' lang='lat' dir='ltr'>intellectum,</span> 
     </span>
     <span class='ocr_line' id='line_1_37' title="bbox 221 2799 1706 2860; baseline 0.005 -20"><span class='ocrx_word' id='word_1_299' title='bbox 221 2799 495 2853; x_wconf 87' lang='lat' dir='ltr'>significatur</span> <span class='ocrx_word' id='word_1_300' title='bbox 520 2815 597 2854; x_wconf 89' lang='lat' dir='ltr'>per</span> <span class='ocrx_word' id='word_1_301' title='bbox 622 2802 742 2855; x_wconf 87' lang='lat' dir='ltr'>quod</span> <span class='ocrx_word' id='word_1_302' title='bbox 770 2805 994 2855; x_wconf 88' lang='lat' dir='ltr'>“serpens</span> <span class='ocrx_word' id='word_1_303' title='bbox 1020 2803 1226 2846; x_wconf 86' lang='lat' dir='ltr'>mordeat</span> <span class='ocrx_word' id='word_1_304' title='bbox 1252 2805 1492 2847; x_wconf 89' lang='lat' dir='ltr'>calcaneos</span> <span class='ocrx_word' id='word_1_305' title='bbox 1517 2806 1633 2860; x_wconf 90' lang='lat' dir='ltr'>equi,</span> <span class='ocrx_word' id='word_1_306' title='bbox 1657 2812 1706 2847; x_wconf 90' lang='lat' dir='ltr'>et</span> 
     </span>
     <span class='ocr_line' id='line_1_38' title="bbox 221 2861 1704 2917; baseline 0.005 -15"><span class='ocrx_word' id='word_1_307' title='bbox 221 2861 353 2903; x_wconf 87' lang='lat' dir='ltr'>cadet</span> <span class='ocrx_word' id='word_1_308' title='bbox 389 2876 525 2916; x_wconf 90' lang='lat' dir='ltr'>eques</span> <span class='ocrx_word' id='word_1_309' title='bbox 561 2863 654 2917; x_wconf 84' lang='lat' dir='ltr'>ejus</span> <span class='ocrx_word' id='word_1_310' title='bbox 692 2864 987 2905; x_wconf 89' lang='lat' dir='ltr'>retrorsum:”</span> <span class='ocrx_word' id='word_1_311' title='bbox 1027 2865 1138 2907; x_wconf 91' lang='lat' dir='ltr'>haec</span> <span class='ocrx_word' id='word_1_312' title='bbox 1174 2865 1295 2908; x_wconf 66' lang='lat' dir='ltr'>dicta</span> <span class='ocrx_word' id='word_1_313' title='bbox 1325 2874 1429 2908; x_wconf 88' lang='lat' dir='ltr'>sunt</span> <span class='ocrx_word' id='word_1_314' title='bbox 1466 2868 1522 2908; x_wconf 90' lang='lat' dir='ltr'>de</span> <span class='ocrx_word' id='word_1_315' title='bbox 1558 2868 1704 2917; x_wconf 85' lang='lat' dir='ltr'>Dane,</span> 
     </span>
     <span class='ocr_line' id='line_1_39' title="bbox 222 2923 1705 2979; baseline 0.005 -15"><span class='ocrx_word' id='word_1_316' title='bbox 222 2923 324 2977; x_wconf 85' lang='lat' dir='ltr'>quia</span> <span class='ocrx_word' id='word_1_317' title='bbox 353 2925 492 2966; x_wconf 86' lang='lat' dir='ltr'>tribus</span> <span class='ocrx_word' id='word_1_318' title='bbox 522 2939 581 2966; x_wconf 88' lang='lat' dir='ltr'>ex</span> <span class='ocrx_word' id='word_1_319' title='bbox 613 2925 690 2967; x_wconf 90' lang='lat' dir='ltr'>illo</span> <span class='ocrx_word' id='word_1_320' title='bbox 713 2927 944 2968; x_wconf 88' lang='lat' dir='ltr'>nominata</span> <span class='ocrx_word' id='word_1_321' title='bbox 975 2934 1072 2970; x_wconf 84' lang='lat' dir='ltr'>erat</span> <span class='ocrx_word' id='word_1_322' title='bbox 1104 2928 1262 2974; x_wconf 87' lang='lat' dir='ltr'>ultima</span> <span class='ocrx_word' id='word_1_323' title='bbox 1286 2930 1495 2979; x_wconf 90' lang='lat' dir='ltr'>tribuum,</span> <span class='ocrx_word' id='word_1_324' title='bbox 1523 2937 1569 2972; x_wconf 92' lang='lat' dir='ltr'>et</span> <span class='ocrx_word' id='word_1_325' title='bbox 1601 2930 1705 2971; x_wconf 87' lang='lat' dir='ltr'>inde</span> 
     </span>
    </p>
   </div>
   <div class='ocr_carea' id='block_1_14' title="bbox 0 0 173 3334">
    <p class='ocr_par' dir='ltr' id='par_1_15' title="bbox 0 0 173 3334">
     <span class='ocr_line' id='line_1_40' title="bbox 0 0 173 3334; baseline 0 0"><span class='ocrx_word' id='word_1_326' title='bbox 0 0 173 3334; x_wconf 95' lang='lat' dir='ltr'> </span> 
     </span>
    </p>
   </div>
  </div>
 </body>
</html>
