1962 3334
46 1004 63 1011 ,ν

42 1018 66 1032 ,ι-

43 1037 63 1062 „5

55 1066 59 1073 ι

589 316 695 348 CAP.
719 315 782 356 x.,
803 314 942 347 VERs.
963 313 1110 359 9.-Ν.
1131 302 1302 358 619[a].
1583 302 1689 356 1563

187 429 324 486 *tibus
349 429 462 470 locis
476 428 687 482 z—Apud
711 427 996 477 Ezechielem,

276 516 421 550 Didium
441 524 496 549 est
517 517 728 558 Prophetae,
747 516 885 557 “Aperi
905 526 946 548 os
966 522 1080 553 tuum,
1099 522 1135 547 et
1153 515 1303 547 comede
1323 514 1419 556 quod
1439 514 1516 555 Ego
1535 514 1582 545 do
1602 513 1667 545 tibi
1683 522 1693 550 ς

374 567 411 593 et
429 561 515 598 vidi,
537 561 633 601 quod
656 570 739 592 ecce
762 570 891 591 manus
909 559 1044 591 emissa
1066 560 1113 591 ad
1136 569 1204 597 me,
1224 565 1260 590 et
1283 568 1367 590 ecce
1391 558 1429 589 in
1453 567 1498 589 ea
1517 558 1689 588 volumen

375 604 455 635 libri
472 614 480 639 ;
504 604 599 644 quod
612 614 693 635 cum
711 604 905 643 explicaret
921 612 1044 634 coram
1061 612 1129 640 me,
1143 602 1230 633 illud
1243 602 1416 642 scriptum
1430 607 1515 632 ante
1532 607 1567 632 et
1584 608 1667 640 post
1684 610 1691 637 ;

374 654 411 679 et
427 648 522 688 quod
535 648 707 687 scriptum
724 657 832 687 super
848 657 904 685 eo,
917 652 1022 678 erant
1037 646 1327 683 lamentationes,
1342 645 1499 685 gemitus
1515 650 1551 675 et
1568 644 1691 684 planc-

374 690 481 723 tus.”.
495 716 503 722 .
517 715 524 722 .
539 692 574 722 .“
585 690 687 722 Tunc
710 691 800 721 dixit
827 691 873 721 ad
900 700 969 728 me,
996 689 1063 721 Fili
1088 689 1274 727 hominis„
1288 713 1296 721 .
1310 713 1317 720 .
1332 688 1496 720 ,comede
1520 688 1691 719 volumen

374 735 453 772 hoc,
468 741 503 765 et
516 734 573 765 abi
586 734 732 775 loquere
745 734 791 764 ad
805 734 952 764 domum
968 733 1114 765 Israelis
1126 744 1133 765 z
1143 758 1152 765 .
1165 757 1173 764 .
1187 757 1196 764 .
1208 732 1355 764 ,deinde
1369 731 1460 763 dixit
1475 731 1521 762 ad
1534 741 1601 768 me,
1610 756 1618 762 .
1632 756 1641 762 .
1655 756 1663 762 .
1676 755 1686 762 .

376 777 550 809 Ventrem
570 784 668 809 tuum
690 777 779 814 ciba,
797 783 832 808 et
850 778 987 808 viscera
1005 783 1069 808 tua
1087 776 1196 816 imple
1212 775 1397 807 volumine
1416 775 1484 806 hoc
1500 775 1596 815 quod
1615 774 1692 814 Ego

374 821 422 853 do
441 821 516 859 tibi,
536 827 572 852 et
591 830 670 852 cum
690 821 842 858 comedi,
862 820 928 852 fuit
948 821 985 851 in
1005 830 1068 851 ore
1092 829 1174 851 meo
1193 819 1286 851 sicut
1305 819 1376 850 mel
1396 819 1515 859 quoad
1534 818 1692 850 dulcedi-

376 874 480 896 nem:
512 870 547 895 et
567 870 651 896 tunc
670 864 787 901 dixit„
802 889 809 895 .
823 889 831 895 .
844 864 932 896 ,Abi
952 864 999 895 ad
1018 864 1166 895 domum
1185 862 1342 900 Israelis,
1362 868 1398 894 et
1417 862 1563 903 loquere
1583 862 1693 893 verba

374 918 455 939 mea
470 908 516 939 ad
533 917 596 939 eos
608 907 626 919 '¹
643 908 691 947 (ii.
709 908 796 939 8-10
811 917 818 945 ;
842 917 917 948 cap.
935 907 982 939 iii.
1003 908 1100 946 1-4):

201 1013 315 1054 haec
341 1027 522 1067 prorsus
548 1012 710 1053 similia
739 1012 979 1053 involvunt
1010 1025 1126 1065 quae
1157 1011 1201 1052 in
1226 1010 1267 1051 A
1270 1009 1532 1063 pocalypsi,·
1569 1009 1691 1063 quod

142 1115 145 1117 ,
202 1075 454 1130 prophetae
481 1075 710 1117 Ezechieli
736 1076 1003 1116 mandatum
1034 1074 1165 1115 fuerit
1197 1080 1247 1115 ut
1275 1073 1578 1114 “comederet
1609 1086 1690 1113 vo·

201 1135 354 1180 lu'men
385 1138 522 1187 libri,’'
553 1139 698 1179 simile
734 1138 924 1179 involvit
960 1138 1081 1192 quod
1113 1137 1381 1178 mandatum
1411 1136 1609 1189 johanni
1641 1142 1690 1176 ut

204 1202 504 1243 “comederet
541 1201 782 1249 libellum‚’'
813 1214 991 1254 nempe,
1025 1207 1073 1241 ut
1110 1200 1428 1254 exploraretur
1459 1198 1691 1252 quomodo

202 1263 415 1305 Divinum
441 1264 627 1311 Verum,
651 1264 771 1318 quod
797 1270 868 1304 est
894 1264 939 1304 in
965 1263 1137 1311 Verbo,
1162 1263 1309 1303 adhuc
1337 1263 1564 1315 recipitur,
1589 1275 1690 1314 per-

202 1327 364 1381 cipitur
388 1333 435 1368 et
461 1328 774 1381 appropriatur
799 1327 886 1367 illis
912 1327 986 1380 qui
1011 1327 1069 1367 ab
1095 1326 1315 1376 ecclesia;
1350 1338 1456 1365 nam
1482 1339 1561 1378 per
1586 1338 1690 1378 pro-

203 1389 391 1443 phetam
418 1389 708 1430 Ezechielem
735 1396 781 1430 et
804 1389 1062 1442 Johannem
1090 1394 1461 1442 repraesentatur
1485 1385 1692 1428 doctrina

203 1450 314 1493 Veri
349 1458 398 1494 et
432 1452 664 1503 Verbum3
706 1453 811 1493 inde
847 1452 1108 1505 exploratio
1144 1451 1263 1505 apud
1300 1450 1403 1491 illos
1438 1448 1556 1491 facta
1592 1457 1688 1491 est:

203 1515 324 1569 quod
354 1514 472 1556 facta
508 1516 566 1556 sit
603 1530 682 1569 per
716 1515 993 1556 “comedere
1025 1514 1225 1563 librum‚”
1258 1521 1329 1555 est
1363 1514 1465 1567 quia
1497 1517 1687 1554 “come-

203 1578 310 1619 dere
321 1577 341 1594 '’
365 1577 590 1632 significat
616 1579 845 1632 percipere
871 1584 918 1619 et
945 1579 1007 1619 sic
1039 1578 1122 1618 sibi
1148 1577 1454 1631 appropriare,
1482 1582 1531 1617 ut
1557 1590 1692 1630 supra

204 1647 439 1682 ostensum
466 1649 562 1692 est;
603 1649 649 1682 et
675 1655 777 1683 cum
804 1642 848 1682 id
875 1641 1167 1695 exploratum
1194 1647 1279 1689 est,
1308 1653 1472 1692 nempe
1497 1639 1692 1692 qualiter

202 1702 406 1744 Verbum
429 1697 575 1745 adhuc
599 1705 855 1758 percipitur,
881 1710 988 1744 tunc
1012 1704 1175 1744 dicitur
1195 1703 1253 1743 ad
1279 1702 1550 1756 prophetam
1574 1702 1690 1743 Eze-

158 1808 165 1819 Γ
205 1765 398 1807 chielem
421 1773 470 1807 ut
490 1767 674 1807 “abiret
698 1768 755 1807 ad
778 1767 962 1807 domum
986 1766 1182 1814 Israelis,
1202 1771 1249 1806 et
1272 1765 1532 1818 loqueretur
1553 1765 1692 1805 verba

205 1827 292 1870 Dei
313 1829 370 1869 ad
392 1829 494 1870 illos
512 1829 547 1880 ;'’
577 1830 715 1870 etiam
739 1830 795 1870 ad
814 1829 1086 1884 prophetam
1102 1829 1359 1881 Johannem
1377 1829 1497 1882 quod
1518 1831 1691 1881 “opor-

205 1898 325 1933 teret
350 1892 475 1932 illum
502 1892 813 1945 prophetare‚”
836 1892 922 1932 hoc
946 1899 1030 1940 est,
1054 1892 1200 1932 adhuc
1228 1892 1393 1932 docere
1416 1891 1619 1932 Verbum
1645 1892 1690 1931 in

207 1955 426 2006 ecclesia;
464 1961 510 1996 et
536 1955 622 1995 hoc
649 1956 752 2008 quia
778 1955 888 1995 liber
913 1956 958 1995 in
985 1969 1061 1995 ore
1087 1954 1204 1995 illius
1231 1955 1426 1995 sentitus
1452 1960 1523 1994 est
1552 1953 1690 1994 “dul-

207 2018 272 2060 cis
293 2018 408 2059 sicut
432 2017 561 2066 mel,’'
578 2017 665 2058 hoc
689 2024 774 2066 est,
794 2019 896 2071 quia
914 2017 1116 2058 Verbum
1135 2017 1284 2070 quoad
1306 2030 1487 2057 sensum
1510 2016 1691 2057 litterae

205 2079 352 2122 adhuc
378 2087 448 2122 est
469 2080 731 2133 jucundum,
760 2081 840 2121 sed
867 2094 927 2121 ex
959 2094 1096 2121 causa
1122 2081 1224 2133 quia
1255 2079 1331 2120 ille
1362 2092 1520 2120 sensus
1546 2079 1690 2133 appli-

205 2143 296 2185 cari
321 2150 475 2197 potest
506 2144 563 2184 ad
589 2156 884 2197 quaecunque
912 2143 1130 2196 principia
1160 2142 1273 2191 falsi,
1301 2148 1348 2183 et
1378 2143 1437 2183 ad
1462 2156 1689 2196 quoscun-

205 2219 292 2260 que
327 2219 505 2247 amores
551 2206 672 2254 mali,
719 2212 765 2246 et
810 2206 873 2246 sic
916 2205 1002 2245 illis
1043 2206 1208 2246 servire
1250 2219 1331 2258 pro
1371 2205 1691 2246 confirmandis

201 2267 407 2321 jucundis
429 2270 550 2310 vitae
572 2268 791 2309 naturalis
813 2268 1034 2321 separatis
1060 2282 1085 2308 a
1101 2267 1309 2320 jucundis
1331 2269 1452 2309 vitae
1478 2269 1688 2321 spiritua·

207 2331 287 2382 lis;
324 2346 438 2386 quae
463 2345 565 2372 cum
593 2338 806 2385 separata
836 2337 955 2379 sunt,
983 2344 1105 2371 mere
1126 2330 1323 2383 jucunda
1353 2344 1557 2371 amorum
1589 2345 1689 2372 cor-

206 2395 325 2448 poris
342 2401 390 2435 et
411 2394 565 2435 mundi
587 2400 708 2443 sunt,
729 2394 846 2434 unde
865 2394 1081 2447 principia
1098 2393 1197 2434 salsi
1218 2407 1278 2434 ex
1299 2393 1500 2435 fallaciis.
1549 2393 1688 2447 Apud

204 2456 408 2506 Esaiam,

273 2556 411 2597 “Virgo
424 2557 602 2597 concipiet
618 2563 654 2588 et
670 2557 783 2597 pariet
801 2556 940 2593 Filium,
954 2562 990 2588 et
1006 2557 1150 2588 vocabit
1166 2566 1299 2588 nomen
1320 2556 1436 2597 Ipsius
1451 2556 1550 2588 Deus
1569 2557 1690 2588 nobis-

378 2610 458 2632 cum
474 2610 481 2637 ;
503 2601 671 2641 butyrum
685 2606 720 2631 et
732 2600 801 2631 mel
815 2600 988 2637 comedet,
998 2606 1037 2630 ut
1050 2600 1138 2631 sciat
1150 2601 1344 2640 reprobare
1357 2601 1492 2632 malum
1506 2607 1542 2632 et
1555 2601 1689 2640 eligere

379 2641 669 2683 bonum”([¹1vii.
690 2652 739 2682 14,
760 2644 832 2683 15):

207 2747 328 2801 quod
354 2747 465 2789 haec
492 2747 549 2789 de
576 2747 774 2788 Domino
799 2745 919 2788 dieta
944 2747 1050 2795 sint,
1077 2746 1392 2788 confirmatum
1419 2747 1537 2801 apud
1564 2747 1688 2788 Mat-

209 2808 383 2850 thaeum
410 2809 527 2864 (cap.
553 2811 579 2851 i.
607 2809 680 2863 23)
709 2810 940 2850 videatur:
978 2810 1165 2863 quisque
1196 2811 1347 2851 videre
1378 2817 1533 2864 potest
1566 2810 1687 2863 quod

209 2885 287 2924 per
324 2872 572 2925 “butyrum
610 2879 656 2913 et
694 2872 814 2913 mel'‘
851 2886 941 2913 non
978 2872 1037 2912 ibi
1072 2872 1355 2926 intelligatur
1390 2873 1602 2925 butyrum
1639 2880 1687 2914 et

210 2933 313 2984 mel,
345 2935 424 2976 sed
455 2935 636 2989 aliquod
669 2935 882 2976 Divinum
914 2936 1298 2989 correspondens;
1336 2949 1440 2977 nam
1472 2937 1685 2990 sequitur,

748 3028 766 3053 Ι
