1962 3334
276 262 382 314 1598
685 272 1018 308 APOCALYPSIS
1050 276 1350 309 EXPLICATA.

344 400 415 443 19.
465 385 528 432 Et
560 396 783 448 apertum
816 398 892 435 est
920 388 1156 452 templum
1187 389 1285 437 Dei
1319 390 1366 436 in
1401 388 1551 444 caelo,
1582 400 1632 438 et
1659 389 1764 438 visa

269 471 345 508 est
367 478 478 508 arca
501 461 710 510 foederis
739 463 895 526 Ipsius
925 465 972 512 in
996 465 1181 528 templo
1209 466 1389 529 Ipsius;
1427 476 1477 514 et
1501 465 1629 514 fafita
1652 477 1764 513 sunt

269 536 458 601 fulgura
487 548 537 586 et
561 555 707 586 voces
732 550 782 587 et
805 540 1019 589 tonitrua
1047 552 1097 589 et
1125 552 1283 589 terrae
1309 552 1470 589 motus
1500 552 1550 589 et
1572 542 1763 606 grando

269 630 465 678 magna.
1505 628 1513 632 “

822 791 1084 823 EXPLICA
1100 793 1211 824 TIO.

895 890 1033 914 VERSUS
1056 891 1083 921 1,
1105 891 1135 915 2.

349 949 483 991 626·
517 963 577 990 “ft
591 964 678 991 datus
698 965 745 991 est
759 964 830 990 mihi
845 965 974 991 calamus
990 965 1096 991 simills
1113 965 1220 996 baculo,
1238 967 1269 992 et
1283 967 1403 998 angelus
1418 966 1537 993 adstitit}
1550 966 1658 998 dlcens.
1675 966 1765 999 Surae

268 1002 298 1027 et
311 1002 415 1028 metire
427 1004 563 1035 templum
580 1003 630 1030 Dei
644 1005 674 1030 et
687 1005 792 1035 altare,
807 1006 838 1030 et
852 1005 1010 1031 adorantes
1026 1005 1055 1031 ἰη
1068 1012 1109 1031 eo.
1148 1005 1182 1031 ft
1196 1005 1312 1036 atrium,
1327 1006 1402 1038 quod
1416 1007 1501 1032 extra
1514 1007 1661 1038 templum,
1675 1006 1765 1039 refice

265 1039 360 1072 foras,
375 1042 406 1067 et
417 1048 453 1067 ne
465 1041 537 1068 Illud
548 1042 690 1074 metiart's,
705 1043 773 1075 quia
786 1043 885 1069 datum
898 1045 946 1070 est
957 1043 1101 1076 gentibus,
1117 1045 1147 1070 et
1158 1044 1307 1070 civitatem
1320 1045 1452 1070 sanctam
1465 1041 1673 1071 conculcabunt
1685 1051 1765 1071 men-

267 1078 350 1122 εΙριιε
368 1079 562 1112 quadraqtnta
580 1081 724 1107 duobus.¹'

315 1159 343 1183 1.
377 1151 440 1185 “ft
454 1152 557 1186 datus
574 1155 632 1187 est
645 1153 730 1186 mihi
743 1154 899 1187 calamus
915 1153 1038 1188 similis
1055 1154 1206 1192 baculo,''
1218 1154 1382 1196 significat
1399 1156 1532 1186 modum
1549 1155 1766 1192 mkitationis,
1781 1181 1783 1183 ,

445 1197 504 1228 hoc
526 1202 579 1235 est,
597 1199 836 1240 explorationis
858 1200 968 1240 qualis
991 1204 1037 1230 est
1057 1200 1186 1230 ecclesia
1202 1200 1315 1241 quoad
1333 1210 1453 1230 verum
1475 1204 1506 1230 et
1519 1200 1632 1241 quoad
1644 1200 1765 1231 bonum

447 1241 498 1284 [n.
517 1241 621 1284 627];
652 1247 667 1259 ‘⁴
680 1245 716 1275 et
729 1243 875 1286 angelus
891 1243 1030 1276 adstitit
1051 1243 1198 1280 dicens‚''
1216 1243 1381 1285 significat
1396 1245 1603 1275 voluntatem
1621 1244 1769 1275 Domini

445 1291 477 1316 et
499 1287 699 1318 mandatum
728 1287 779 1330 [n.
805 1287 908 1330 628];
944 1287 1084 1331 “Sur-qe,
1111 1287 1231 1321 metire
1255 1289 1418 1331 templum
1442 1287 1506 1321 Dei
1526 1290 1562 1321 ei
1584 1289 1706 1325 altare,
1732 1290 1768 1321 et

445 1330 634 1364 adorantes
657 1331 691 1364 ln
717 1332 785 1368 eo,''
803 1331 967 1372 significat
985 1337 1023 1363 ut
1038 1333 1182 1373 exploret
1196 1333 1372 1370 ecclesiam,
1388 1333 1499 1374 qualis
1521 1337 1567 1363 est
1587 1333 1700 1374 quoad
1719 1343 1766 1363 re-

446 1376 621 1416 ceptionem
638 1376 771 1407 Divini
795 1377 872 1407 Veri
892 1381 923 1407 et
936 1377 1069 1408 Divini
1083 1377 1186 1415 Boni,
1203 1381 1234 1408 et
1255 1377 1333 1408 inde
1355 1378 1468 1419 quoad
1481 1378 1607 1408 cultum
1623 1376 1770 1408 Domini

449 1419 501 1462 [n.
520 1419 618 1462 629].

313 1491 346 1516 2.
379 1482 442 1515 “ft
455 1482 593 1521 atrium,
610 1483 703 1526 quod
713 1486 811 1517 extra
825 1485 998 1527 templum,
1017 1484 1121 1528 rejice
1139 1485 1245 1522 foras,
1265 1486 1302 1518 et
1317 1494 1360 1518 ne
1373 1483 1460 1517 illud
1469 1483 1653 1521 metiaris?
1667 1483 1766 1524 signi-

446 1526 522 1559 ficat
538 1529 628 1570 quod
640 1534 816 1560 externum
841 1528 946 1566 Verbi,
959 1534 990 1560 et
1005 1530 1082 1560 inde
1097 1530 1244 1560 ecclesiae
1260 1534 1290 1560 et
1304 1530 1422 1566 cultus,
1440 1539 1507 1559 non
1524 1529 1766 1569 explorandum

446 1572 491 1603 sit
508 1572 558 1615 [n.
576 1571 676 1615 63o];
704 1573 804 1616 “quia
821 1573 939 1606 datum
957 1575 1015 1607 est
1025 1573 1215 1617 gentibus?
1229 1573 1394 1614 significat
1409 1573 1568 1615 quoniam
1587 1573 1766 1614 idperver-

445 1627 520 1648 sum
536 1621 583 1648 est
587 1622 653 1659 per
669 1619 758 1648 mala
775 1618 863 1649 vitae
875 1622 906 1649 et
910 1619 1006 1660 falsa
1023 1618 1196 1649 doctrinae
1211 1618 1262 1660 [n.
1275 1617 1377 1660 631];
1404 1619 1462 1650 “et
1475 1616 1647 1650 &ivitatem
1665 1626 1767 1649 sanc-

448 1663 519 1694 tam
536 1661 810 1698 conculcabunt‚”
824 1662 988 1703 significat
1012 1664 1102 1704 quod
1114 1663 1321 1693 destructuri
1335 1672 1463 1693 omnem
1487 1662 1676 1692 doctrinam
1693 1661 1770 1692 veri

447 1710 478 1736 et
500 1706 579 1737 boni
592 1717 633 1737 ex
655 1707 758 1739 Verbo
778 1706 826 1749 [n.
845 1706 948 1749 632];
977 1706 1173 1739 “mensibus
1189 1705 1414 1750 quadraginta
1433 1705 1591 1742 duobus,”
1605 1703 1767 1746 significat

448 1762 550 1792 usque
565 1751 726 1793 adfinem
742 1751 862 1782 veteris
877 1752 1024 1782 ecclesiae
1039 1757 1070 1782 et
1077 1751 1287 1794 prz'nczjoium
1305 1761 1409 1782 novae
1428 1750 1478 1793 [n.
1497 1749 1589 1792 633].

356 1850 570 1904 627[a].
603 1861 770 1899 [Vers.1.]
802 1851 881 1890 “Et
901 1851 1021 1891 datus
1045 1854 1113 1891 est
1137 1850 1235 1890 mihi
1260 1850 1445 1890 calamus
1472 1848 1614 1889 similis
1643 1849 1768 1889 baou-

272 1911 549 1964 lo.''—Quod
575 1910 807 1964 significet
833 1911 1008 1951 modum
1033 1910 1335 1958 visitationis,
1362 1909 1439 1949 lzoc
1461 1914 1541 1954 est,
1556 1907 1764 1961 explora-

273 1973 407 2014 tionis
422 1972 569 2027 qualis
586 1979 653 2013 est
667 1972 843 2013 ccclesia
854 1972 1003 2025 quoad
1014 1986 1166 2012 verum
1186 1977 1228 2012 et
1242 1970 1391 2024 quoad
1400 1969 1568 2017 bonum,
1582 1975 1765 2010 constat

274 2051 334 2078 ex
360 2036 692 2089 significatione
723 2035 963 2084 “calami,”
989 2035 1109 2089 quod
1142 2036 1199 2075 sit
1232 2048 1310 2087 per
1342 2046 1474 2087 quem
1501 2032 1767 2086 exploratur

274 2099 498 2153 qualitas;
537 2113 616 2152 per
640 2099 826 2139 “metiri
839 2098 858 2113 ’'
881 2098 999 2139 enim
1027 2097 1306 2151 significatur
1331 2095 1586 2149 explorare,
1615 2102 1661 2136 et
1688 2109 1767 2149 per

278 2162 605 2203 “mensuram''
629 2162 825 2215 qualitas
848 2162 937 2211 rei;
970 2161 1074 2201 inde
1099 2174 1177 2214 per
1202 2164 1227 2180 ‘⁴
1243 2158 1508 2207 calamum,’'
1531 2173 1609 2212 per
1634 2171 1766 2212 quem

276 2227 512 2267 metiretur
544 2224 767 2278 templum
801 2231 847 2265 et
880 2224 1040 2273 altare,
1069 2230 1117 2264 ut
1150 2223 1364 2277 sequitur,
1391 2236 1468 2262 seu
1500 2235 1578 2275 per
1607 2221 1767 2262 “cala-

275 2302 396 2330 mum
416 2287 693 2337 mensurae,”
711 2287 990 2341 significatur
1008 2286 1169 2327 modus
1186 2284 1456 2339 explorandi
1471 2283 1765 2337 qualitatem:

275 2352 395 2407 quod
418 2353 475 2392 sit
500 2352 661 2392 modus
684 2350 955 2404 explorandi
978 2350 1121 2404 qualis
1145 2355 1214 2390 est
1237 2348 1430 2389 ecclesia
1447 2347 1596 2401 quoad
1613 2360 1768 2388 verum

275 2422 322 2456 et
354 2415 503 2469 quoad
530 2414 714 2462 bonum,
743 2420 813 2455 est
845 2414 949 2467 quia
975 2413 1177 2467 sequitur
1203 2411 1324 2465 quod
1350 2411 1624 2451 “metiretur
1650 2416 1768 2450 tem-

275 2478 400 2531 plum
427 2484 473 2518 et
506 2476 667 2524 altare,
695 2483 741 2517 et
769 2476 1014 2517 adorantes
1046 2476 1090 2516 in
1116 2474 1210 2524 eo‚'’
1242 2488 1320 2528 per
1351 2487 1465 2526 quae
1492 2471 1770 2525 significatur

275 2540 468 2582 ecclesia
494 2540 643 2593 quoad
666 2552 821 2580 verum
844 2545 890 2580 et
917 2538 1066 2592 quoad
1092 2539 1274 2586 bonum,
1299 2543 1345 2577 et
1372 2537 1475 2576 inde
1502 2535 1650 2589 quoad
1673 2535 1767 2576 cul·

277 2611 388 2645 tum.
452 2602 586 2656 Quod
615 2602 857 2643 “calamus
871 2602 890 2617 '’
916 2603 1055 2643 etiam
1093 2599 1319 2654 significet
1345 2600 1669 2647 visitationem,
1698 2604 1768 2639 est

276 2667 380 2719 quia
419 2666 623 2706 visitatio
661 2672 732 2706 est
774 2664 1035 2718 exploratio
1076 2664 1310 2704 hominum
1352 2661 1572 2702 ecclesiae
1613 2661 1768 2714 quales

276 2736 397 2777 sunt,
418 2735 464 2770 et
488 2730 591 2782 quia
612 2730 815 2770 visitatio
833 2726 1100 2782 [¹1praecedit
1124 2726 1332 2767 ultimum
1349 2724 1578 2778 judicium,
1603 2724 1658 2764 de
1681 2737 1769 2776 quo

276 2799 439 2846 postea
480 2793 642 2845 agitur.
719 2790 878 2844 Qualis
916 2797 986 2832 est
1024 2790 1227 2830 visitatio
1264 2802 1341 2828 seu
1377 2787 1635 2840 exploratio
1676 2785 1766 2832 illa,

276 2863 488 2896 constare
521 2861 677 2908 potest
709 2854 1063 2895 ex'visitatione
1100 2853 1144 2892 in
1177 2851 1390 2899 Sodoma,
1425 2849 1544 2903 quod
1576 2849 1768 2902 primum

276 2918 381 2960 illuc
406 2919 528 2959 missi
554 2918 716 2959 suerint
740 2917 905 2970 angeli,
931 2929 981 2958 ac
1005 2929 1084 2970 per
1106 2914 1207 2956 illos
1229 2913 1431 2954 visitatio
1454 2926 1531 2953 seu
1554 2909 1767 2964 explora·
