1962 3334
593 271 700 304 CAP.
723 271 805 312 XL,
828 271 967 303 VERS.
994 271 1163 303 11.—N.
1184 262 1280 303 666.
1499 268 1502 271 ’
1574 261 1679 314 1783

193 391 329 439 cepta
365 384 529 425 amoris
566 390 613 425 et
650 383 766 433 fidei,
805 383 892 424 hoc
929 389 1015 432 est,
1049 383 1296 424 secundum
1332 382 1452 423 bona
1490 388 1536 423 et
1574 394 1680 421 vera

193 446 425 490 doetrinae
451 462 510 488 ex
537 447 718 498 Verbo3
757 447 877 500 quod
909 446 1015 487 dum
1041 445 1105 494 fit,
1133 447 1229 499 ipse
1255 446 1393 486 homo
1420 443 1680 498 purificatur

193 525 272 552 seu
297 517 615 564 regeneratur;
648 523 753 551 nam
775 511 925 550 vivere
952 509 1199 550 secundum
1222 509 1342 549 bona
1366 515 1413 549 et
1436 522 1543 548 vera
1569 508 1679 548 doc-

193 574 340 616 trinae
370 587 429 614 ex
461 572 630 621 Verbo,
663 579 734 613 est
765 572 883 613 velle
919 571 997 612 illa
1033 578 1079 613 et
1117 572 1221 612 inde
1257 571 1402 612 facere
1434 570 1525 618 illa,
1558 569 1678 623 quod

194 635 314 676 idem
354 642 424 676 est
465 649 566 676 cum
603 634 718 676 affici
759 635 847 675 illis
888 641 934 675 et
972 648 1124 675 amare
1161 634 1264 684 illa;
1309 633 1429 687 quod
1469 633 1589 673 enim
1629 631 1679 673 fit

193 698 445 739 voluntatis
477 698 563 739 hoc
594 697 644 739 fit
676 696 923 738 affeffionis
955 704 1002 738 et
1034 697 1213 745 amoriS,
1242 696 1430 750 proinde
1461 695 1510 736 fit
1542 696 1680 748 ipsius

193 760 388 801 hominis
405 775 415 811 ;
449 774 552 801 nam
574 760 787 801 voluntas
809 767 879 800 est
902 761 997 813 ipse
1019 759 1172 808 homo,
1197 760 1300 813 quia
1322 759 1460 799 homo
1482 764 1553 799 est
1576 771 1680 798 suus

194 836 322 864 amor
341 830 387 864 et
411 837 490 863 sua
506 821 706 864 affee'tio:
740 837 876 876 quare
898 823 1061 863 dicitur
1084 822 1204 876 quod
1228 828 1335 862 tunc
1357 826 1520 862 “totus
1542 820 1681 861 homo

195 886 388 926 mundus
419 886 517 927 sit.”
577 886 651 926 Ex
688 886 757 926 his
789 892 918 939 patet
951 886 1069 926 unde
1100 891 1170 925 est
1203 885 1323 938 quod
1359 888 1518 924 “stare
1550 898 1682 937 super

195 948 383 1002 pedibus
394 948 414 964 '’
436 950 494 989 sit
520 949 616 989 vita
639 948 783 1002 qualis
809 955 879 989 est
901 955 1199 1001 regenerato:
1233 948 1337 988 inde
1363 953 1433 987 est
1460 946 1580 999 quod
1608 946 1680 986 ubi

195 1012 346 1064 agitur
376 1011 432 1052 de
460 1012 674 1052 “ossibus
704 1012 839 1052 aridis
851 1011 872 1026 ''
898 1012 1004 1052 visis
1036 1011 1290 1064 prophetae
1321 1023 1454 1063 super
1484 1009 1682 1050 faciebus

195 1073 341 1122 vallis,
384 1080 625 1127 postquam
667 1074 826 1115 induta
865 1074 1043 1115 fuerunt
1085 1074 1246 1122 nervis,
1289 1086 1423 1114 carne
1468 1079 1515 1112 et
1561 1078 1680 1119 cute,

195 1137 385 1185 dicatur,

263 1224 382 1256 “Cum
402 1225 612 1265 prophetavi
623 1224 656 1257 ”.
671 1250 679 1257 .
693 1226 751 1257 ,de
768 1225 903 1265 spiritu,
922 1225 1095 1256 “intravit
1111 1225 1147 1256 in
1168 1235 1230 1256 eos
1243 1225 1398 1265 spiritus,
1416 1230 1451 1255 et
1468 1224 1682 1261 revixerunt,

369 1274 405 1300 et
421 1275 596 1300 steterunt
612 1279 719 1309 super
735 1269 883 1309 pedibus
900 1269 974 1300 suis
984 1268 1002 1280 ”
1019 1269 1154 1308 (Ezech.
1175 1269 1306 1300 xxxvii.
1327 1269 1398 1307 1o):

197 1377 277 1416 per
299 1366 458 1404 “stare
480 1377 612 1416 super
633 1363 822 1416 pedibus
838 1363 857 1378 ”
879 1364 1019 1404 etiam
1046 1363 1117 1404 hic
1144 1362 1423 1416 significatur
1445 1363 1540 1403 vita
1566 1375 1684 1402 nova

197 1425 341 1479 qualis
385 1431 456 1466 est
500 1432 799 1478 regenerato;
852 1439 956 1466 nam
1004 1440 1083 1479 per
1130 1430 1272 1466 “ossa
1316 1424 1479 1472 arida,”
1525 1425 1684 1478 quibus

136 1524 140 1537 ,
198 1488 471 1529 assimilatur
514 1489 675 1528 domus
716 1488 909 1536 Israelis,
952 1488 1231 1541 significatur
1276 1495 1423 1528 status
1464 1487 1684 1528 ecclesiae

202 1551 320 1604 apud
351 1550 467 1599 illos,
495 1551 615 1604 quod
647 1557 767 1591 esset
799 1551 968 1604 absque
1000 1551 1130 1591 bonis
1156 1552 1320 1591 amoris
1353 1558 1398 1591 et
1431 1551 1547 1590 veris
1573 1551 1683 1590 doc-

199 1613 372 1663 trinae;
415 1620 462 1654 et
502 1627 581 1667 per
619 1614 930 1654 “induitiones
971 1627 1223 1662 nervorum,
1263 1614 1408 1654 carnis
1449 1619 1495 1653 et
1536 1612 1685 1653 cutis'’

198 1675 477 1728 significatur
507 1677 820 1729 regeneratio;
863 1683 910 1717 et
946 1690 1025 1729 per
1059 1676 1342 1729 “spiritum,'’
1374 1677 1448 1728 qui
1481 1676 1683 1723 intravit,

200 1751 318 1778 nova
339 1739 434 1779 vita
459 1752 538 1792 per
558 1738 776 1779 influxum
799 1745 845 1779 et
872 1739 1183 1792 receptionem
1207 1738 1358 1779 Divini
1381 1737 1515 1786 Veri;
1548 1751 1684 1791 quare

199 1806 308 1841 tunc
340 1801 503 1842 dicitur
533 1802 652 1855 quod
687 1802 973 1844 “revixerint
1005 1808 1052 1842 et
1084 1803 1298 1842 steterint
1331 1815 1463 1854 super
1496 1801 1684 1854 pedibus

201 1862 330 1903 suis.”
389 1863 543 1905 Simile
574 1864 852 1917 significatur
876 1878 956 1918 per
984 1868 1144 1905 “stare
1175 1878 1308 1917 super
1333 1863 1553 1917 pedibus”
1579 1863 1685 1904 alibi

199 1926 319 1979 apud
344 1927 537 1967 eundem
564 1927 854 1980 Prophetam‚

272 2019 353 2051 Vox
368 2020 518 2060 loquens
535 2020 579 2052 ad
596 2030 652 2052 me
669 2021 765 2058 dixit,
784 2022 803 2035 “
815 2021 881 2052 Fili
897 2021 1063 2059 hominis,
1078 2027 1134 2053 sta
1149 2031 1258 2062 super
1274 2022 1382 2062 pedes
1400 2027 1491 2059 tuos,
1508 2026 1547 2052 ut
1563 2021 1687 2061 loquar

373 2064 419 2094 ad
436 2071 490 2101 te;
515 2070 597 2095 tunc
613 2065 711 2095 venit
730 2065 766 2095 in
786 2074 843 2095 me
859 2065 1013 2105 spiritus,
1031 2075 1109 2096 cum
1128 2065 1266 2096 locutus
1286 2072 1341 2096 est
1360 2065 1404 2096 ad
1424 2075 1491 2102 me,
1509 2071 1544 2095 et
1563 2065 1687 2095 statuit

374 2116 432 2138 me
448 2117 554 2147 super
569 2107 677 2147 pedes
694 2117 805 2145 meos,
819 2114 854 2139 et
870 2108 987 2139 audivi
1006 2109 1210 2149 loquentem
1227 2109 1271 2140 ad
1290 2118 1346 2139 me
1358 2108 1376 2119 ’¹
1393 2108 1526 2147 (Ezech.
1541 2108 1574 2138 ii.
1590 2116 1617 2145 1,
1632 2108 1686 2147 2);

201 2187 248 2223 et
274 2181 394 2231 alibi,

267 2253 418 2289 “cecidi
434 2267 540 2298 super
555 2258 663 2290 facies
680 2268 778 2290 meas
792 2268 799 2295 :
824 2259 886 2290 sed
903 2259 1002 2290 venit
1021 2259 1056 2290 in
1077 2269 1134 2290 me
1152 2259 1307 2299 spiritus,
1325 2265 1360 2290 et
1376 2259 1488 2290 erexit
1507 2268 1564 2289 me
1580 2267 1688 2298 super

375 2302 483 2342 pedes
499 2311 600 2333 meos
611 2301 628 2313 '¹
645 2302 777 2339 (Ezech.
795 2302 841 2333 iii.
860 2310 911 2341 23,
930 2302 1003 2342 24):

201 2389 314 2430 haec
339 2387 457 2430 faeta
482 2396 586 2430 sunt
609 2390 711 2443 quia
736 2390 833 2443 ipsa
857 2390 966 2438 vita,
989 2390 1095 2430 dum
1122 2391 1165 2430 in
1193 2390 1329 2444 pleno
1352 2397 1436 2438 est,
1461 2389 1685 2442 significa-

203 2458 276 2492 tur
312 2465 390 2504 per
423 2455 584 2493 “stare
616 2466 749 2505 super
779 2452 1008 2505 pedibus,”
1039 2459 1085 2493 et
1118 2459 1226 2493 tunc
1258 2452 1336 2493 illa
1372 2454 1415 2493 in
1449 2452 1584 2506 pleno
1615 2459 1685 2493 est

203 2514 384 2567 quando
416 2514 621 2555 naturale
653 2529 712 2555 ex
744 2515 963 2568 spirituali
994 2516 1131 2556 vivit:
1175 2516 1382 2556 ultimum
1414 2516 1532 2555 enim
1564 2516 1686 2556 vitae

203 2576 396 2617 hominis
423 2583 492 2618 est
525 2578 567 2617 in
594 2578 787 2618 naturali
813 2578 931 2630 ejus;
970 2577 1055 2618 hoc
1083 2578 1291 2618 ultimum
1317 2585 1386 2619 est
1420 2579 1534 2618 sicut
1566 2578 1686 2618 basis

204 2639 489 2680 interioribus
528 2646 574 2680 et
612 2641 913 2693 superioribus
950 2640 1058 2692 ejus,
1098 2654 1202 2681 nam
1243 2641 1354 2681 haec
1393 2641 1604 2681 desinunt
1642 2641 1685 2680 in

204 2701 426 2750 ultimum,
455 2709 500 2743 et
527 2703 585 2743 ibi
612 2704 890 2753 subsistunt;
924 2711 1199 2757 quapropter
1225 2705 1307 2744 nisi
1333 2705 1428 2744 vita
1455 2705 1497 2744 in
1525 2704 1686 2744 ultimo

205 2764 277 2812 sit,
310 2765 404 2805 vita
442 2778 531 2805 non
568 2772 638 2806 est
676 2765 823 2819 plena,
862 2766 926 2806 ita
963 2779 1045 2806 nec
1082 2765 1304 2819 perfeoia:
1349 2773 1395 2807 et
1434 2773 1684 2819 praeterea,

205 2827 418 2867 interiora
448 2841 526 2868 seu
557 2829 784 2882 superiora
809 2829 961 2868 omnia
987 2830 1248 2870 coexistunt
1281 2830 1325 2869 in
1358 2829 1531 2877 ultimo,
1561 2835 1608 2868 ut
1641 2829 1684 2868 in

205 2902 286 2930 suo
317 2889 613 2943 simultane03
650 2891 753 2932 inde
785 2890 916 2945 quale
947 2897 1017 2932 est
1049 2891 1256 2933 ultimum
1290 2891 1398 2933 talia
1430 2898 1534 2932 sunt
1567 2891 1685 2932 inte-
