1962 3334
253 294 361 348 1364
662 304 995 339 APOCALYPSIS
1026 307 1326 340 EXPLICATA.

250 426 296 461 et
331 419 627 461 “locustam“
659 419 952 474 significatur,
992 427 1041 462 ut
1073 435 1207 476 supra
1240 421 1409 463 dictum
1447 428 1531 464 est.
1593 422 1742 464 Causa

248 482 369 536 quod
394 483 614 523 sensualis
641 483 780 524 homo
807 497 914 537 prae
940 483 1038 524 aliis
1060 484 1266 526 falsificet
1295 485 1512 535 Verbum,
1541 492 1611 527 est
1638 487 1741 540 quia

249 545 434 586 ultimus
461 559 619 587 sensus
646 546 801 595 Verbi,
830 547 903 600 qui
930 553 1000 587 est
1027 560 1185 588 sensus
1213 548 1393 589 litterae
1421 548 1529 601 ejus,
1558 555 1628 590 est
1661 562 1742 602 pro

251 609 445 649 naturali
467 615 514 650 et
538 609 734 650 sensuali
756 609 954 657 homine,
971 616 1018 650 at
1037 610 1224 651 interior
1242 624 1400 651 sensus
1423 625 1504 664 pro
1521 610 1742 664 spirituali

249 671 432 713 homine
450 686 459 723 ;
491 672 594 713 inde
610 679 694 721 est,
711 672 831 726 quod
850 672 988 712 homo
1007 685 1107 713 cum
1129 686 1219 713 non
1239 680 1308 714 est
1328 673 1569 726 spiritualis
1585 673 1738 722 homo,

248 734 328 778 sed
355 735 573 775 naturalis
604 741 651 776 et
683 734 904 775 sensualis
935 736 1009 789 qui
1039 736 1083 776 in
1116 736 1238 777 malo
1270 743 1316 777 et
1347 737 1451 777 inde
1483 736 1620 785 salsis,
1649 749 1740 777 non

247 797 401 838 videat
425 811 530 839 vera
548 804 594 838 et
618 798 739 838 bona
761 798 833 844 ibi,
854 798 933 838 sed
953 798 1152 852 applicet
1171 798 1378 839 ultimum
1398 799 1538 840 Verbi
1556 812 1738 840 sensum

247 861 305 901 ad
323 860 680 901 confirmandum
701 875 781 901 sua
795 861 908 901 falsa
930 868 977 902 et
1000 861 1132 902 mala.
1197 867 1222 882 “
1238 862 1551 903 Mercatores”
1569 861 1739 916 signifi-

247 930 355 964 cant
370 924 472 964 illos
484 924 557 977 qui
572 923 825 973 falsificant,
839 937 890 964 ac
904 925 1243 965 communicant
1260 932 1304 966 et
1321 926 1561 967 venditant
1578 940 1588 976 ;
1623 929 1648 946 ‘⁴
1661 939 1739 966 co-

247 987 395 1028 ronati
408 987 472 1026 tui
487 987 602 1027 sicut
618 986 810 1035 locusta,
824 993 871 1027 et
885 987 1181 1040 imperatores
1193 989 1257 1028 tui
1269 989 1384 1029 sicut
1401 988 1577 1029 locusta
1590 987 1739 1029 locus-

247 1049 437 1098 tarum,”
463 1048 689 1102 significat
725 1049 846 1103 quod
884 1050 1093 1103 primaria
1131 1057 1177 1091 et
1211 1051 1474 1104 principalia
1507 1049 1740 1092 doctrinae

252 1111 385 1166 (quae
403 1119 474 1153 est
491 1113 632 1153 “urbs
651 1113 920 1165 sanguinum
933 1112 971 1166 ’')
988 1113 1079 1154 sint
1102 1113 1214 1154 falsa
1232 1114 1352 1162 mali,
1371 1121 1417 1155 et
1436 1128 1495 1154 ex
1513 1113 1582 1154 his
1600 1115 1738 1155 etiam

248 1175 361 1216 salsa
387 1175 518 1216 mali:
556 1174 746 1229 “mquae
772 1176 1014 1217 consident
1045 1177 1089 1216 in
1122 1178 1326 1217 maceriis
1358 1178 1401 1217 in
1435 1177 1506 1218 die
1532 1177 1739 1230 frigoris”

246 1239 472 1293 significat
490 1240 534 1280 in
552 1240 668 1280 veris
683 1239 838 1288 Verbi,
855 1253 968 1293 quae
987 1253 1077 1280 non
1095 1247 1317 1293 apparent
1337 1247 1384 1281 ut
1400 1254 1520 1289 vera,
1537 1241 1640 1294 quia
1656 1240 1739 1281 fal-

246 1302 434 1352 sificata,
463 1309 509 1344 et
536 1303 638 1356 quia
664 1317 723 1343 ex
750 1302 872 1343 malo
897 1309 1029 1354 sunt3
1065 1304 1326 1344 “maceriae
1339 1303 1358 1318 ''
1381 1311 1486 1344 sunt
1514 1317 1621 1344 vera
1647 1317 1738 1344 non

246 1366 512 1420 apparentia
549 1366 652 1419 quia
688 1365 939 1414 falsificata,
978 1372 1025 1406 et
1066 1366 1200 1406 “dies
1238 1366 1412 1419 frigoris
1427 1366 1446 1381 ’'
1483 1372 1553 1407 est
1590 1371 1740 1407 status

245 1430 411 1470 amoris
438 1428 569 1469 mali:
607 1428 713 1468 “sol
740 1429 880 1469 oritur
905 1434 952 1469 et
978 1428 1147 1477 avolat,
1178 1435 1225 1469 ut
1253 1442 1342 1468 non
1371 1435 1585 1469 noscatur
1611 1427 1738 1469 locus

246 1491 338 1545 ejus
365 1492 439 1533 ubi
469 1491 613 1540 illae‚”
639 1490 865 1545 significat
897 1491 1017 1545 quod
1045 1498 1319 1532 consumant
1350 1505 1484 1532 omne
1510 1504 1664 1532 verum
1691 1498 1739 1532 et

245 1556 429 1605 bonum,
458 1561 506 1596 ut
533 1568 624 1595 non
651 1555 708 1595 sit
735 1554 975 1595 residuum.

321 1651 444 1684 Simile
469 1661 531 1692 per
555 1651 923 1691 “multiplicationem
948 1651 1041 1682 sicut
1065 1650 1253 1682 locustae’'
1279 1651 1499 1690 significatur
1522 1650 1618 1692 apud
1645 1650 1740 1692 Jere-

419 1695 524 1746 ruz-'ant
540 1695 634 1779 )(cap.
652 1695 734 1727 xlvi.
753 1703 804 1734 20,
823 1703 874 1733 22,
892 1694 956 1735 23),
975 1701 1051 1726 tum
1072 1695 1107 1726 in
1124 1695 1226 1726 Libro
1243 1695 1412 1736 Judicum
1430 1695 1520 1735 (cap.
1538 1694 1584 1726 vi.
1603 1702 1619 1733 5
1635 1703 1643 1733 ;
1663 1703 1739 1734 cap.

419 1749 479 1771 vn,
500 1747 538 1770 12
555 1763 561 1771 .

249 1827 433 1868 Falsum
460 1827 504 1867 in
531 1827 764 1875 extremis,
789 1840 867 1867 seu
889 1826 1206 1867 densissimum
1234 1826 1408 1875 falsum,
1433 1826 1572 1867 etiam
1598 1825 1739 1879 signi-

247 1890 406 1932 ficatur
432 1904 511 1944 per
539 1890 803 1931 “locustam
815 1890 835 1905 ”
860 1890 981 1944 apud
1005 1889 1174 1939 Mosen,

313 1986 469 2018 “Semen
491 1986 642 2017 multum
663 1986 792 2018 educes
817 1986 854 2017 in
877 1996 1015 2026 agrum,
1037 1986 1101 2018 sed
1121 1996 1247 2027 parum
1268 1987 1426 2027 colliges,
1448 1986 1532 2028 quia
1549 1992 1739 2018 consumet

421 2030 508 2061 illud
525 2029 691 2061 locusta’'
707 2030 844 2070 (Deutr.
864 2030 983 2062 xxviii.
1003 2030 1077 2070 38);

246 2126 364 2166 inter
381 2123 723 2166 maledictiones
741 2125 777 2165 si
799 2138 889 2165 non
907 2125 1188 2165 custodirent
1208 2131 1253 2166 et
1272 2124 1473 2165 facerent
1491 2130 1739 2178 praecepta

244 2188 474 2241 Jehovae:
513 2201 592 2241 per
626 2191 823 2229 “semen
855 2187 983 2241 agri''
1014 2187 1282 2240 intelligitur
1314 2200 1468 2228 verum
1501 2187 1656 2236 Verbi,
1691 2193 1739 2228 et

247 2265 327 2305 per
359 2250 624 2292 “locustam
637 2250 656 2266 '’
688 2251 878 2291 densum
909 2250 1070 2291 falsum
1103 2264 1127 2291 e
1159 2250 1355 2291 sensuali
1387 2250 1585 2299 homine,
1617 2250 1738 2304 quod

247 2319 487 2355 consumet
513 2319 560 2354 et
583 2313 803 2354 destruet.

321 2409 444 2441 Simile
468 2409 692 2449 significatur
715 2419 779 2449 per
803 2409 1007 2440 “locustam
1019 2408 1038 2422 ”
1062 2409 1155 2449 apud
1179 2410 1285 2440 Amos
1305 2408 1393 2449 (cap.
1416 2407 1508 2441 121vii.
1532 2418 1559 2447 1,
1581 2408 1623 2450 2),
1643 2409 1739 2450 apud

419 2453 565 2484 Esaiam
583 2452 672 2494 (cap.
689 2453 810 2485 xxxiii.
828 2462 857 2492 3,
875 2453 918 2493 4),
936 2459 972 2485 et
988 2453 1083 2493 apud
1098 2453 1268 2484 Davidem
1286 2453 1358 2491 (Ps.
1377 2454 1441 2484 cix.
1461 2461 1512 2492 22,
1531 2453 1595 2492 23).

329 2561 420 2616 [ὦ]
463 2561 691 2614 Quoniam
710 2562 921 2603 sensuale
938 2561 1133 2603 hominis
1151 2567 1220 2602 est
1240 2561 1449 2601 ultimum
1467 2567 1514 2602 et
1535 2561 1737 2603 infimum

247 2625 369 2666 vitae
399 2624 693 2676 cogitationis
726 2630 772 2664 et
804 2622 1052 2664 affectionis
1083 2623 1292 2670 hominis,
1322 2629 1370 2663 ut
1403 2636 1536 2676 supra
1567 2621 1736 2664 dictum

246 2694 330 2736 est,
359 2693 406 2728 et
432 2687 534 2740 quia
565 2685 765 2727 infimum
792 2685 1046 2740 spectatum
1077 2686 1136 2726 ab
1166 2685 1253 2725 illis
1285 2687 1357 2739 qui
1390 2687 1434 2726 in
1467 2686 1569 2726 loco
1601 2700 1736 2739 supe-

249 2751 352 2792 riori
378 2756 424 2790 et
454 2749 739 2790 eminentiori
771 2756 876 2790 sunt
909 2755 979 2790 est
1012 2762 1211 2803 parvum,
1240 2748 1343 2789 ideo
1375 2748 1460 2789 hoc
1496 2761 1735 2802 compara-

245 2820 317 2855 tur
343 2813 529 2854 locustis
546 2813 684 2855 :-—Ut
709 2812 828 2866 apud
853 2811 1057 2862 Esaiam,

316 2902 512 2958 Jehovah:
522 2902 578 2986 {mli
591 2902 728 2986 [hlabgtat
742 2911 849 2943 super
862 2901 995 2933 circulo
1007 2907 1133 2940 terrae,
1146 2907 1180 2933 et
1193 2901 1414 2933 habitatores
1426 2901 1503 2942 ejus
1515 2901 1606 2933 sicut
1620 2900 1736 2932 locus-

419 2953 476 2978 tae
535 2956 557 2977 x
573 2970 579 2978 .
600 2951 613 2971 ³
627 2954 666 2977 22
696 2956 703 2985 ;
