1962 3334
246 281 353 323 1400
655 282 986 316 APOCALYPSIS
1018 283 1319 316 EXPLICATA.

242 394 456 448 “alapam
490 395 727 449 infligere,‘’
754 410 832 449 per
863 396 983 450 quod
1010 396 1278 451 intelligitur
1303 397 1516 438 damnum
1549 396 1735 448 inferre;

240 458 390 498 omnia
406 459 525 499 enim
544 473 656 512 quae
680 460 766 500 oris
785 466 903 508 sunt,
923 465 1054 513 prout
1073 466 1243 513 guttur,
1263 474 1327 508 os,
1348 460 1480 508 labia,
1504 459 1735 508 maxillae,

240 520 415 570 dentes,
455 521 711 574 significant
749 522 859 563 talia
895 536 1008 576 quae
1046 523 1349 576 perceptionis
1386 528 1431 563 et
1477 520 1737 563 inte11e6tus

240 583 331 623 veri
357 590 475 633 sunt,
500 585 602 638 quia
628 585 712 625 illis
740 585 1126 638 correspondent;
1163 599 1299 639 quare
1326 599 1404 638 per
1430 584 1507 625 illa
1532 585 1576 625 in
1603 597 1737 625 sensu

241 645 420 687 litterae
461 647 616 696 Verbi,
659 648 731 701 qui
777 662 837 688 ex
879 648 1013 689 meris
1055 648 1468 701 correspondentiis
1510 647 1733 695 consistit,

241 709 579 761 exprimuntur:
616 712 689 751 “si
716 711 813 765 quis
845 710 955 751 velit
987 717 1033 752 te
1065 711 1109 751 in
1136 710 1207 764 jus
1239 711 1432 760 trahere,
1460 717 1506 752 et
1538 710 1738 752 tunicam

241 772 424 821 auferre,
453 774 665 826 permitte
697 775 834 815 etiam
867 773 1091 827 pallium,”
1113 773 1407 827 significatbsi
1438 774 1535 827 quis
1567 772 1738 814 auferre

240 835 336 877 vult
363 850 518 877 verum
544 837 730 878 interius
756 838 877 891 quod
910 837 1028 890 apud
1061 843 1122 886 te,
1150 843 1199 878 ut
1231 837 1367 878 liceat
1399 838 1537 878 etiam
1568 836 1738 877 auferre

241 912 394 939 verum
439 901 668 951 exterius;
717 903 742 920 “
759 900 940 941 tunica”
983 899 1207 954 significat
1251 913 1406 941 verum
1451 899 1651 949 interius,
1692 906 1739 941 et

244 961 498 1015 “pallium”
533 976 687 1004 verum
733 964 960 1014 exterius;
1015 964 1101 1004 hoc
1147 977 1325 1017 quoque
1370 963 1539 1004 faciunt
1583 962 1736 1016 angeli

242 1025 422 1078 quando
446 1026 562 1079 apud
589 1026 732 1067 malos
759 1033 878 1075 sunt,
904 1026 1009 1067 mali
1035 1027 1154 1067 enim
1177 1025 1286 1067 nihil
1311 1027 1404 1067 veri
1430 1032 1476 1067 et
1502 1026 1608 1067 boni
1631 1039 1739 1079 pos·

243 1094 347 1129 sunt
369 1088 541 1141 angelis
564 1089 747 1138 auferre,
767 1089 846 1129 sed
870 1095 1059 1143 possunt
1082 1089 1168 1130 illis
1190 1090 1264 1143 qui
1287 1095 1528 1142 propterea
1545 1088 1740 1142 flagrant

242 1151 486 1201 inimicitia,
527 1152 631 1193 odio
668 1158 715 1193 et
751 1151 964 1201 vindicta,
997 1166 1102 1194 nam
1138 1153 1249 1194 haec
1288 1152 1409 1193 mala
1445 1157 1656 1193 avertunt
1692 1158 1739 1194 et

242 1213 444 1268 rejiciunt
471 1216 745 1256 tutationem
777 1230 803 1257 a
835 1216 1056 1257 Domino:
1100 1217 1335 1270 “,quisquis
1367 1222 1413 1257 te
1445 1215 1650 1268 adegerit
1681 1215 1740 1256 ad

243 1277 430 1319 milliare
457 1291 607 1327 unum,
635 1279 759 1320 abito
786 1292 887 1320 cum
912 1279 990 1320 illo
1017 1278 1144 1328 duo,'’
1171 1277 1394 1332 significat
1426 1278 1500 1331 qui
1530 1277 1627 1318 vult
1660 1277 1740 1318 ab·

244 1340 407 1382 ducere
444 1355 470 1382 a
507 1356 613 1382 vero
650 1342 707 1382 ad
745 1342 904 1383 falsum
945 1348 991 1383 et
1029 1356 1055 1383 a
1091 1342 1212 1383 bono
1252 1341 1310 1382 ad
1351 1341 1533 1390 malum,
1561 1347 1610 1382 ut
1650 1354 1740 1382 non

243 1403 411 1453 obstet,
439 1405 540 1458 quia
569 1418 658 1445 non
686 1411 868 1458 potest;
901 1418 980 1458 per
1007 1404 1266 1446 “milliare”
1293 1404 1437 1445 simile
1464 1403 1742 1457 significatur

243 1466 363 1521 quod
389 1481 467 1520 per
491 1467 685 1516 “viam,”
708 1481 871 1521 nempe
898 1467 942 1508 id
969 1468 1088 1522 quod
1112 1467 1296 1509 abducit
1319 1474 1365 1508 et
1393 1467 1542 1508 ducit:
1579 1466 1741 1508 “omni

242 1543 268 1571 a
293 1536 339 1571 te
366 1531 555 1583 petenti,
584 1530 727 1572 dato”
755 1530 980 1584 significat
1007 1537 1055 1572 ut
1082 1531 1396 1584 permittatur:
1433 1534 1518 1571 “et
1544 1529 1742 1582 cupienti

243 1599 445 1634 mutuum
469 1594 671 1646 accipere
698 1607 723 1634 a
749 1600 810 1643 te,
835 1607 890 1634 ne
917 1593 1176 1642 averseris,”
1198 1592 1423 1646 significat
1450 1593 1487 1633 si
1512 1592 1742 1634 desiderat

243 1656 413 1704 instrui,
433 1662 481 1696 ut
502 1657 722 1707 instruat;
755 1669 860 1697 nam
882 1656 987 1697 mali
1012 1656 1100 1697 hoc
1125 1656 1385 1696 desiderant
1409 1661 1456 1697 ut
1479 1661 1742 1708 pervertant

242 1724 289 1759 et
314 1718 565 1771 deprivent,
592 1719 671 1759 sed
698 1733 836 1773 usque
869 1732 959 1760 non
986 1724 1190 1772 possunt.
1252 1718 1340 1759 Hic
1367 1725 1438 1759 est
1464 1731 1622 1759 sensus
1649 1718 1742 1771 spi-

242 1781 413 1822 ritualis
439 1781 618 1822 illorum
645 1782 897 1831 verborum,
925 1782 970 1822 in
1002 1782 1160 1835 quibus
1187 1781 1423 1822 recondita
1449 1781 1595 1822 latent
1627 1794 1741 1835 quae

243 1857 359 1885 nunc
386 1843 506 1885 dicta
532 1851 650 1894 sunt,
679 1859 792 1898 quae
820 1845 1035 1898 imprimis
1061 1851 1167 1885 sunt
1199 1857 1280 1897 pro
1307 1843 1495 1897 angelis,
1522 1844 1596 1898 qui
1621 1843 1741 1885 Ver-

242 1907 347 1948 bum
379 1908 516 1948 modo
547 1908 795 1948 secundum
823 1920 1003 1948 sensum
1035 1906 1128 1960 ejus
1154 1906 1431 1960 spiritualem
1463 1907 1742 1959 percipiunt;

241 1976 347 2012 sunt
383 1971 520 2011 etiam
558 1984 638 2024 pro
676 1971 931 2012 hominibus
971 1970 1016 2010 in
1060 1970 1230 2010 mundo
1266 1970 1340 2023 qui
1380 1970 1424 2010 in
1464 1970 1585 2010 bono
1621 1975 1740 2017 sunt,

242 2033 423 2088 quando
449 2033 554 2074 mali
579 2033 681 2074 illos
707 2040 891 2075 tentant
918 2033 1152 2074 seducere.
1213 2031 1348 2085 Quod
1375 2032 1492 2073 tales
1517 2032 1608 2073 sint
1634 2031 1742 2073 mali

242 2103 403 2138 contra
434 2096 537 2137 illos
573 2110 683 2150 quos
723 2096 944 2137 Dominus
983 2102 1175 2144 tutatur,
1214 2109 1274 2136 ex
1311 2094 1424 2148 pluri
1460 2095 1744 2147 experientia

242 2159 354 2200 scire
392 2159 548 2200 datum
586 2166 682 2210 est;
721 2159 939 2200 continuo
981 2159 1099 2199 enim
1134 2171 1186 2199 ac
1225 2158 1346 2198 omni
1384 2157 1521 2198 modo
1558 2163 1604 2198 et
1644 2158 1743 2198 nisu

243 2221 550 2263 allaborarunt
587 2235 658 2262 me
697 2222 930 2274 deprivare
969 2221 1086 2262 veris
1122 2226 1168 2262 et
1209 2221 1353 2269 bonis,
1387 2220 1467 2260 sed
1504 2220 1742 2261 incassum.

243 2284 319 2328 Ex
359 2284 509 2326 allatis
549 2285 687 2325 etiam
725 2285 1006 2338 aliquantum
1054 2289 1264 2324 constare
1303 2288 1459 2335 potest
1504 2282 1624 2336 quod
1664 2296 1744 2336 per

246 2348 501 2390 “dentem''
527 2347 806 2401 significetur
831 2360 987 2388 verum
1016 2353 1094 2388 aut
1120 2346 1279 2387 salsum
1311 2347 1354 2386 in
1387 2345 1594 2395 sensuali,
1621 2346 1742 2400 quod

244 2417 314 2453 est
345 2411 552 2452 ultimum
583 2411 703 2451 vitae
737 2407 1062 2451 intelle&ualis
1093 2408 1211 2462 apud
1243 2408 1499 2459 hominem;
1540 2408 1661 2462 quod
1698 2408 1743 2449 id

244 2488 324 2528 per
347 2473 599 2515 “dentem”
617 2472 909 2526 significetur,
929 2478 1058 2526 patet
1081 2485 1107 2512 a
1128 2484 1346 2524 responso
1370 2471 1567 2520 Domini,
1586 2471 1630 2512 in
1652 2485 1742 2525 quo

244 2538 393 2591 agitur
418 2537 474 2577 de
507 2536 801 2590 perceptione
833 2541 879 2576 et
911 2532 1146 2576 intellectu
1177 2534 1284 2583 veri,
1311 2547 1424 2588 quae
1456 2533 1562 2575 mali
1591 2534 1742 2576 inten-

245 2606 346 2642 tant
372 2600 503 2641 bonis
530 2599 713 2640 auferre.

329 2660 410 2715 [6.]
445 2660 579 2714 Quod
610 2673 690 2713 per
723 2658 959 2700 “dentes'’
984 2658 1064 2699 illa
1095 2657 1423 2711 significentur,
1450 2657 1598 2698 adhuc
1629 2670 1742 2699 con-

246 2729 367 2765 stare
393 2728 546 2776 potest
572 2736 599 2762 a
625 2721 917 2775 sequentibus
933 2720 1144 2773 :—Apud
1169 2718 1431 2768 Jeremiam,

313 2811 384 2844 “In
409 2811 533 2843 diebus
558 2810 627 2842 illis
653 2820 726 2841 non
750 2810 869 2841 dicent
888 2809 1050 2850 amplius,
1071 2809 1194 2840 Patres
1214 2808 1447 2840 comederunt
1471 2807 1682 2846 labruscam,
1701 2817 1742 2839 ac

419 2855 546 2886 dentes
560 2854 711 2885 filiorum
729 2853 885 2885 hebetati
903 2859 986 2885 sunt
1001 2864 1007 2885 :
1035 2853 1098 2884 sed
1114 2853 1262 2894 quisque
1279 2852 1315 2883 in
1334 2852 1519 2893 iniquitate
1533 2861 1599 2883 sua
1611 2852 1743 2883 morie·

421 2904 498 2936 tur;
523 2898 621 2929 omni
637 2898 775 2929 homini
793 2898 852 2938 qui
869 2897 1065 2929 comederit
1082 2897 1293 2935 labruscam,
1311 2896 1571 2928 hebetabuntur
1583 2895 1710 2927 dentes
1723 2893 1741 2906 ”

422 2942 530 2983 (xxxi.
545 2950 596 2982 29,
611 2950 674 2982 3o;
699 2941 820 2973 Ezech.
835 2941 930 2973 xviii.
946 2941 1041 2981 2-4):
