1962 3334
634 274 741 306 CAP.
765 274 847 314 XL,
870 273 1008 305 VERS.
1034 270 1179 317 5.—N.
1200 262 1296 316 641.
1601 260 1705 314 1653

208 386 280 430 ‚ad
299 385 631 441 judicandum,”
655 387 758 441 quia
782 386 947 428 dicitur
976 385 1032 427 de
1064 385 1231 426 Divino
1257 384 1534 439 procedente
1558 398 1585 425 a
1610 384 1707 425 Do-

88 443 143 483 ‘³3‘ss
191 470 194 472 ·
221 450 359 498 mino,
382 450 502 503 quod
523 456 714 490 vocatur
736 449 948 490 Divinum
966 448 1152 497 Verum,
1176 449 1279 502 quia
1300 461 1360 489 ex
1382 447 1462 488 illo
1478 447 1707 500 judicium.

209 511 295 554 -Ita
319 512 482 553 dicitur
506 513 626 566 apud
650 511 853 561 Esaiam,

290 607 482 650 “Jehovah
498 609 590 641 stitit
606 609 652 641 Se
670 609 716 640 ad
732 608 959 649 litigandum,
976 614 1012 640 et
1028 614 1131 640 stans
1147 607 1195 639 ad
1209 607 1443 648 judicandum
1453 606 1473 619 ''
1488 606 1548 647 (iii.
1565 606 1639 647 13):

89 697 111 732 ξ’
211 696 269 732 ,εἴ
293 691 412 745 apud
437 691 670 740 Davidem,

285 767 307 781 ¹‘
319 765 419 798 Deus
435 766 536 798 stetit
552 766 589 798 in
606 773 714 798 coetu
732 766 811 804 Dei,
825 766 862 797 in
879 766 999 798 medio
1016 766 1166 798 deorum
1181 765 1386 807 judicabit”
1402 765 1475 806 (Ps.
1492 765 1613 797 lxxxii.
1633 765 1685 805 1):

211 855 299 908 'per
322 857 543 896 “coetum
570 855 695 903 Dei,'’
717 861 763 896 et
790 868 869 908 per
896 857 923 875 “
938 853 1090 903 deos,’'
1111 854 1156 895 in
1182 867 1373 908 quorum
1396 854 1547 895 medio
1566 853 1706 907 Jeho-

218 916 309 958 vah
330 918 475 965 stetit,
498 917 816 970 intelliguntur
838 917 1004 970 angeli,
1029 931 1108 970 per
1128 931 1241 970 quos
1262 918 1307 957 in
1330 930 1465 958 sensu
1486 916 1707 970 spirituali

216 970 529 1033 'significantur
560 980 724 1021 Divina
754 994 888 1029 vera;
930 986 977 1021 et
1008 980 1112 1033 quia
1143 979 1366 1020 Dominus
1397 980 1442 1020 in
1474 979 1604 1020 caelo
1634 986 1706 1020 est

218 1042 432 1084 Divinum
454 1042 641 1091 Verum,
665 1043 768 1084 ideo
790 1043 847 1084 de
873 1043 980 1096 Ipso
1004 1042 1064 1083 ibi
1090 1042 1254 1083 dicitur
1278 1042 1475 1083 “stare.’'
1534 1041 1611 1082 Ex
1636 1042 1707 1083 his

214 1117 337 1146 nunc
362 1112 575 1147 constare
602 1112 758 1159 potest
783 1106 904 1160 quod
929 1119 1009 1160 per
1035 1109 1227 1147 “coram
1255 1105 1355 1146 Deo
1381 1111 1528 1146 terrae
1553 1104 1707 1146 stare”

217 1167 495 1222 significetur
516 1168 729 1209 Divinum
755 1182 782 1209 a
809 1168 1008 1209 Domino
1030 1168 1298 1221 procedens,
1322 1168 1443 1222 quod
1465 1174 1536 1209 est
1561 1168 1706 1222 Ipsius

217 1230 263 1271 in
293 1230 423 1272 caelo
454 1237 500 1271 et
531 1231 576 1271 in
607 1231 827 1281 ecclesia;
868 1231 990 1284 quod
1020 1230 1107 1271 hoc
1140 1243 1192 1272 ac
1230 1230 1295 1271 illi
1330 1231 1403 1284 qui
1439 1231 1483 1271 in
1515 1245 1570 1271 eo
1600 1237 1706 1272 sunt

216 1292 546 1346 intelligantur,
578 1300 791 1334 constare
822 1294 962 1334 etiam
998 1300 1153 1347 potest
1189 1307 1248 1334 ex
1285 1308 1354 1342 eo,
1387 1293 1508 1347 quod
1542 1297 1706 1334 “stare

152 1350 157 1353 χ
214 1367 372 1396 coram
398 1355 498 1396 Deo
519 1362 666 1397 terrae
677 1355 697 1371 ‘’
718 1356 895 1397 dicatur
916 1356 973 1396 de
998 1355 1209 1396 “duabus
1232 1355 1345 1396 oleis
1357 1355 1377 1371 ”
1398 1362 1446 1396 et
1472 1356 1529 1397 de
1554 1356 1705 1397 “duo-

213 1417 300 1459 bus
330 1418 653 1467 candelabris‚”
685 1433 764 1472 per
794 1433 911 1473 quae
942 1418 1224 1472 significatur
1253 1419 1423 1459 bonum
1455 1425 1502 1460 et
1533 1432 1703 1468 verum,

217 1478 407 1532 proinde
433 1479 648 1520 Divinum
666 1480 938 1533 procedens.
997 1490 1167 1529 (videatur
1180 1491 1275 1520 etiam
1290 1491 1486 1528 praecedens
1498 1491 1706 1526 arfiquus,n.

92 1506 106 1524 ι’
151 1543 153 1545 ’
215 1537 327 1590 638.)

844 1705 982 1728 VERSUS
1000 1705 1029 1736 5,
1046 1697 1077 1729 6.

297 1765 338 1806 ⁶
379 1775 439 1806 0·
476 1779 537 1806 “ft
550 1779 579 1806 et
592 1779 656 1812 qul-3
671 1779 733 1806 {llis
749 1779 872 1806 uoluerit
886 1786 998 1810 nocere,
1012 1779 1089 1812 191113
1104 1779 1271 1812 eqredietur
1284 1787 1321 1806 ex
1335 1787 1386 1807 ore
1399 1780 1523 1811 illorum,
1539 1781 1571 1806 et
1583 1780 1707 1807 devora-

215 1817 260 1844 m
274 1817 345 1844 [nim
357 1825 407 1845 m
424 1818 556 1850 Illorum
579 1821 610 1846 et
629 1820 659 1846 ⁸1
675 1820 742 1852 quie
760 1819 821 1846 ΙΙΙῘε
839 1820 963 1845 voluerii*
978 1826 1091 1850 nocere.
1110 1820 1154 1845 tta
1174 1821 1290 1851 oportet
1309 1820 1388 1846 illum
1408 1820 1509 1847 occid!-
1546 1820 1582 1847 m
1598 1821 1707 1848 habent

215 1857 391 1887 metatam
405 1857 541 1883 claudere
554 1859 674 1888 eaelum,
689 1859 723 1883 ut
739 1864 795 1883 ηοη
812 1858 896 1889 pluat
907 1858 1006 1889 pluvia
1024 1857 1053 1883 Ιη
1071 1857 1173 1884 dlebus
1191 1857 1303 1884 illorum
1317 1858 1508 1890 prophetam
1529 1860 1561 1884 et
1572 1860 1707 1891 potesta-

148 1926 152 1927 ?
214 1894 274 1919 tem
293 1893 403 1920 habent
421 1901 510 1927 super
529 1902 622 1927 aquas
640 1897 810 1921 convertere
827 1895 894 1921 illae
916 1895 946 1921 1η
967 1895 1147 1927 sanquinem
1166 1897 1198 1921 et
1216 1897 1371 1927 percutere
1387 1897 1497 1922 terram
1515 1896 1592 1922 omn!
1607 1898 1704 1930 playa.

214 1931 440 1965 quotiescunque
458 1933 607 1959 voluerint.
613 1933 631 1944 '¹

260 2009 292 2044 5.
326 2003 390 2036 ‘ft
408 2003 445 2037 si
462 2003 540 2047 quis
563 2004 632 2038 illis
651 2004 798 2038 roluerit
810 2006 962 2042 ’,οσον-εἶ
977 2005 1142 2046 significat
1158 2007 1295 2038 tutelam
1314 2007 1451 2038 illorum
1467 2018 1489 2038 a
1505 2007 1654 2039 Domino
1665 2019 1708 2039 ne

390 2049 460 2079 ullo
482 2050 575 2080 mado
597 2051 780 2080 laedantur
797 2049 848 2092 [n.
865 2049 969 2092 641];
1001 2049 1111 2093 “ignis
1134 2050 1330 2093 egredietur
1352 2061 1394 2084 ex
1417 2061 1478 2084 ore
1500 2052 1646 2089 illorum,
1671 2055 1710 2085 et

391 2091 570 2126 devorabit
582 2092 736 2126 inimicos
749 2093 912 2130 illorum,”
929 2093 1092 2134 significat
1115 2095 1205 2136 quod
1224 2095 1362 2126 illaturi
1374 2097 1540 2126 damnum
1563 2097 1631 2128 illis
1653 2107 1705 2127 ca-

390 2137 477 2167 dant
491 2138 528 2167 in
545 2139 636 2168 mala
651 2142 682 2168 et
685 2138 782 2179 falsa
795 2149 880 2179 quae
894 2138 936 2168 ab
952 2138 1097 2179 inferno,
1113 2149 1199 2180 quae
1214 2139 1285 2170 illos
1292 2140 1445 2180 perdunt
1460 2139 1509 2189 [n.
1524 2139 1624 2183 642];
1651 2143 1709 2173 “et

392 2179 428 2212 si
447 2181 524 2222 quis
546 2180 617 2214 illis
636 2181 782 2214 voluerit
795 2191 930 2218 nocere,
947 2181 997 2214 ita
1014 2185 1149 2224 oportet
1170 2182 1265 2215 illum
1289 2183 1425 2220 occ-idi?
1442 2184 1604 2226 Significat
1619 2186 1709 2226 quod

389 2226 571 2256 secundum
588 2231 747 2256 conatum
764 2226 937 2268 inserendi
950 2227 1078 2257 malum
1085 2231 1231 2268 pereant
1248 2227 1299 2270 [n.
1317 2227 1410 2270 643].

259 2282 293 2315 6.
325 2282 388 2316 “m
406 2283 534 2317 habent
550 2287 760 2327 potestatem
784 2286 945 2319 claudere
968 2286 1168 2323 caelum-ut
1189 2297 1255 2320 non
1267 2288 1368 2330 pluat
1385 2287 1504 2331 pluria
1526 2288 1561 2321 in
1585 2288 1705 2323 diebus

390 2327 525 2360 illorum
538 2329 767 2372 prophetiae?
784 2329 947 2371 significat
963 2331 1053 2372 quod
1065 2331 1120 2362 illi
1132 2332 1194 2373 qui
1207 2332 1366 2374 rq‘iciunt
1379 2333 1463 2363 bona
1479 2338 1511 2364 et
1523 2344 1607 2364 vera
1623 2333 1708 2364 caeli

390 2377 422 2403 et
441 2373 599 2410 ecclesiae,
615 2384 701 2414 quae
715 2385 737 2404 a
754 2374 902 2405 Domino
910 2375 1107 2415 procedunt,
1123 2386 1192 2406 non
1215 2377 1360 2418 aliquem
1384 2377 1556 2419 influxum
1580 2388 1597 2408 e
1619 2378 1706 2408 caelo

391 2417 556 2458 reapiant
581 2417 632 2460 [n.
650 2417 753 2460 644];
784 2420 842 2450 “et
858 2421 1068 2460 potestatem
1090 2418 1218 2452 habent
1238 2429 1345 2462 super
1367 2430 1478 2464 aquas
1502 2423 1705 2454 conver-tere

389 2460 470 2493 ῘΙΙαε
485 2459 519 2493 Ῐη
535 2460 764 2504 &mansuerus
781 2461 942 2503 significat
965 2463 1055 2504 quod
1066 2474 1148 2494 vera
1164 2465 1259 2506 apud
1275 2465 1346 2496 illos
1361 2471 1546 2496 vertantur
1560 2466 1597 2496 in
1604 2466 1704 2507 salsa

391 2505 476 2535 mali
492 2504 543 2547 [n.
557 2504 660 2547 645];
680 2508 736 2538 “et
747 2508 932 2548 percutere
944 2509 1072 2539 terram
1086 2507 1177 2540 omm‘
1185 2508 1317 2551 playa?
1331 2508 1491 2549 significat
1511 2511 1601 2551 quod
1612 2511 1704 2540 eccle·

390 2549 441 2579 sia
464 2549 558 2589 apud
577 2549 649 2580 illos
658 2555 723 2590 per
736 2551 1011 2591 concupiscentias
1034 2552 1119 2582 mali
1124 2557 1242 2593 pereat
1259 2552 1311 2596 [n.
1329 2551 1431 2595 646];
1462 2553 1702 2596 “quotiescun-

389 2601 456 2635 que
474 2593 667 2630 voluerini,”
682 2593 844 2635 significat
859 2595 982 2635 quoties
1003 2595 1098 2626 homo
1113 2597 1311 2638 aggreditur
1324 2597 1408 2628 bona
1424 2598 1549 2628 amoris
1571 2603 1602 2628 et
1622 2608 1703 2628 vera

389 2637 572 2674 dominae,
584 2648 670 2678 quae
684 2642 849 2668 testantur
861 2639 901 2669 de
915 2638 1075 2676 Domino,
1087 2645 1118 2670 et
1128 2651 1169 2671 ex
1183 2641 1301 2682 quibus
1316 2641 1411 2672 homo
1427 2643 1575 2683 agnoscit
1588 2646 1620 2672 et
1630 2652 1702 2672 con·

378 2679 504 2722 fitetur
518 2680 720 2719 Dominum,
736 2682 785 2712 ad
796 2683 924 2713 malum
941 2683 1009 2714 illis
1025 2683 1238 2725 inferendum
1258 2684 1306 2728 [n.
1323 2684 1421 2728 647].

294 2766 425 2820 641.
449 2776 555 2815 [Vm.
571 2778 615 2816 5-]
640 2767 719 2807 “ft
737 2767 779 2808 si
796 2768 886 2821 quis
905 2769 986 2810 mis
1011 2770 1181 2810 voluerii
1197 2772 1580 2826 noeer0.''—Quod
1606 2774 1699 2826 sig-

216 2825 368 2868 nificet
405 2827 585 2868 tutelam
614 2828 791 2870 illorum
825 2844 854 2870 a
882 2830 1068 2871 Domino
1098 2845 1150 2872 ne
1178 2832 1265 2873 ullo
1294 2834 1418 2874 modo
1448 2834 1697 2884 laedantur,

217 2895 399 2931 constat
416 2903 475 2931 ex
493 2892 784 2944 sequentibus
801 2906 811 2944 ς
839 2905 943 2934 nam
962 2894 1209 2947 sequitur,“
1222 2894 1267 2936 Si
1285 2897 1381 2949 quis
1398 2897 1591 2939 voluerit
1609 2898 1697 2939 illis
