1962 3334
230 310 244 338 1
255 299 334 350 388
639 306 972 340 APOCALYPSIS
1003 306 1304 340 EXPLICATA.

225 419 381 461 Verbo
407 418 685 473 significatur
717 408 911 461 ecclesia
942 419 1196 472 spiritualis,
1230 426 1276 462 et
1309 433 1388 473 per
1415 418 1718 473 “Hierosoly-

224 482 384 532 mam,’'
416 482 689 536 metropolin
725 482 1011 536 Judaeorum,
1050 483 1242 524 ecclesia
1278 483 1500 532 caelestis,
1533 490 1719 537 utraque

224 546 372 600 quoad
398 544 664 594 doctrinam,
692 546 795 587 ideo
820 552 1041 587 vocantur
1069 546 1315 587 “mulieres
1334 546 1366 597 ;”
1398 553 1444 587 et
1471 547 1574 600 quia
1596 552 1717 586 utra-

225 623 312 662 que
353 609 430 649 illa
467 609 659 650 ecclesia
696 622 830 649 unum
872 609 981 662 agit,
1020 609 1122 650 ideo
1163 610 1372 650 dicuntur
1404 608 1557 649 “filiae
1594 609 1720 649 unius

224 672 420 721 matris,”
445 672 659 713 “mater’'
681 673 800 712 enim
827 673 965 713 etiam
992 672 1216 726 significat
1239 672 1478 713 ecclesiam
1499 686 1507 723 ;
1541 678 1587 713 et
1613 686 1721 726 quo-

223 749 309 790 que
327 739 351 756 ‘⁴
364 734 513 776 Ohola
527 741 573 776 et
589 734 823 784 Oholiba‚”
834 749 912 776 seu
924 739 948 755 “
962 737 1207 777 tentorium
1219 735 1238 751 ”
1253 750 1331 776 seu
1344 739 1368 756 “
1383 735 1689 776 habitaculum
1701 735 1720 751 ’⁹

224 798 325 847 Dei,
357 798 443 839 hoc
481 799 600 839 enim
638 797 860 851 significat
899 798 1073 839 caelum
1111 799 1183 839 ubi
1221 798 1431 839 Divinum
1464 797 1637 839 Verum
1673 805 1720 839 et

224 861 437 902 Divinum
470 861 661 910 Bonum,
694 867 741 902 et
773 861 876 902 inde
908 875 1084 915 quoque
1116 861 1369 910 ecclesiam,
1397 861 1499 914 quia
1529 860 1721 902 ecclesia

223 931 295 964 est
333 923 508 965 caelum
546 924 730 965 Domini
770 924 814 964 in
856 925 999 965 terris.
1062 923 1196 977 Quod
1236 927 1508 965 “scortatae
1544 924 1635 965 sint
1676 925 1720 964 in

223 986 446 1040 Aegypto
470 987 515 1028 in
538 987 848 1028 adolescentia
870 986 979 1028 sua’'
1001 986 1224 1041 significat
1247 987 1367 1040 quod
1390 993 1496 1028 tunc
1521 987 1566 1027 in
1588 986 1720 1027 nullis

224 1051 341 1091 veris
362 1050 538 1099 fuerint,
566 1050 646 1091 sed
672 1051 717 1091 in
743 1050 891 1101 falsis;
931 1063 1022 1091 non
1049 1051 1168 1091 enim
1199 1051 1243 1091 in
1270 1049 1492 1103 Aegypto
1523 1050 1603 1090 fuit
1634 1049 1720 1090 illis

222 1113 454 1164 Verbum;
491 1113 578 1155 hoc
610 1127 689 1167 per
716 1114 878 1154 Mosen
906 1120 952 1155 et
979 1114 1226 1166 prophetas
1253 1120 1413 1166 postea
1444 1112 1530 1153 illis
1562 1113 1720 1154 datum

222 1184 306 1225 est,
346 1182 393 1218 et
430 1177 493 1217 sic
527 1177 736 1218 instituta
767 1183 837 1217 est
868 1177 987 1230 apud
1024 1176 1126 1217 illos
1158 1176 1375 1217 ecclesia:
1411 1176 1636 1217 “scortari
1673 1177 1718 1216 in

222 1239 478 1294 Aegypto”
515 1239 739 1294 significat
784 1240 1018 1281 falsificare
1054 1254 1161 1281 vera
1202 1253 1281 1293 per
1321 1238 1567 1280 scientifica
1606 1253 1719 1293 quae

222 1303 439 1344 naturalis
487 1303 711 1354 hominis;
767 1309 813 1344 et
862 1302 1095 1344 falsificare
1143 1316 1250 1343 vera
1297 1302 1369 1351 ibi,
1420 1308 1489 1343 est
1543 1309 1719 1343 vertere

226 1365 384 1407 saneta
402 1367 445 1407 in
464 1367 655 1420 magica,
675 1373 723 1407 ut
741 1366 943 1407 fecerunt
961 1365 1183 1419 Aegyptii
1203 1380 1213 1416 ;
1249 1365 1361 1406 “filii
1379 1371 1425 1406 et
1443 1364 1559 1406 filiae
1571 1365 1590 1380 '⁷
1607 1379 1718 1419 quos

222 1436 509 1483 pepererunt,
560 1429 817 1492 significant
866 1429 979 1470 falsa
1032 1437 1078 1470 et
1127 1428 1246 1470 mala
1290 1428 1521 1470 ecclesiae.
1582 1427 1720 1482 Apud

220 1493 434 1542 Mz'clzam,

289 1583 492 1615 “Tunicam
513 1582 699 1614 extrahitis
723 1592 745 1613 a
769 1582 1038 1613 transeuntibus
1059 1591 1192 1619 secure,
1214 1581 1401 1612 reducibus
1421 1580 1526 1612 belli:
1553 1580 1719 1612 mulieres

397 1627 519 1667 populi
539 1627 608 1658 mei
626 1626 805 1666 expellitis
822 1636 841 1657 e
858 1626 967 1657 domo
984 1625 1189 1657 deliciarum
1209 1624 1286 1665 ejus
1299 1624 1316 1636 ''
1331 1625 1377 1663 (ii.
1392 1622 1439 1666 8[,
1453 1622 1525 1665 o]):

224 1717 461 1757 “tunicam
479 1715 721 1756 extrahere
737 1729 762 1756 a
780 1714 1119 1756 transeuntibus
1134 1727 1303 1762 secure,
1320 1713 1555 1754 reducibus
1573 1712 1719 1761 belli,'’

222 1779 445 1833 significat
472 1779 706 1832 deprivare
732 1778 849 1819 veris
876 1791 1034 1819 omnes
1066 1778 1139 1831 qui
1170 1778 1213 1817 in
1245 1778 1360 1817 veris
1392 1782 1497 1817 sunt
1527 1782 1574 1817 et
1605 1789 1719 1829 pug-

223 1849 388 1884 narunt
414 1849 575 1884 contra
599 1842 737 1892 falsa;
772 1845 1099 1883 “transeuntes
1126 1854 1279 1881 secure
1292 1839 1311 1855 ”
1337 1838 1593 1893 significant
1620 1852 1718 1880 om-

223 1921 304 1948 nes
329 1908 401 1961 qui
428 1908 472 1948 in
498 1907 613 1947 veris
640 1913 759 1955 sunt,
787 1913 833 1947 et
858 1905 1083 1946 “reduces
1106 1904 1243 1945 belli'’
1269 1903 1370 1944 illos
1396 1904 1470 1957 qui
1494 1904 1539 1944 in
1565 1909 1718 1944 tenta·

222 1971 419 2012 tionibus
467 1970 644 2011 fuerunt
693 1975 740 2010 et
790 1974 1049 2022 pugnarunt
1094 1974 1255 2008 contra
1302 1966 1437 2007 falsa:
1474 1965 1719 2007 “mulieres

222 2034 374 2087 populi
406 2033 637 2086 expellere
669 2047 693 2073 e
726 2032 863 2073 domo
890 2031 1151 2072 deliciarum
1183 2029 1305 2083 ejus”
1331 2029 1553 2083 significat
1585 2028 1718 2070 affec-

221 2098 370 2138 tiones
396 2097 488 2138 veri
514 2097 759 2144 destruere,
786 2102 832 2136 et
859 2095 921 2135 sic
948 2107 1140 2135 amoena
1166 2100 1212 2134 et
1238 2093 1383 2134 felicia
1408 2092 1548 2143 caeli;
1583 2096 1717 2132 “mu-

222 2161 352 2201 lieres
390 2159 572 2213 populi''
604 2166 709 2200 sunt
748 2156 1010 2199 affectiones
1046 2157 1154 2205 veri,
1190 2156 1392 2197 “domus
1429 2155 1687 2196 deliciarum
1701 2155 1719 2169 ”

222 2222 444 2277 significat
463 2235 655 2263 amoena
677 2229 723 2262 et
745 2221 890 2262 felicia
912 2220 1038 2269 caeli,
1057 2220 1170 2260 haec
1194 2220 1312 2259 enim
1336 2224 1440 2259 sunt
1458 2215 1719 2259 affectiones

222 2288 328 2328 boni
354 2293 399 2328 et
425 2287 531 2327 veri.
592 2285 731 2338 Apud
758 2284 1042 2333 Saclzariam,

289 2378 308 2391 ⁴·
321 2376 560 2416 congregabo
584 2384 712 2406 omnes
736 2380 862 2415 gentes
887 2373 932 2405 ad
958 2372 1249 2413 Hierosolymam
1276 2371 1312 2402 in
1336 2370 1478 2409 bellum,
1503 2376 1539 2402 et
1562 2370 1720 2411 capietur

397 2421 492 2458 urbs,
510 2426 545 2450 et
565 2416 820 2459 [11deripientur
835 2418 973 2456 domus,
991 2423 1026 2448 et
1043 2417 1211 2447 mulieres
1229 2415 1301 2446 vim
1319 2415 1498 2455 patientur
1508 2413 1527 2426 ’'
1547 2413 1630 2454 (xiv.
1649 2415 1700 2453 2):

223 2524 301 2563 per
343 2513 539 2550 “omnes
579 2514 741 2561 gentes
757 2507 776 2523 ’'
816 2505 1126 2560 significantur
1170 2503 1290 2545 mala
1334 2509 1380 2544 et
1420 2502 1531 2544 falsa
1575 2502 1720 2543 omnis

223 2574 415 2627 generis,
443 2586 522 2625 per
555 2570 961 2623 “Hierosolymam
975 2569 993 2585 ''
1020 2568 1224 2616 ecclesia,
1253 2581 1332 2620 per
1359 2565 1583 2607 “urbem''
1609 2565 1719 2606 doc-

223 2637 354 2684 trina,
383 2650 462 2689 per
494 2633 752 2675 “domum''
784 2646 918 2674 omne
950 2630 1157 2673 sanctum
1189 2629 1422 2678 ecclesiae,
1446 2642 1525 2681 per
1552 2628 1719 2669 “muli-

223 2699 351 2739 eres”
373 2696 631 2739 affectiones
653 2698 772 2747 veri;
804 2696 924 2750 quod
950 2695 1035 2736 hae
1060 2695 1187 2734 “vim
1215 2691 1474 2746 patientur’'
1496 2690 1719 2744 significat

224 2762 346 2816 quod
377 2775 484 2802 vera
515 2767 829 2814 pervertentur
860 2766 907 2801 et
938 2759 1041 2800 inde
1073 2755 1333 2798 affectiones
1363 2755 1456 2796 veri
1481 2755 1717 2808 periturae.

224 2825 363 2883 Apud
390 2825 600 2873 eundem,

287 2916 305 2930 ‘¹
317 2914 359 2953 In
377 2915 433 2947 die
451 2914 511 2946 illo
529 2920 663 2946 crescet
680 2911 844 2954 planetus
862 2913 897 2944 in
917 2911 1200 2952 Hierosolyma..
1215 2936 1222 2943 .
1237 2935 1244 2943 .
1260 2916 1309 2942 .et
1323 2910 1469 2950 planget
1485 2915 1580 2941 terra
1595 2914 1630 2940 et
1647 2909 1719 2940 sin-

399 2959 503 2999 gulae
516 2959 673 2991 familiae
687 2958 838 2990 seorsim
854 2966 862 2997 ;
882 2957 1016 2989 familia
1029 2957 1156 2988 domus
1173 2955 1320 2988 Davidis
1334 2955 1484 2986 seorsim
1499 2960 1534 2986 et
1551 2953 1717 2985 mulieres

1933 3094 1962 3334 Qffixaerxm-ffi‘ssn
1944 2842 1962 3082 ‘masuam-»nm
1948 2719 1962 2831 ηιωμι
1952 2574 1962 2710 ..mn—a..-
1958 2526 1962 2568 ⁴.-
1954 2513 1958 2517 ·
1957 2461 1962 2503 m..
1960 2439 1962 2442 .
1959 2385 1962 2419 .--
1960 2351 1962 2361 -
