1962 3334
284 281 389 333 1378
691 291 1023 325 APOCALYPSIS
1054 292 1352 326 EXPLICATA.

275 401 395 454 quod
415 403 674 444 “cruciatus
690 401 899 444 fflillarum
921 404 1035 445 sicut
1057 405 1279 446 cruciatus
1301 406 1463 459 scorpii
1481 419 1581 447 cum
1605 420 1765 460 percu-

276 465 332 504 tit
367 464 629 506 hominem''
660 466 938 519 significatur
968 467 1087 520 quod
1124 468 1338 521 caligatio
1373 475 1420 510 et
1457 468 1704 511 abstrafflo
1740 484 1767 511 a

277 526 473 568 videndo
498 542 651 569 verum
675 530 733 569 sit
759 543 784 569 a
811 530 1099 582 persuasione
1121 544 1209 584 qua
1230 544 1357 572 mens
1380 531 1634 573 infatuatur.
1697 532 1766 574 De

276 591 533 642 persuasivo
547 592 666 644 quod
682 592 872 633 infatuat
887 598 933 633 et
948 593 1072 646 quasi
1087 592 1290 642 suffocat,
1303 594 1433 647 quale
1449 594 1556 635 illud
1572 601 1618 636 et
1633 595 1765 645 unde,

277 663 412 704 supra
437 662 481 699 (n.
503 660 636 704 [21544)
663 652 834 693 dictum
861 659 945 694 est.
1005 653 1141 706 Quod
1168 655 1480 707 persuasivum
1503 655 1615 696 illud
1640 656 1766 696 dica·

276 717 349 753 tur
373 712 611 762 infatuans,
639 720 708 755 est
735 715 837 768 quia
861 714 1003 756 aufert
1030 715 1215 756 rationis
1242 730 1384 766 usum,
1412 730 1550 770 usque
1578 723 1626 758 ut
1651 718 1768 758 ratio

278 788 356 816 seu
387 789 515 817 mens
541 777 775 817 rationalis
807 778 915 818 nihil
942 778 1094 819 videat
1121 792 1254 832 quam
1287 779 1332 819 id
1363 780 1483 833 quod
1515 779 1590 821 ille
1621 781 1693 834 qui
1723 781 1767 821 in

278 853 334 880 eo
360 841 618 892 persuasivo
649 847 733 890 est,
761 840 982 894 loquitur3
1015 842 1190 883 excitat
1221 843 1338 883 enim
1371 849 1604 884 momento
1635 855 1768 885 omne

277 903 397 956 quod
437 905 679 952 consentit,
721 910 767 944 et
808 904 991 945 obvelat
1031 917 1164 946 omne
1205 905 1325 958 quod
1366 905 1602 956 dissentit;
1649 906 1767 947 unde

278 978 406 1006 mens
423 965 666 1007 infatuatur
684 979 763 1019 per
779 967 822 1007 id
840 967 959 1021 quod
977 968 1020 1007 in
1040 967 1231 1021 caligine
1249 968 1307 1008 sit
1325 974 1371 1009 et
1394 969 1437 1008 in
1461 966 1766 1010 abstrae‘cione

278 1042 304 1069 a
334 1029 531 1070 videndo
557 1042 724 1070 verum.
786 1029 920 1082 Quod
952 1031 1256 1083 persuasivum
1289 1031 1396 1071 illud
1429 1031 1604 1072 dicatur
1635 1030 1768 1072 suffo-

279 1104 401 1141 cans,
418 1098 487 1133 est
503 1093 605 1146 quia
620 1092 825 1145 deprivat
840 1091 1121 1134 intelleffium
1138 1093 1354 1134 facultate
1369 1094 1601 1147 cogitandi
1616 1093 1767 1143 libere,

280 1161 327 1195 et
353 1155 635 1196 extendendi
661 1156 804 1196 visum
831 1155 1141 1210 undequaque,
1169 1162 1217 1197 ut
1244 1156 1293 1197 fit
1325 1157 1383 1198 ab
1414 1157 1535 1197 omni
1561 1157 1769 1198 rationali

280 1217 476 1267 homine,
504 1225 551 1260 et
583 1231 685 1259 cum
710 1219 795 1259 hoc
823 1218 872 1260 fit
898 1220 1135 1272 respiratio
1161 1219 1366 1260 laborat:
1405 1233 1509 1260 nam
1535 1220 1769 1272 respiratio

279 1280 536 1322 voluntaria
554 1282 694 1322 trahit
712 1295 846 1322 omne
864 1295 992 1322 suum
1016 1283 1074 1323 ab
1091 1280 1354 1334 i11telle&u;
1381 1296 1518 1336 quare
1536 1283 1674 1324 etiarn
1693 1281 1770 1324 illa

278 1357 326 1385 se
353 1344 623 1397 cogitationi
649 1344 741 1397 ejus
764 1345 1110 1395 accommodat;
1143 1346 1257 1386 sicut
1285 1351 1435 1387 motus
1461 1346 1608 1386 cordis
1635 1358 1771 1386 omne

278 1420 406 1447 suurn
429 1407 569 1448 trahit
596 1421 622 1447 a
647 1406 902 1456 voluntate,
927 1414 973 1448 et
1000 1407 1093 1460 ejus
1115 1406 1338 1448 affeffioni
1364 1422 1411 1449 se
1434 1409 1768 1450 accommodat.

279 1467 413 1521 Quod
457 1470 694 1522 respiratio
735 1469 998 1523 pulmonum
1036 1471 1390 1524 correspondeat
1431 1469 1681 1512 intellectui
1721 1477 1768 1512 et

278 1531 371 1584 ejus
393 1533 673 1586 cogitationi,
697 1547 747 1574 ac
771 1540 921 1574 motus
944 1534 1090 1575 cordis
1106 1533 1330 1575 voluntati
1352 1541 1398 1575 et
1419 1533 1511 1587 ejus
1529 1532 1766 1581 affectioni,

277 1593 488 1634 videatur
505 1595 548 1634 in
569 1594 771 1635 Arcanis
793 1594 1070 1636 Caelestz'bus
1085 1606 1130 1644 (n.
1149 1614 1236 1643 1119,
1252 1606 1445 1643 3883-3896,
1461 1605 1569 1644 9281).
1629 1594 1766 1647 Quod

278 1653 392 1695 forte
415 1656 719 1707 persuasivum
747 1669 836 1696 non
863 1657 1000 1697 modo
1026 1657 1116 1697 vim
1142 1656 1390 1697 infatuandi
1413 1656 1492 1696 sed
1515 1656 1653 1697 etiam
1678 1655 1768 1696 suf-

278 1717 456 1759 focandi
482 1718 662 1768 habeat,
690 1719 747 1760 ab
772 1721 868 1772 ipsa
893 1720 1177 1772 experientia
1202 1721 1314 1760 scire
1341 1719 1497 1760 datum
1524 1725 1608 1759 est.

357 1802 492 1846 550.
524 1802 630 1841 [Vers.
647 1803 690 1842 6.]
722 1793 801 1833 “ft
826 1793 866 1833 in
894 1793 1035 1834 diebus
1062 1793 1142 1834 illis
1171 1796 1374 1846 quaerent
1391 1792 1571 1833 homines
1598 1795 1769 1832 mortem

279 1858 323 1896 et
347 1867 424 1896 non
452 1855 656 1896 invenient
681 1855 1029 1909 Memfi-Quod
1060 1855 1288 1909 significet
1319 1855 1439 1909 quod
1463 1861 1564 1896 tunc
1580 1855 1770 1908 perdere

278 1917 415 1960 velint
441 1917 707 1970 facultatem
744 1917 1021 1971 z’ntellzg‘endz'
1051 1932 1217 1967 verum,
1255 1918 1340 1958 sed
1366 1917 1486 1970 quod
1515 1931 1651 1970 usque
1684 1930 1768 1957 non

272 1980 465 2034 possint,
489 1987 670 2021 constat
697 1994 755 2021 ex
779 1980 1108 2033 significatione
1133 1981 1214 2021 “in
1238 1981 1392 2021 diebus
1418 1979 1542 2028 illis‚'’
1564 1979 1683 2033 quod
1710 1980 1768 2020 sit

280 2052 402 2093 tunc,
427 2057 588 2096 nempe
615 2057 715 2084 cum
743 2044 880 2084 homo
906 2044 1124 2084 ecclesiae
1150 2044 1207 2084 ab
1233 2044 1410 2084 interno
1433 2041 1574 2083 sactus
1601 2043 1659 2083 sit
1684 2056 1768 2083 ex-

279 2114 448 2155 ternus,
475 2121 553 2147 seu
579 2120 605 2147 a
636 2107 845 2147 rationali
871 2107 1114 2158 sensualis;
1152 2121 1211 2147 ex
1243 2105 1570 2159 significatione
1596 2109 1767 2159 “quae-

279 2184 374 2213 rere
398 2169 630 2216 mortem,''
647 2170 766 2223 quod
785 2171 842 2211 sit
859 2170 976 2210 velle
999 2170 1183 2223 perdere
1202 2169 1465 2210 facultatem
1484 2168 1768 2221 intelligendi

278 2244 436 2273 verum
468 2241 522 2279 (de
550 2250 616 2278 qua
643 2241 825 2281 sequitur);
870 2237 918 2271 et
953 2245 1013 2271 ex
1043 2230 1377 2283 significatione
1406 2234 1535 2270 “non
1565 2229 1768 2270 invenire

279 2292 441 2342 illam,”
466 2292 585 2346 quod
617 2293 675 2333 sit
707 2306 797 2333 non
829 2305 962 2345 posse
988 2293 1188 2345 perdere.
1250 2291 1383 2345 Quod
1410 2305 1489 2344 per
1516 2294 1767 2344 “quaerere

280 2354 512 2404 mortem,”
538 2355 609 2396 hic
642 2354 919 2407 significetur
948 2355 1065 2396 velle
1097 2354 1281 2408 perdere
1313 2354 1575 2395 facultatem
1601 2352 1769 2394 intelli-

280 2419 416 2473 gendi
440 2431 607 2467 verum,
631 2424 758 2471 patet
785 2432 811 2458 a
832 2418 1220 2471 praecedentibus,
1243 2418 1345 2471 quia
1366 2424 1435 2458 est
1462 2430 1768 2470 consequens;

281 2480 450 2523 dictum
477 2482 595 2522 enim
628 2488 697 2522 est
728 2482 849 2534 quod
878 2480 1117 2522 “locustae
1149 2480 1381 2521 laederent
1413 2480 1617 2520 homines
1648 2479 1769 2521 solos

281 2545 530 2599 quicunque
557 2557 647 2585 non
670 2544 889 2585 haberent
915 2543 1111 2597 sigillum
1139 2543 1223 2584 Dei
1246 2556 1379 2596 super
1399 2543 1618 2583 frontibus
1643 2541 1768 2591 suis‚‘’

282 2613 330 2649 et
355 2608 458 2648 dein
485 2607 606 2661 quod
634 2607 828 2648 “datum
854 2606 940 2647 illis
972 2607 1029 2647 sit
1061 2612 1109 2647 ut
1141 2619 1230 2647 non
1257 2607 1515 2647 occiderent
1546 2605 1661 2650 illos.
1689 2605 1769 2645 sed

282 2670 570 2718 cruciarent‚”
593 2684 670 2723 per
695 2684 807 2723 quae
830 2669 1106 2723 significatur
1126 2669 1246 2723 quod
1268 2669 1404 2710 modo
1426 2669 1593 2709 damno
1618 2667 1769 2709 affice-

282 2740 382 2775 rent
408 2731 690 2774 intellectum
716 2733 807 2773 veri
834 2739 880 2774 et
913 2732 1249 2785 perceptionem
1281 2731 1386 2772 boni
1418 2731 1535 2784 apud
1565 2730 1665 2771 illos
1696 2730 1769 2784 qui

282 2810 373 2838 non
399 2797 444 2838 in
469 2797 584 2837 veris
610 2810 668 2837 ex
695 2797 815 2837 bono
840 2810 867 2837 a
891 2796 1088 2837 Domino
1113 2801 1243 2846 sunt;
1281 2801 1327 2836 at
1359 2795 1479 2848 quod
1509 2807 1647 2847 usque
1679 2806 1769 2834 non

282 2860 621 2913 deprivarentur
656 2859 870 2900 facultate
906 2858 1191 2912 intelligendi
1225 2870 1378 2898 verum
1414 2863 1461 2898 et
1498 2855 1769 2909 percipiendi

282 2921 467 2971 bonum,
499 2920 709 2961 videatur
747 2933 882 2973 supra
922 2930 966 2970 (n.
991 2919 1082 2972 546,
1106 2929 1227 2972 547):
1270 2918 1374 2959 inde
1409 2931 1527 2958 nunc
1567 2917 1769 2970 sequitur
