1962 3334
252 285 360 337 1854
663 293 997 327 APOCALYPSffi
1027 295 1327 328 EXPLICATA.

421 405 632 444 mercedem,
647 411 682 438 et
698 416 833 438 merces
851 417 923 439 non
939 407 1021 439 data
1037 414 1091 440 est
1108 409 1180 448 tibi,
1194 409 1291 440 fuisti
1309 409 1427 450 itaque
1444 408 1479 441 in
1494 409 1709 442 contrarium
1720 406 1740 422 ”

420 449 502 488 (xvi-
522 458 572 488 31,
591 448 660 492 32L
680 459 731 489 33,
750 449 842 492 34]):

246 538 396 592 agitur
421 539 465 579 in
497 553 552 580 eo
579 540 728 593 capite
755 541 812 581 de
838 540 1252 582 abominationibus
1281 541 1644 594 Hierosolymae,
1673 542 1738 583 ita

246 602 304 642 de
329 602 645 643 abominandis
673 603 909 644 Ecclesiae
933 603 1162 656 Judaicae,
1191 605 1311 658 quod
1344 618 1434 645 non
1467 605 1604 645 modo
1636 618 1738 658 per-

241 665 433 705 verterit
466 671 513 705 et
546 665 871 707 adulteraverit
905 665 1024 707 bona
1050 666 1205 715 Verbi,
1239 667 1491 708 sedetiam
1523 668 1644 721 quod
1676 681 1736 708 ex

241 728 459 781 gentibus
485 728 739 769 idololatris
766 729 877 770 falsa
909 729 1139 783 religionis
1171 736 1218 771 et
1251 730 1399 771 cultus
1425 731 1662 784 receperit,
1691 738 1738 772 et

245 803 324 843 per
360 790 438 831 illa
469 791 794 833 adulteraverit
828 807 933 833 vera
970 799 1016 833 et
1054 793 1175 833 bona
1207 793 1361 841 Verbi,
1396 800 1442 834 et
1479 793 1739 834 adulterata

245 853 606 896 confirmaverit:
641 855 746 909 quid
770 870 849 909 per
869 856 1144 897 “aedificare
1163 856 1327 897 clivum
1350 857 1394 897 in
1417 857 1567 910 capite
1591 858 1737 898 omnis

241 917 357 966 viae,
393 924 438 958 et
472 918 707 959 excelsum
739 919 885 959 facere
917 919 961 959 in
994 920 1115 959 omni
1148 919 1342 972 platea,'’
1368 920 1576 960 videatur
1606 934 1740 973 supra

245 978 476 1031 (n.652[c]):
505 980 625 1033 quod
645 994 724 1033 per
744 980 1040 1021 “adulteria”
1057 986 1103 1021 et
1125 985 1149 1001 “
1163 980 1501 1022 scortationes'’
1518 982 1562 1022 in
1579 981 1739 1022 Verbo

245 1040 557 1094 significentur
588 1041 948 1082 adulterationes
981 1048 1027 1083 et
1059 1042 1398 1083 falsificationes
1429 1043 1522 1083 veri
1553 1049 1600 1084 et
1632 1043 1738 1084 boni

245 1101 483 1151 ecclesiae,
524 1103 734 1143 videatur
773 1117 908 1156 supra
949 1114 994 1152 (n.
1025 1115 1113 1154 141,
1139 1113 1260 1156 511):
1306 1118 1445 1157 quare
1484 1104 1606 1158 quod
1647 1118 1738 1145 non

245 1162 376 1204 fuerit
395 1167 419 1184 ‘⁶
433 1164 548 1205 sicut
568 1165 785 1205 meretrix
804 1165 861 1205 ad
881 1165 1167 1218 gloriandum
1186 1166 1242 1206 de
1258 1165 1466 1206 mercede
1479 1164 1498 1180 ”
1513 1164 1738 1218 significat

245 1227 365 1280 quod
383 1240 474 1267 non
492 1228 556 1268 ita
573 1242 632 1268 ex
643 1227 841 1280 jucundo
859 1226 1108 1269 affectionis
1127 1228 1429 1269 falsificaverit
1447 1242 1554 1269 vera
1569 1227 1709 1268 Verbi
1727 1241 1735 1268 :

245 1290 365 1343 quod
386 1291 583 1332 “mulier
600 1291 808 1331 adultera
823 1291 905 1331 sub
922 1292 1017 1332 viro
1037 1305 1117 1332 suo
1135 1292 1360 1345 acceperit
1379 1291 1551 1332 alienos
1564 1291 1583 1307 ’'
1597 1292 1738 1345 signi-

245 1352 351 1394 ficat
374 1355 492 1408 quod
517 1355 785 1408 perverterit
809 1369 915 1395 vera
942 1361 988 1395 et
1011 1355 1131 1395 bona
1154 1355 1294 1396 Verbi
1318 1369 1395 1409 per
1417 1355 1529 1396 falsa
1551 1355 1738 1396 aliarum

245 1418 477 1470 gentium:
515 1417 760 1458 “omnibus
784 1418 1095 1458 meretricibus
1121 1419 1233 1459 dant
1261 1418 1531 1467 mercedem,
1557 1425 1606 1459 tu
1631 1433 1739 1459 vero

247 1480 414 1521 dedisti
447 1481 679 1522 mercedes
718 1487 820 1522 tuas
857 1481 1066 1522 omnibus
1103 1482 1283 1522 amasiis
1316 1483 1419 1530 tuis,
1452 1487 1498 1522 et
1531 1495 1737 1522 remune-

244 1544 355 1584 rasti
392 1544 512 1590 eos.”
548 1543 774 1597 significat
812 1544 932 1598 quod
975 1546 1227 1586 amaverint
1269 1544 1381 1585 falsa
1418 1545 1648 1598 religionis
1690 1551 1736 1586 et

245 1608 394 1649 cultus
427 1608 614 1649 aliarum
652 1609 885 1661 gentium;
932 1608 1175 1649 “merces”
1208 1622 1285 1649 seu
1322 1609 1491 1649 donum
1533 1609 1738 1649 meretri-

247 1664 364 1713 cium
391 1679 461 1713 est
488 1686 615 1713 amor
637 1671 903 1712 falsificandi
930 1686 1008 1725 per
1029 1671 1142 1712 falsa
1164 1672 1352 1712 aliorum
1373 1686 1383 1723 ;
1419 1676 1443 1692 ‘⁶
1460 1678 1508 1713 ut
1531 1673 1738 1713 venirent

245 1737 303 1777 ad
340 1742 387 1776 te
423 1750 447 1776 e
489 1736 677 1777 circuitu
714 1736 758 1775 in
795 1735 1151 1776 scortationibus
1189 1735 1317 1784 tuis,”
1355 1734 1579 1789 significat
1617 1735 1738 1789 quod

245 1799 358 1841 salsa
396 1801 486 1840 sint
525 1799 779 1852 conquisita
815 1798 872 1838 ab
914 1799 1226 1852 undequaque,
1262 1813 1342 1852 per
1378 1813 1491 1852 quae
1528 1798 1736 1839 falsifica-

246 1864 394 1904 tiones
421 1863 512 1904 veri
530 1877 553 1917 ;μ
575 1863 675 1902 “sic
699 1860 865 1902 factum
892 1868 962 1903 est
986 1863 1030 1902 in
1057 1869 1103 1903 te
1127 1863 1402 1903 contrarium
1428 1876 1454 1903 a
1480 1861 1738 1903 mulieribus

245 1929 290 1968 in
327 1927 695 1975 scortationibus,
736 1932 783 1966 ut
826 1932 930 1979 post
974 1932 1020 1966 te
1062 1939 1152 1966 non
1190 1933 1441 1967 scortatum
1479 1926 1655 1974 iverint,
1693 1926 1738 1966 in

247 1992 398 2032 dando
422 1990 692 2038 mercedem,
718 1996 764 2030 et
789 2002 960 2030 merces
985 2002 1075 2029 non
1099 1989 1208 2029 data
1230 1995 1299 2030 est
1324 1989 1420 2037 tibi,
1444 1989 1563 2029 fuisti
1586 1989 1738 2042 itaque

246 2056 291 2096 in
323 2053 640 2102 contrarium,’'
673 2052 899 2106 significat
927 2052 1173 2105 jucundum
1205 2053 1370 2093 amoris
1408 2059 1454 2093 et
1491 2050 1738 2093 affefflonis

245 2118 510 2159 falsificandi
529 2132 635 2158 vera
654 2131 759 2157 suae
782 2116 1002 2157 ecclesiae
1025 2130 1103 2169 per
1125 2116 1237 2156 falsa
1261 2116 1446 2156 aliarum
1470 2115 1737 2168 religionum

245 2190 292 2224 et
325 2181 620 2223 confirmandi
652 2180 755 2231 illa;
794 2179 1040 2233 jucundum
1073 2181 1237 2220 amoris
1274 2186 1320 2221 et
1353 2178 1599 2220 affectionis
1631 2193 1739 2232 erga

245 2246 358 2287 salsa
384 2245 572 2285 aliarum
598 2243 868 2296 religionum
896 2242 966 2283 hic
1000 2243 1273 2296 intelligitur
1299 2257 1378 2296 per
1403 2242 1739 2291 “mercedem,''

246 2324 324 2350 seu
356 2309 523 2349 donum
557 2306 872 2348 meretricium.
935 2305 1010 2345 Ex
1047 2306 1116 2346 his
1154 2320 1267 2359 quae
1305 2319 1422 2346 nunc
1460 2305 1601 2345 allata
1633 2311 1738 2346 sunt

245 2377 457 2413 constare
495 2377 650 2424 potest
687 2369 792 2423 quid
829 2382 908 2421 per
942 2367 1270 2409 “mercedem’'
1301 2369 1346 2408 in
1383 2374 1573 2421 utroque
1605 2381 1740 2409 sensu

246 2433 540 2489 spiritualiter
567 2432 863 2486 intelligitur3
903 2432 989 2472 hoc
1023 2432 1142 2472 enim
1176 2445 1348 2472 merces
1381 2430 1625 2484 spiritualis
1652 2437 1738 2479 est,

245 2497 365 2550 quod
379 2497 666 2550 jucunditate
688 2503 734 2536 et
758 2497 925 2549 gaudio
948 2495 1112 2546 afficit;
1147 2495 1236 2535 sint
1261 2508 1340 2547 pro
1364 2493 1592 2547 exemplo,
1613 2507 1737 2547 opes,

245 2560 571 2614 possessioneS,
600 2559 811 2607 honores,
840 2572 1039 2607 munera,
1065 2558 1224 2612 quibus
1247 2557 1386 2598 homo
1412 2563 1598 2610 propter
1623 2557 1739 2597 bene

245 2622 347 2664 afta
383 2629 710 2671 remuneratur,
747 2637 861 2676 quae
900 2621 1196 2676 spiritualiter
1230 2619 1466 2661 intellecta
1503 2633 1593 2660 non
1634 2626 1739 2660 sunt

244 2687 336 2736 illa,
364 2687 444 2727 sed
466 2685 774 2739 jucunditates
802 2692 848 2726 et
875 2685 1042 2738 gaudia
1073 2699 1132 2725 ex
1164 2683 1276 2724 illis:
1316 2682 1416 2737 plus
1442 2689 1595 2723 autem
1623 2695 1740 2723 mer-

245 2764 321 2791 ces
354 2749 580 2798 caelestis,
614 2763 729 2802 quae
767 2750 851 2789 erit
890 2748 1061 2789 homini
1099 2747 1318 2788 ecclesiae
1357 2747 1430 2799 qui
1467 2746 1581 2786 bene
1612 2746 1738 2793 vivit,

245 2827 360 2866 quae
398 2819 468 2853 est
507 2810 684 2853 affecfflo
716 2813 809 2852 veri
841 2810 1100 2864 spiritualis,
1135 2816 1181 2850 et
1219 2810 1323 2850 inde
1355 2808 1662 2861 intelligentia
1693 2815 1740 2848 et

245 2876 482 2929 sapientia,
526 2889 585 2916 ex
626 2888 713 2928 qua
753 2874 993 2915 beatitudo
1035 2880 1082 2914 et
1119 2872 1340 2923 felicitas;
1387 2878 1433 2912 et
1476 2873 1656 2924 insuper
1695 2871 1740 2910 in

245 2939 372 2980 eaelo
399 2938 633 2992 opulentia
665 2944 710 2979 et
745 2936 1098 2990 magnificentia,
1128 2950 1242 2990 quae
1275 2950 1333 2976 ex
1367 2934 1555 2975 caelesti
1587 2947 1740 2975 amore
