1962 3334
629 308 735 342 CAP.
758 307 840 347 1x.,
862 305 1002 338 VERS.
1028 302 1198 349 19.——N.
1223 294 1316 347 582.
1464 291 1471 296 '
1609 292 1713 342 1461

306 419 435 474 582.
471 418 551 459 ‘ft
565 417 607 458 in
625 417 690 459 Ιιίε
707 414 1109 468 laedunt.”—Quod
1134 411 1363 466 significet
1387 409 1509 464 quod
1530 409 1598 450 sic
1607 415 1716 461 per-

231 486 411 522 vertant
444 493 553 520 vera
586 485 631 520 et
667 478 778 519 bona
815 476 1027 525 ecclesiae,
1067 480 1250 516 constat
1287 487 1347 514 ex
1387 469 1716 524 significatione

216 541 487 591 ⁴‘laedere,”
507 541 627 596 quod
652 542 711 582 sit
743 546 1000 594 pervertere
1029 551 1137 579 vera
1166 543 1214 578 et
1243 537 1364 577 bona
1387 533 1607 575 ecclesiae
1637 545 1718 585 per

221 605 462 648 ratiocinia
495 610 648 646 astuta
689 617 750 644 ex
787 601 1044 644 scientificis
1078 599 1358 642 sensualibus
1396 611 1474 638 seu
1504 595 1716 645 fallaciis;

228 680 336 709 nam
360 680 441 721 per
462 666 663 721 “equos”
688 667 733 707 in
757 666 943 714 visione,
965 665 1021 705 de
1043 676 1230 718 quorum
1252 662 1406 703 caudis
1425 660 1538 702 haec
1560 659 1716 700 dicun-

230 735 318 780 tur,
349 728 657 783 significantur
691 728 1024 770 falsificationes
1055 726 1197 767 Verbi
1232 738 1312 779 per
1346 722 1717 766 ratiocinationes

224 804 290 832 vex
308 790 501 832 fallaciis
517 801 678 839 (vidam
688 809 795 838 supra,
806 789 874 829 n.¹¹¹
881 798 932 841 57
938 798 991 841 5).
1044 787 1121 828 Ex
1141 787 1270 841 equis
1290 786 1356 827 ita
1374 785 1482 826 visis
1500 783 1714 837 Johanni,

218 851 368 892 ¹videri
398 858 552 904 potest
582 850 743 905 quales
773 856 879 892 sunt
910 849 1201 903 apparentiae
1230 845 1645 901 repraesentativae
1672 845 1716 884 in

222 913 383 964 jcae103
413 914 535 968 quod
557 927 721 966 nempe
742 911 1004 954 affectiones
1024 912 1099 961 ibi,
1117 911 1299 966 quando
1319 914 1715 963 repraesentantur

227 989 308 1030 per
330 977 554 1025 animalia,
579 977 799 1018 sistantur
822 977 867 1016 in
898 975 1058 1017 talium
1086 974 1348 1016 animalium
1377 972 1531 1014 formis
1560 970 1717 1025 quales

227 1045 448 1093 apparent
477 1039 523 1080 in
553 1046 711 1080 nostro
741 1039 925 1087 mundo,
960 1038 1041 1079 sed
1071 1051 1211 1092 usque
1241 1036 1409 1090 passim
1440 1047 1541 1076 cum
1572 1035 1716 1075 varie-

226 1104 324 1144 tate
345 1102 495 1156 quoad
515 1102 717 1143 membra
732 1114 902 1150 eorum,
920 1101 1136 1154 imprimis
1152 1099 1302 1155 quoad
1318 1099 1471 1140 vultus
1486 1112 1498 1149 ;
1528 1109 1717 1152 quorum

227 1165 405 1218 singula
421 1179 481 1206 ex
499 1165 900 1218 correspondentia
916 1163 1172 1217 significant
1189 1161 1436 1204 affectionis
1452 1163 1516 1203 ita
1537 1174 1717 1214 reprae-

215 1234 436 1269 sentatae
455 1228 602 1268 varia:
634 1234 683 1268 ut
708 1228 795 1275 hic,
820 1227 940 1281 quod
964 1227 1084 1267 “visi
1106 1227 1197 1268 sint
1218 1226 1334 1280 equi,
1356 1237 1545 1279 quorum
1566 1223 1719 1276 capita

222 1297 382 1338 ⁴essent
406 1291 521 1332 sicut
547 1291 696 1344 capita
726 1290 923 1338 leonum,
952 1296 999 1331 et
1032 1290 1202 1331 caudae
1226 1289 1395 1330 similes
1418 1288 1715 1341 serpentibus,

224 1353 451 1395 habentes
493 1354 644 1406 capita
659 1351 694 1403 ;”
726 1359 774 1394 et
804 1353 925 1406 quod
957 1352 1172 1393 sedentes
1195 1366 1328 1405 super
1348 1352 1473 1405 equis
1497 1350 1718 1392 haberent

230 1415 476 1457 “thoraces
496 1418 669 1470 igneos,
687 1415 1006 1469 hyacinthinos
1023 1421 1070 1456 et
1087 1414 1388 1468 sulphureos.'’
1427 1413 1657 1455 Animalia
1673 1414 1718 1454 in

227 1479 360 1520 variis
383 1479 535 1520 formis
560 1479 605 1519 in
633 1479 728 1519 dies
753 1485 973 1531 apparent
997 1479 1043 1519 in
1070 1478 1240 1519 mundo
1265 1477 1499 1531 spirituali,
1526 1483 1574 1518 et
1605 1490 1718 1530 quo-

227 1555 315 1599 que
339 1555 367 1583 a
390 1555 462 1582 me
487 1542 663 1595 saepius
683 1543 778 1582 visa
799 1548 931 1592 sunt;
962 1548 1010 1582 et
1035 1542 1109 1595 qui
1130 1541 1555 1594 correspondentias
1577 1540 1718 1587 novit,

227 1604 265 1646 is
299 1605 385 1646 scit
421 1604 527 1659 quid
562 1604 741 1658 singula
772 1604 1057 1658 significant:
1101 1618 1259 1646 omnes
1290 1605 1410 1645 enim
1442 1602 1717 1651 affectiones,

229 1680 343 1721 quae
354 1666 497 1708 fluunt
522 1681 582 1708 ex
608 1668 835 1708 mentibus
859 1667 1094 1720 angelicis,
1121 1667 1380 1721 effigiantur
1405 1680 1557 1708 coram
1578 1665 1719 1707 oculis

228 1734 383 1770 eorum
405 1743 484 1782 per
500 1730 645 1771 omnis
666 1730 849 1783 generis
869 1730 1094 1779 animalia,
1111 1744 1226 1784 quae
1243 1743 1375 1783 super
1391 1736 1525 1778 terra,
1544 1743 1657 1783 quae
1675 1730 1719 1769 in

228 1804 346 1841 aere,
363 1799 412 1833 et
428 1805 543 1845 quae
565 1792 608 1832 in
630 1793 742 1833 mari
761 1806 771 1832 :
805 1799 901 1833 tum
918 1793 1056 1833 etiam
1075 1806 1155 1845 per
1171 1790 1372 1845 subjecta
1388 1792 1588 1833 omnium
1605 1805 1719 1845 quae

227 1852 276 1895 ἰιι
298 1868 442 1908 regno
463 1861 610 1896 terrae
635 1855 896 1908 vegetabili,
919 1862 966 1896 et
992 1869 1070 1908 per
1091 1854 1292 1908 subje&a
1313 1855 1511 1896 omnium
1536 1868 1649 1908 quae
1674 1855 1719 1895 in

229 1929 373 1971 regno
394 1924 539 1958 terrae
562 1917 777 1959 minerali.
837 1918 951 1959 Inde
976 1925 1046 1959 est
1068 1919 1187 1972 quod
1210 1918 1320 1959 talia
1343 1918 1387 1958 in
1410 1923 1568 1958 nostro
1589 1929 1719 1957 mun-

229 1979 291 2021 do
322 1978 442 2022 facta
475 1981 565 2022 sint
601 1982 987 2033 repraesentativa
1022 1980 1285 2022 caelestium
1322 1987 1369 2022 et
1409 1980 1719 2034 spiritualium.

231 2041 366 2095 Quod
386 2043 496 2084 talia
513 2045 899 2098 repraesentativa
920 2044 964 2084 in
988 2044 1157 2084 mundo
1173 2043 1392 2096 spirituali
1410 2044 1629 2093 existant,
1648 2052 1719 2086 est

229 2105 334 2159 quia
362 2105 421 2146 ibi
451 2113 555 2147 sunt
586 2107 832 2159 spiritualia
861 2107 1074 2147 interiora
1104 2113 1151 2148 et
1182 2107 1436 2158 exteriora;
1473 2107 1721 2161 spiritualia

230 2167 443 2209 interiora
463 2175 567 2210 sunt
589 2170 739 2210 omnia
763 2169 840 2209 illa
861 2183 974 2222 quae
999 2175 1105 2210 sunt
1126 2168 1373 2210 affectionis
1395 2176 1442 2210 et
1468 2170 1572 2211 inde
1593 2171 1720 2224 cogi-

230 2231 430 2280 tationis,
449 2245 527 2272 seu
543 2245 657 2286 quae
674 2238 779 2272 sunt
796 2232 1128 2285 intelligentiae
1144 2233 1237 2273 veri
1254 2239 1302 2274 et
1319 2233 1567 2285 sapientiae
1584 2234 1691 2275 boni
1709 2249 1718 2285 ;

230 2298 280 2334 et
301 2293 546 2348 spiritualia
562 2294 791 2335 exteriora
812 2295 876 2335 ita
892 2301 1047 2335 creata
1069 2301 1173 2336 sunt
1194 2309 1222 2336 a
1242 2294 1439 2337 Domino
1461 2302 1509 2337 ut
1531 2296 1719 2338 induant

230 2369 310 2414 seu
333 2357 577 2398 investiant
602 2357 849 2410 spiritualia
874 2358 1088 2406 interiora
1103 2372 1114 2409 ;
1151 2364 1198 2400 et
1224 2372 1325 2400 cum
1349 2359 1462 2401 haec
1489 2360 1647 2401 induta
1673 2366 1720 2401 et

231 2419 445 2472 investita
475 2426 596 2468 sunt,
629 2427 736 2461 tunc
768 2421 974 2462 existunt
1006 2420 1122 2462 tales
1152 2421 1323 2464 formae
1353 2422 1509 2476 quales
1539 2429 1643 2464 sunt
1675 2423 1719 2464 in

232 2482 402 2522 mundo
432 2482 640 2532 naturali,
674 2483 719 2523 in
750 2497 865 2536 quae
897 2483 1001 2524 ideo
1030 2483 1247 2526 interiora
1276 2485 1526 2539 spiritualia
1557 2485 1718 2528 ultimo

231 2542 455 2595 desinunt,
481 2551 527 2587 et
558 2545 603 2586 in
629 2546 788 2600 quibus
813 2546 974 2588 ultimo
999 2547 1218 2589 existunt.
