1962 3334
614 283 720 316 CAP.
743 283 827 324 xl„
847 282 986 315 VERs.
1008 256 1155 315 8.4-N.
1175 271 1348 327 654[h].
1513 283 1517 285 ·
1618 281 1721 329 1741

243 395 302 436 ad
322 408 431 443 rem,
447 409 525 448 per
545 395 624 436 illa
639 395 775 436 verba
797 395 1121 448 praescriptum
1136 401 1207 435 est
1224 408 1280 434 ne
1297 405 1452 434 verum
1469 393 1726 434 dominetur

242 471 375 510 super
404 458 586 505 bonum,
612 458 734 511 quod
764 457 815 498 fit
845 458 1027 511 quando
1058 457 1274 498 naturalis
1301 457 1438 497 homo
1467 456 1726 496 dominatur

243 533 376 573 super
396 520 671 573 spiritualem
688 534 699 570 ;
726 534 781 560 ne
802 521 887 560 hoc
909 519 1003 567 fiat,
1021 519 1298 572 significatur
1318 531 1398 571 per
1416 522 1442 538 ‘⁴
1455 531 1511 558 ne
1535 518 1723 570 reduce-

241 589 311 623 ret
339 583 555 636 populum
584 584 630 623 in
660 582 942 635 Aegyptum,
974 589 1021 623 et
1055 582 1160 623 inde
1190 581 1512 634 multiplicaret
1543 580 1724 634 equos,'’

242 652 339 686 tum
364 646 503 685 etiam
527 650 622 685 “ne
647 644 795 697 plures
817 658 981 685 uxores
1001 644 1186 684 duceret
1203 644 1237 694 ;’'
1263 657 1367 684 nam
1393 656 1471 696 per
1494 647 1723 682 “uxorem

241 714 288 748 et
313 708 523 748 maritum
534 707 553 721 ”
573 706 849 760 significatur
871 705 1047 747 affectio
1071 707 1178 747 boni
1204 706 1564 758 correspondens
1587 705 1722 745 affec-

238 770 351 810 tioni
370 771 476 819 veri,
499 783 613 823 quae
637 770 1036 822 correspondentia
1058 769 1191 810 datur
1215 770 1260 809 in
1286 768 1494 821 conjugio
1515 769 1595 808 viri
1619 781 1723 808 cum

238 844 325 871 una
345 845 500 879 uxore,
519 845 610 872 non
631 839 783 872 autem
805 845 906 872 cum
928 831 1138 884 pluribus.
1198 830 1368 872 Similia
1384 830 1575 883 amplius
1591 843 1720 882 prae-

238 894 404 947 scripta
419 901 524 935 sunt
541 895 584 934 in
600 895 703 947 Jure
721 894 860 947 Regis
879 893 919 944 (1
940 894 1060 935 Sam.
1078 894 1164 934 viii.
1185 893 1353 947 10—18).
1402 891 1520 946 Quia
1537 892 1722 933 Salomo

238 969 329 997 non
359 957 496 997 modo
526 958 803 1009 comparavit
834 957 916 997 sibi
946 970 1086 1010 equos
1115 970 1175 997 ex
1207 956 1442 1009 Aegypto,
1469 956 1550 996 sed
1579 957 1719 996 etiam

237 1018 549 1071 multiplicavit
576 1033 755 1067 uxores,
782 1026 831 1060 ut
861 1026 909 1060 et
939 1026 1179 1072 argentum
1209 1025 1255 1059 et
1286 1032 1441 1059 aurum
1472 1019 1718 1071 congessit,

235 1081 340 1122 ideo
370 1081 612 1122 idololatra
646 1080 787 1122 faetus
822 1088 907 1129 est,
939 1095 992 1122 ac
1027 1094 1218 1134 regnum
1254 1087 1359 1134 post
1395 1081 1489 1134 ejus
1525 1087 1720 1121 mortem

235 1143 425 1184 divisum
449 1149 534 1184 est.
593 1143 731 1196 Apud
754 1143 956 1192 Esaiam,

301 1258 579 1299 “Propheticum
596 1260 641 1290 de
659 1259 824 1299 Aegypto
838 1270 845 1290 :
873 1258 1036 1300 Jehovah
1054 1259 1219 1300 equitans
1238 1269 1345 1299 super
1360 1259 1429 1291 levi
1446 1260 1550 1297 nube,
1566 1266 1602 1290 et
1616 1260 1718 1291 venit

410 1299 479 1343 [in]
497 1301 723 1342 Aegyptum:
754 1303 848 1333 unde
867 1303 1188 1333 commovebuntur
1201 1303 1298 1334 idola
1313 1303 1469 1343 Aegypti
1485 1312 1605 1334 coram
1624 1302 1719 1343 Ipso,

408 1351 445 1376 et
459 1355 521 1376 cor
531 1343 733 1385 1¹1Aegyp1ii
748 1346 903 1386 liquefiet
919 1346 954 1376 in
972 1346 1090 1377 medio
1102 1346 1181 1386 ejus
1193 1355 1218 1383 ;.
1232 1371 1240 1377 .
1253 1371 1261 1377 .
1275 1346 1498 1377 ,concludam
1513 1346 1718 1386 Aegyptum
1779 1382 1782 1386 ⁴

410 1388 448 1419 in
467 1398 613 1419 manum
632 1389 768 1420 domini
787 1389 875 1426 duri,
891 1396 926 1420 et
944 1399 1007 1420 rex
1026 1389 1220 1420 vehemens
1238 1389 1479 1420 dominabitur
1494 1390 1530 1420 in
1550 1399 1623 1421 eOS.
1661 1415 1669 1421 .
1682 1415 1692 1422 .
1704 1414 1714 1422 .

409 1431 511 1463 Tunc
529 1432 694 1463 deficient
711 1442 824 1472 aquae
840 1433 877 1463 in
897 1433 995 1470 mari,
1014 1438 1051 1463 et
1068 1432 1197 1464 fluvius
1216 1433 1452 1464 exsiccabitur
1469 1439 1505 1464 et
1527 1440 1719 1470 exarescet,

407 1482 444 1506 et
462 1475 630 1506 recedent
646 1475 803 1513 flumina,
820 1483 870 1507 et.
884 1500 893 1507 .
906 1476 1192 1507 .exsicoebuntur
1209 1476 1307 1507 fluvii
1325 1476 1491 1516 Aegypti,
1508 1477 1664 1507 calamus
1683 1483 1720 1508 et

406 1518 492 1549 ulva
506 1525 725 1550 marcescent
735 1530 743 1550 :
752 1543 760 1550 .
774 1543 782 1550 .
795 1543 804 1550 .
818 1519 913 1550 ‚ideo
930 1519 1102 1559 lugebunt
1117 1519 1320 1559 pisoetores,
1337 1526 1373 1550 et
1388 1520 1507 1551 tristes
1522 1526 1627 1551 erunt
1642 1530 1720 1551 om-

407 1571 473 1593 nes
485 1562 713 1602 projicientes
729 1562 765 1592 in
779 1561 909 1593 flumen
923 1563 1079 1599 hamum,
1093 1569 1129 1594 et
1144 1563 1387 1602 expandentes
1402 1570 1477 1594 rete
1489 1573 1597 1603 super
1609 1563 1720 1595 facies

405 1614 575 1645 aquarum
590 1605 842 1645 languescent:
865 1607 1074 1636 erubescent
1086 1606 1193 1637 etiam
1207 1606 1378 1637 facientes
1390 1606 1500 1637 linum
1514 1607 1719 1646 sericorum,

408 1655 445 1680 et
459 1654 616 1679 textor&
632 1649 849 1679 aulaeorum.
883 1674 891 1680 .
905 1674 913 1680 .
926 1674 934 1680 .
949 1649 1154 1690 ,Quomodo
1166 1649 1281 1680 dicitis
1296 1650 1341 1680 ad
1359 1649 1594 1687 Pharaonem,
1609 1649 1719 1681 Filius

407 1691 607 1731 sapientum
626 1701 706 1732 ego,
724 1691 815 1723 filius
835 1702 956 1731 regum
968 1692 1217 1732 antiquitatis:
1251 1693 1310 1723 ubi
1334 1702 1428 1724 nunc
1447 1693 1627 1733 sapientes
1646 1694 1721 1726 tui?

406 1740 446 1766 ut
461 1734 628 1772 indicent,
647 1744 713 1774 age
729 1735 801 1772 tibi,
818 1742 853 1765 et
873 1742 1092 1775 cognoscant
1110 1735 1195 1776 quid
1213 1736 1391 1767 consuluit
1405 1735 1583 1777 Jehovah.
1597 1746 1720 1777 .super

407 1778 630 1818 Aegyptum:
651 1778 750 1809 stulti
766 1776 850 1809 faeti
868 1786 950 1809 sunt
967 1779 1144 1819 principes
1159 1778 1301 1817 Zoanis,
1317 1780 1426 1810 ablati
1441 1786 1525 1811 sunt
1540 1780 1719 1820 principes

408 1820 524 1861 Noph,
543 1828 579 1852 et
594 1821 811 1852 seduxerunt
827 1821 1032 1862 Aegyptum
1049 1822 1258 1862 angularem
1275 1822 1428 1862 lapidem
1445 1823 1599 1854 tribuum
1616 1823 1719 1863 ejus:

412 1889 420 1896 .
434 1889 442 1895 .
455 1889 463 1895 .
477 1874 566 1895 .non
579 1865 645 1895 erit
659 1864 824 1904 Aegypto
837 1875 927 1905 opus
939 1865 1034 1906 quod
1049 1865 1156 1896 faciat
1168 1872 1273 1905 caput
1289 1873 1324 1897 et
1339 1866 1498 1904 caudam,
1510 1864 1667 1898 [²lramus
1681 1873 1719 1898 et

404 1906 560 1947 juncus''
575 1908 659 1946 (xix.
678 1913 792 1947 1-17):

233 2031 352 2086 quod
376 2044 455 2084 per
477 2030 782 2083 “Aegyptum
797 2030 816 2046 '¹
840 2030 1114 2084 significetur
1139 2032 1342 2072 naturale
1366 2032 1561 2073 hominis
1585 2047 1717 2086 sepa-

233 2100 380 2134 ratum
415 2106 443 2133 a
476 2093 693 2146 spirituali
732 2093 838 2146 ejus,
876 2095 1013 2134 etiam
1048 2108 1108 2134 ex
1146 2095 1214 2135 his
1253 2096 1298 2135 in
1333 2109 1467 2135 sensu
1502 2096 1718 2148 spirituali

233 2154 449 2209 spectatis
489 2163 696 2196 constare
738 2162 890 2208 potest
910 2170 920 2206 ;
970 2163 1016 2197 et
1060 2157 1197 2197 homo
1244 2157 1294 2198 fit
1338 2171 1459 2199 mere
1503 2159 1718 2199 naturalis

234 2218 413 2272 quando
434 2219 479 2258 in
499 2219 592 2259 vita
613 2232 693 2258 sua
714 2232 804 2259 non
826 2218 1003 2271 spectat
1024 2220 1081 2260 ad
1105 2220 1361 2268 Dominum,
1385 2221 1465 2261 sed
1487 2222 1544 2261 ad
1570 2229 1716 2263 semet

234 2287 281 2322 et
305 2281 363 2322 ad
388 2281 628 2331 mundum;
670 2281 774 2322 inde
798 2282 839 2322 ei
869 2282 1010 2323 fastus
1041 2284 1244 2335 propriae
1270 2283 1614 2336 intelligentiae.
1641 2286 1716 2338 qui

233 2344 481 2384 communis
505 2351 576 2384 est
601 2344 798 2392 eruditis,
826 2351 872 2385 et
897 2345 1014 2398 apud
1040 2345 1141 2386 illos
1166 2347 1382 2399 pervertit
1406 2347 1640 2395 rationale,
1667 2354 1715 2388 et

233 2405 430 2446 occludit
460 2412 661 2446 mentem
697 2407 988 2459 spiritualem.
1048 2407 1114 2449 Ut
1147 2410 1313 2449 sciatur
1342 2409 1461 2462 quod
1498 2410 1714 2450 naturalis

233 2468 370 2508 homo
395 2481 473 2520 per
499 2467 843 2521 “Aegyptumss’
868 2470 1045 2522 propria
1075 2471 1377 2524 intelligentia
1406 2485 1486 2524 per
1512 2472 1715 2512 “flumen

232 2530 363 2583 ejus,”
386 2538 433 2571 et
463 2530 575 2571 salsa
602 2544 681 2583 per
708 2536 883 2584 “aquas
908 2532 1098 2573 fluminis
1123 2532 1367 2586 Aegypti‚”
1392 2534 1712 2587 significentur,

236 2592 371 2633 velim
396 2593 439 2632 in
466 2593 578 2633 serie
603 2593 830 2645 explicare
858 2594 934 2634 illa
958 2608 1070 2647 quae
1097 2609 1155 2635 ex
1181 2597 1327 2648 capite
1353 2596 1432 2637 illo
1456 2600 1715 2639 summatim

204 2704 211 2709 ἱ
233 2655 317 2696 huc
334 2655 473 2695 allata
489 2662 592 2696 sunt
609 2669 619 2695 ε
649 2656 886 2708 “Jehovah
903 2659 1109 2710 equitans
1125 2672 1257 2711 super
1274 2659 1359 2700 levi
1377 2660 1508 2708 nube,
1528 2668 1574 2702 et
1587 2663 1711 2702 venit

233 2718 278 2758 in
300 2717 605 2770 Aegyptum,”
625 2718 847 2771 significat
871 2720 1171 2760 visitationem
1198 2722 1411 2762 naturalis
1432 2723 1624 2763 hominis
1649 2738 1709 2764 ex

235 2779 399 2820 Divino
421 2779 544 2820 Vero
566 2780 756 2820 naturali
778 2781 1007 2833 spirituali,
1031 2782 1229 2823 visitatio
1251 2785 1369 2824 enirn
1390 2791 1460 2826 est
1485 2786 1712 2838 inquisitio

233 2841 376 2894 qualis
392 2841 529 2882 homo
545 2849 628 2889 est,
644 2849 690 2882 et
708 2843 933 2896 inquisitio
950 2843 998 2884 fit
1018 2857 1095 2896 per
1112 2844 1322 2896 Divinum
1340 2846 1509 2887 Verum
1527 2862 1536 2896 ;
1563 2852 1588 2867 ‘⁴
1602 2847 1711 2888 levis

235 2903 375 2944 nubes
385 2903 405 2917 ”
419 2903 639 2956 significat
658 2904 867 2945 Divinum
883 2905 1051 2946 Verum
1069 2907 1271 2948 naturale
1290 2909 1531 2960 spirituale,
1548 2923 1606 2950 ex
1624 2923 1713 2963 quo
