1956 3328
258 287 362 339 1908
666 293 1000 326 APOCALYPSIS
1031 294 1331 326 EXPLICATA.

252 406 484 460 tuali‚'per
516 419 648 460 quem
680 406 996 460 intelliguntur
1027 413 1072 448 et
1105 407 1217 448 caeli
1249 414 1295 449 et
1328 407 1510 456 inferna,
1540 407 1644 449 talis
1676 414 1745 450 est

251 471 475 511 ordinatio
506 469 626 523 quod
653 470 765 510 caeli
797 470 886 510 sint
918 471 1032 511 sicut
1060 483 1276 523 expansa,
1307 484 1442 511 unum
1471 484 1604 523 supra
1630 471 1745 512 alte-

250 546 361 581 rum,
386 539 431 573 et
458 532 578 586 quod
605 533 687 572 sub
710 532 845 573 caelis
868 533 924 572 sit
952 533 1144 573 mundus
1167 534 1416 586 spirituum,
1442 540 1487 574 et
1514 534 1635 587 quod
1661 535 1746 574 sub

250 598 335 637 hoc
366 598 455 636 sint
488 595 672 644 inferna,
704 608 840 635 unum
867 595 977 635 infra
1003 596 1221 636 alterum:
1255 597 1503 637 secundum
1530 598 1745 638 successi-

250 673 353 700 vam
394 660 508 700 hanc
551 659 885 699 ordinationem
926 657 974 699 fit
1015 659 1210 699 influxus
1251 674 1276 699 a
1316 660 1527 708 Domino,
1567 661 1630 701 ita
1670 674 1748 713 per

250 723 426 764 caelum
452 723 659 762 intimum
686 722 730 761 in
758 722 968 770 medium,
995 729 1041 762 et
1075 735 1152 774 per
1179 723 1263 763 hoc
1287 723 1330 762 in
1359 723 1581 772 ultimum,
1609 730 1656 764 et
1687 737 1748 764 ex

251 787 338 827 illis
360 787 402 826 in
426 799 506 826 suo
524 785 680 825 ordine
703 785 747 825 in
767 785 938 825 inferna
957 799 1071 838 quae
1090 785 1344 838 subjacent.
1409 786 1604 826 Mundus
1621 787 1747 839 spiri-

251 857 378 890 tuum
410 855 479 889 est
512 848 698 896 medius,
734 854 780 888 et
813 848 970 900 recipit
1003 847 1222 888 influxum
1254 856 1349 889 tam
1387 863 1410 889 e
1448 848 1583 889 caelis
1614 862 1748 903 quam

252 926 311 953 ex
338 911 530 959 infernis,
556 911 742 964 quisque
770 910 829 950 ibi
856 911 1109 951 secundum
1136 918 1307 952 statum
1334 926 1438 951 suae
1465 912 1598 952 vitae.
1659 911 1749 952 Sed

251 975 328 1015 illa
353 974 576 1014 ordinatio
603 973 830 1013 caelorum
857 980 903 1013 et
930 973 1204 1014 infernorum
1231 975 1507 1015 mutationes
1533 975 1667 1015 subiit
1692 975 1750 1015 ab

252 1051 341 1078 uno
367 1036 535 1089 judicio
561 1036 618 1076 ad
650 1036 857 1084 alterum,
887 1049 965 1088 per
995 1036 1054 1084 id,
1084 1037 1204 1089 quod
1232 1037 1439 1077 homines
1466 1038 1539 1090 qui
1571 1038 1750 1078 e'terris

252 1100 491 1147 alluerunt,
521 1113 579 1140 ex
606 1099 765 1152 quibus
794 1099 907 1140 caeli
933 1106 979 1140 et
1012 1099 1195 1148 inferna,
1225 1100 1412 1140 diversis
1441 1099 1751 1141 affeffitionibus

252 1163 428 1211 suerint,
468 1162 650 1216 quidam
687 1162 942 1215 spirituales
987 1176 1065 1202 seu
1107 1163 1270 1203 interni
1312 1164 1456 1203 minus
1502 1170 1548 1204 et
1590 1164 1748 1216 magis,

253 1226 434 1280 quidam
467 1225 693 1266 naturales
735 1239 812 1265 seu
851 1226 1031 1266 externi
1072 1227 1217 1266 minus
1250 1233 1295 1267 et
1334 1228 1492 1279 magis.
1554 1226 1616 1267 Et
1649 1227 1752 1280 quia

255 1290 475 1330 Dominus
506 1289 673 1328 nemini
713 1288 881 1328 malum
914 1288 1033 1337 facit,
1067 1288 1146 1328 sed
1185 1289 1393 1328 omnibus
1435 1289 1617 1336 bonurn,
1651 1289 1752 1330 ideo

254 1353 456 1406 permisit
495 1358 544 1392 ut
588 1351 650 1392 illi
683 1352 757 1404 qui
796 1351 1014 1391 moralem
1051 1358 1097 1392 et
1134 1353 1263 1404 quasi
1301 1352 1576 1404 spiritualem
1613 1353 1752 1393 vitam

254 1418 298 1457 in
335 1415 540 1456 externis
577 1429 636 1454 ex
674 1427 798 1454 more
839 1422 885 1455 et
923 1415 1211 1455 assuetudine
1253 1416 1296 1454 in
1336 1415 1505 1455 mundo
1545 1422 1750 1468 egerunt,

256 1487 483 1532 utcunque
516 1478 703 1518 interius
745 1478 920 1518 fuerunt
954 1476 1179 1530 conjun6fi
1223 1491 1323 1518 curn
1368 1478 1552 1526 inferno,
1587 1478 1668 1518 sibi
1709 1479 1753 1518 in

256 1541 425 1582 mundo
452 1541 688 1593 spirituum
715 1540 959 1580 formarent
986 1541 1127 1580 instar
1152 1540 1266 1581 caeli
1298 1541 1430 1580 variis
1461 1541 1504 1580 in
1537 1539 1673 1590 locis;
1706 1548 1754 1582 et

257 1614 363 1646 tunc
390 1604 701 1644 ordinationes
725 1603 952 1644 caelorum
978 1617 1111 1656 supra
1136 1603 1250 1652 illos,
1276 1610 1321 1644 et
1348 1603 1619 1644 infernorum
1645 1603 1755 1644 infra

256 1668 372 1715 illos
406 1667 654 1719 dispositae
687 1672 791 1707 sunt
829 1672 877 1707 ut
915 1667 1127 1707 interiora
1162 1666 1352 1714 illorum,
1387 1679 1464 1718 per
1501 1679 1613 1719 quae
1645 1679 1753 1706 con·

253 1729 394 1784 jun&i
426 1730 602 1770 fuerunt
634 1729 819 1777 inferno,
844 1736 1063 1782 quantum
1090 1728 1301 1782 possibile
1324 1729 1417 1777 fuit,
1447 1728 1599 1769 clausa
1625 1735 1753 1769 tene-

257 1801 426 1842 rentur,
467 1801 513 1834 et
555 1793 797 1841 exteriora,
837 1806 915 1845 per
956 1806 1069 1845 quae
1111 1790 1336 1844 conjunffi
1377 1792 1553 1833 fuerunt
1595 1791 1755 1833 ultimo

258 1856 399 1905 caelo,
434 1862 618 1908 aperta:
665 1862 712 1896 et
749 1861 856 1895 tunc
891 1856 1119 1907 provisum
1150 1855 1229 1895 fuit
1267 1868 1322 1895 ne
1361 1855 1611 1908 superiores
1641 1854 1755 1895 caeli

258 1919 517 1960 immediate
544 1918 795 1966 influerent,
829 1931 933 1958 nam
961 1931 1038 1969 per
1069 1917 1284 1957 influxum
1312 1918 1621 1958 immediatum
1648 1931 1754 1970 ape-

258 1984 450 2023 rirentur
476 1982 692 2022 interiora
718 1981 910 2029 illorum,
939 1994 1054 2034 quae
1086 1980 1332 2028 infernalia,
1361 1987 1406 2021 et
1439 1980 1756 2021 clauderentur

259 2046 487 2086 exteriora
513 2059 626 2098 quae
650 2046 772 2085 sicut·
789 2044 1034 2096 spiritualia
1056 2050 1359 2096 apparuerunt
1378 2058 1386 2094 ;
1421 2044 1614 2084 influxus
1637 2044 1755 2084 enim

261 2108 488 2149 caelorum
521 2108 796 2160 superiorum
829 2114 898 2147 est
930 2107 974 2147 in
1011 2107 1236 2155 interiora,
1265 2120 1377 2159 quae
1415 2107 1592 2159 propria
1628 2107 1754 2159 spiri-

260 2179 386 2212 tuum
413 2177 531 2218 sunt,
560 2177 606 2210 et
638 2183 729 2210 non
762 2171 805 2210 in
837 2170 1079 2218 exteriora,
1107 2183 1220 2222 quae
1253 2182 1343 2209 non
1371 2170 1548 2222 propria
1579 2169 1755 2210 illorum

260 2240 378 2274 sunt.
440 2232 635 2285 Quando
662 2239 814 2273 autem
837 2232 953 2273 tales
976 2232 1100 2285 quasi
1126 2232 1240 2272 caeli
1266 2234 1310 2272 in
1337 2238 1516 2272 tantum
1539 2231 1754 2284 multipli-

260 2297 350 2337 cati
388 2302 506 2343 sunt,
540 2302 586 2336 et
623 2295 727 2336 inde
759 2295 954 2335 influxus
992 2309 1050 2335 ex
1093 2294 1273 2334 infernis
1311 2294 1569 2346 praevalere
1606 2295 1755 2347 coepit

261 2372 392 2412 super
423 2358 639 2398 influxum
672 2373 695 2398 e
728 2358 877 2406 caelis,
912 2365 957 2398 et
990 2371 1068 2410 per
1099 2357 1142 2397 id
1175 2357 1349 2397 caelum
1382 2356 1600 2405 ultimum,
1635 2357 1755 2410 quod

261 2436 361 2464 cum
384 2422 469 2463 illis
493 2420 780 2473 conjunetum
803 2421 895 2469 fuit,
921 2421 1088 2473 incepit
1111 2418 1381 2468 labefaetari‚
1403 2427 1509 2460 tunc
1533 2421 1756 2461 imminuit

261 2486 468 2527 ultimum
488 2484 715 2537 judicium,
741 2490 786 2524 et
814 2497 892 2536 per
913 2485 1033 2524 vices
1059 2482 1176 2523 faeta
1198 2489 1266 2523 est
1290 2483 1514 2535 separatio
1537 2482 1756 2523 malorum

263 2564 290 2590 a
325 2549 454 2589 bonis
496 2548 539 2587 in
578 2546 741 2587 [¹]novis
783 2547 869 2587 illis
901 2548 1026 2600 quasi
1052 2546 1201 2594 caelis,
1236 2553 1281 2586 et
1314 2547 1397 2586 hoc
1431 2559 1508 2599 per
1539 2546 1754 2586 influxum

262 2611 574 2652 immediatum
607 2624 629 2650 e
663 2610 797 2650 caelis
829 2610 1153 2662 superioribus;
1196 2615 1241 2649 et
1274 2622 1351 2661 per
1382 2609 1506 2648 illum
1539 2608 1755 2648 influxum

263 2681 420 2727 aperta
456 2679 559 2714 sunt
596 2672 772 2713 illorum
809 2673 1034 2720 interiora,
1069 2686 1182 2725 quae
1219 2672 1394 2712 fuerunt
1431 2671 1675 2719 infernalia,
1709 2677 1755 2712 et

264 2737 416 2777 clausa
452 2736 679 2776 exteriora
719 2749 832 2788 quae
873 2735 1048 2776 fuerunt
1089 2736 1201 2775 sicut
1239 2735 1498 2786 spiritualia,
1538 2741 1585 2774 ut
1623 2748 1756 2787 supra

263 2798 433 2840 dietum
456 2805 538 2839 est.
599 2798 672 2838 Ex
700 2798 767 2838 his
795 2811 911 2838 nunc
939 2804 1064 2850 patet
1092 2797 1210 2837 unde
1237 2803 1333 2837 erat
1359 2797 1478 2850 quod
1501 2797 1755 2848 apparuerit

266 2860 553 2914 “templum’'
594 2867 639 2901 et
680 2865 820 2900 “arca
860 2861 903 2900 in
941 2861 1113 2912 templo
1131 2860 1163 2910 ;’'
1210 2873 1287 2912 per
1327 2873 1438 2912 quae
1480 2858 1756 2911 significatur

266 2925 478 2966 Divinum
506 2924 690 2973 Verum,
724 2937 812 2977 quo
843 2923 1054 2964 illustrati
1085 2922 1260 2963 fuerunt
1294 2922 1403 2963 caeli
1436 2922 1697 2972 superiores,
1729 2934 1755 2962 e
