1962 3334
582 300 687 333 CAP.
711 299 794 341 1x.,
817 299 955 332 VERs.
981 298 1127 343 3.-Ν.
1153 287 1309 342 543[c].
1413 300 1419 305 ·
1585 286 1688 340 1361

202 417 287 455 bus,
302 425 339 450 n.
352 413 455 459 9996.
505 412 617 494 guae
630 411 854 447 differentia
871 411 974 447 inter
986 410 1182 446 sensualia
1194 409 1422 445 communia
1434 420 1524 444 cum
1543 409 1691 449 bestiis,

203 470 244 498 et
262 462 364 497 inter
376 472 519 496 sensua
537 461 573 495 ia
589 471 668 495 non
682 459 910 494 communia
926 469 1017 494 cum
1037 458 1123 497 illis,
1139 469 1176 492 n.
1195 457 1319 501 10236.
1369 455 1487 503 Quod
1507 456 1587 490 sint
1604 467 1692 491 sen-

203 510 332 545 suales
349 519 429 543 non
449 507 550 547 mali,
569 507 662 552 quia
679 506 869 541 interiora
887 516 1025 541 eorum
1052 515 1138 540 non·
1160 505 1215 539 ita
1232 505 1366 539 clausa
1382 510 1494 544 sunt;
1525 503 1575 538 de
1593 513 1692 549 quo-

202 567 290 592 rum
308 562 413 591 statu
434 555 473 590 in
490 555 614 590 altera
629 554 722 594 vita,
742 565 779 589 n.
797 553 903 598 6311.

285 667 367 721 [0.]
409 666 545 719 Quod
566 679 658 706 non
682 665 806 706 aliud
832 678 914 718 per
933 664 1199 705 “locustam
1213 663 1233 679 ”
1250 662 1531 717 significetur
1554 675 1690 716 quam

202 728 247 770 id
283 728 490 770 sensuale
520 727 714 768 hominis
745 727 866 780 quod
903 739 1020 766 nunc
1053 725 1329 778 descriptum
1361 730 1447 772 est,
1480 730 1691 765 constare

202 792 341 833 etiam
366 797 520 845 potest
546 804 606 831 ex
630 790 729 831 aliis
755 790 866 830 locis
892 790 938 830 in
963 788 1119 830 Verbo
1146 788 1219 828 ubi
1249 786 1496 828 “locusta‘'
1518 799 1690 827 memo-

202 860 327 895 ratur
342 854 480 895 z—Ut
506 853 624 907 apud
648 852 817 902 Mosen,

269 950 469 982 “Extendit
486 949 609 982 Moses
625 949 793 981 baculum
811 958 915 980 suum
933 958 1043 989 super
1059 954 1190 979 terram
1209 947 1376 988 Aegypti,
1394 953 1430 978 et
1447 946 1611 988 Jehovah
1631 946 1692 978 ad-

376 994 476 1025 duxit
493 1000 638 1024 ventum
656 992 885 1024 orientalem.
900 1017 908 1024 .
921 1017 929 1024 .
943 998 1037 1024 ,tota
1055 992 1113 1023 die
1132 998 1168 1023 et
1188 998 1265 1022 tota
1281 989 1407 1022 noae:
1434 1000 1514 1021 cum
1535 990 1690 1030 primum

377 1047 482 1068 mane
498 1035 632 1068 factum
649 1042 714 1074 est,
727 1042 856 1067 ventus
870 1035 1058 1067 orientalis
1070 1035 1238 1075 produxit
1255 1035 1431 1066 locustam
1446 1045 1453 1066 :
1478 1041 1514 1065 et
1530 1034 1692 1065 ascendit

376 1081 517 1112 locusta
535 1089 642 1120 super
661 1089 806 1111 omnem
826 1086 957 1110 terram
977 1079 1146 1119 Aegypti,
1163 1085 1199 1110 et
1218 1078 1426 1119 conquievit
1446 1078 1483 1108 in
1503 1078 1602 1108 omni
1623 1083 1691 1108 ter-

376 1124 476 1155 mino
493 1123 660 1164 Aegypti,
676 1123 796 1163 gravis
812 1122 936 1159 valde:
960 1129 1044 1154 ante
1058 1122 1155 1153 illam
1173 1132 1247 1153 non
1268 1122 1334 1152 fuit
1355 1121 1437 1152 talis
1457 1121 1606 1158 locusta,
1625 1130 1690 1152 nec

376 1174 459 1208 post
476 1167 574 1198 illam
594 1167 714 1198 futura
726 1172 780 1198 est
795 1166 898 1197 talis:
923 1173 959 1197 et
975 1165 1111 1197 obtexit
1129 1165 1353 1206 superficiem
1372 1165 1492 1196 omnis
1510 1171 1638 1202 terrae,
1652 1171 1691 1196 ut

378 1212 675 1242 obtenebraretur
687 1216 803 1241 terra:
828 1215 863 1241 et
876 1209 1032 1240 comedit
1040 1219 1184 1240 omnem
1195 1209 1342 1240 herbam
1356 1215 1483 1246 terrae,
1496 1214 1531 1239 et
1544 1216 1690 1239 omnem

378 1253 528 1286 fructum
543 1254 691 1290 arboris,
705 1263 810 1294 quem
824 1253 1003 1284 residuum
1021 1252 1106 1284 fecit
1121 1253 1270 1292 grando,
1288 1252 1339 1283 ita
1354 1258 1393 1283 ut
1410 1262 1484 1282 non
1505 1251 1689 1283 residuum

376 1304 472 1329 esset
490 1297 600 1328 ullum
620 1297 734 1328 viride
755 1297 790 1328 in
810 1297 939 1327 arbore
958 1303 994 1327 et
1018 1296 1054 1327 in
1074 1297 1186 1327 herba
1205 1296 1282 1335 agri
1306 1296 1343 1327 in
1367 1296 1467 1326 omni
1487 1294 1691 1336 Aegypto.’'

377 1340 422 1372 Et
431 1341 591 1381 implevit
599 1340 737 1371 locusta
745 1340 891 1371 domum
903 1339 1115 1377 Pharaonis,
1126 1346 1160 1371 et
1171 1339 1317 1370 domum
1328 1339 1490 1370 omnium
1502 1348 1688 1370 servorum

375 1384 464 1424 ejus,
482 1390 517 1416 et
535 1384 682 1415 domurn
699 1383 861 1415 omnium
877 1383 1139 1424 Aegyptiorum
1159 1382 1281 1422 (Exod.
1295 1393 1327 1414 x.
1345 1390 1459 1421 13-15,
1476 1383 1530 1422 6):

202 1478 354 1519 omnia
373 1476 586 1518 miracula
601 1478 646 1518 in
664 1476 899 1531 Aegypto,
919 1483 1051 1530 prout
1070 1477 1222 1517 omnia
1239 1476 1454 1516 miracula
1471 1477 1515 1516 in
1533 1475 1689 1517 Verbo

203 1550 469 1589 memorata,
502 1539 738 1581 involvunt
770 1547 817 1581 et
854 1539 1112 1593 significant
1144 1539 1394 1592 spiritualia
1425 1553 1539 1592 quae
1575 1539 1689 1580 caeli

203 1610 250 1644 et
281 1603 500 1644 ecclesiae
525 1609 644 1651 sunt,
671 1603 735 1643 ita
760 1602 924 1656 plagae
950 1602 1268 1655 Aegyptiacae
1295 1601 1454 1654 plagas
1479 1602 1688 1655 spiritua·

204 1666 297 1716 les;
334 1666 445 1707 haec
478 1665 628 1719 plaga,
656 1678 818 1718 nempe
845 1665 1136 1713 locustarum,
1164 1663 1519 1705 destructionem
1546 1665 1689 1711 totius

203 1728 421 1769 naturalis
443 1728 637 1768 hominis
663 1742 741 1781 per
766 1728 1059 1781 irruptionem
1085 1727 1191 1771 mali
1217 1733 1263 1767 et
1290 1726 1387 1767 falsi
1413 1741 1437 1767 e
1464 1727 1687 1777 sensuali;

202 1805 282 1845 per
302 1794 327 1811 ‘⁴
340 1790 608 1843 Aegyptum
620 1790 639 1804 ’¹
653 1790 932 1843 significatur
944 1790 1163 1830 naturalis
1182 1789 1320 1830 homo
1338 1790 1486 1842 quoad
1504 1790 1689 1831 scienti-

202 1853 335 1894 ficum
365 1860 412 1894 et
443 1853 592 1907 quoad
623 1853 787 1906 volupe
818 1853 891 1901 ibi,
925 1859 972 1893 et
1004 1866 1082 1905 per
1116 1852 1379 1892 “locustam
1392 1851 1411 1866 ’⁹
1443 1852 1603 1892 falsum
1640 1859 1687 1894 et

203 1915 371 1957 malum
393 1916 612 1957 sensualis
634 1915 828 1956 hominis
850 1922 1037 1956 vastans
1060 1914 1313 1955 naturalem
1336 1915 1580 1963 hominem,
1601 1915 1687 1956 hoc

201 1985 287 2027 est,
315 1992 450 2019 omne
475 1991 628 2019 verum
654 1985 701 2019 et
728 1979 896 2019 bonum
922 1978 1140 2018 ecclesiae
1166 1977 1269 2018 inde
1292 1977 1529 2030 expellens
1555 1985 1601 2019 et
1628 1979 1688 2019 ibi

201 2042 466 2092 destruens;
508 2041 611 2082 ideo
647 2042 810 2082 dicitur
850 2041 971 2095 quod
1009 2041 1303 2081 “ascenderit
1344 2040 1521 2081 locusta
1556 2055 1690 2095 super

201 2117 383 2145 omnem
414 2110 582 2144 terram
609 2103 828 2157 Aegypti,
852 2110 898 2144 et
925 2103 1231 2156 conquieverit
1258 2103 1302 2143 in
1325 2104 1520 2144 termino
1542 2103 1635 2156 ejus
1653 2104 1688 2154 ;’'

202 2181 281 2221 per
307 2171 511 2208 “terram
544 2166 780 2219 Aegypti?
802 2165 1082 2218 significatur·
1106 2165 1310 2206 naturale
1336 2165 1454 2218 apud
1481 2165 1688 2207 homines

202 2229 435 2278 ecclesiae,
474 2235 521 2270 et
562 2243 641 2282 per
678 2229 959 2269 “terminum
1000 2227 1124 2280 ejus''
1161 2227 1440 2281 significatur
1480 2229 1688 2270 sensuale

201 2292 320 2345 apud
351 2291 467 2340 illos,
497 2305 601 2332 nam
628 2291 835 2332 sensuale
866 2297 936 2331 est
969 2290 1175 2331 ultimum
1208 2304 1285 2330 seu
1317 2297 1574 2331 extremum
1607 2304 1687 2332 na-

202 2354 374 2402 turalis,
402 2367 538 2407 quare
569 2360 638 2395 est
672 2354 889 2394 terminus
916 2352 1036 2405 ejus;
1076 2352 1323 2393 “locusta”
1345 2359 1416 2393 est
1448 2352 1608 2393 falsum
1640 2360 1687 2394 et

202 2416 370 2456 malum
402 2417 474 2456 ibi.
537 2415 653 2469 Quia
679 2416 839 2456 salsum
872 2422 918 2455 et
950 2415 1118 2455 malum
1144 2415 1363 2455 sensualis
1390 2415 1584 2456 hominis
1615 2423 1686 2456 est

201 2480 528 2532 gravissimum,
556 2486 626 2520 est
653 2480 771 2520 enim
797 2479 841 2519 id
867 2491 1131 2531 corporeum
1157 2484 1202 2519 et
1235 2485 1463 2526 terrestre,
1490 2479 1593 2519 ideo
1619 2479 1686 2520 di-

202 2543 316 2583 citur
333 2543 452 2596 quod
475 2542 651 2583 locusta
673 2541 750 2582 illa
771 2547 892 2582 esset
919 2541 1105 2593 “gravis
1126 2540 1299 2589 valde,‘'
1321 2548 1368 2582 et
1394 2541 1514 2594 quod
1540 2546 1686 2582 “ante

202 2604 326 2645 illam
352 2618 442 2645 non
467 2605 596 2645 suerit
623 2604 741 2651 talis,
766 2610 812 2644 et
840 2609 942 2656 post
970 2602 1094 2643 illam
1120 2616 1210 2643 non
1237 2610 1427 2643 ventura
1450 2603 1555 2644 talis
1574 2603 1607 2652 ;”
1639 2611 1686 2644 et

202 2667 289 2707 hoc
329 2681 389 2707 ex
429 2680 564 2707 causa
604 2668 706 2720 quia
747 2665 969 2718 Aegyptii
1010 2665 1186 2706 fuerunt
1227 2667 1270 2706 in
1308 2666 1498 2706 scientia
1537 2679 1686 2707 corre-

202 2729 586 2782 spondentiarum,
624 2736 671 2770 et
717 2729 819 2769 inde
861 2728 1087 2768 sciverunt
1129 2727 1377 2781 spiritualia
1417 2742 1531 2782 quae
1572 2729 1685 2770 caeli

202 2797 322 2839 sunt,
349 2798 396 2832 at
423 2791 498 2832 illa
524 2797 758 2832 verterunt
787 2791 831 2830 in
858 2790 1047 2842 magica.
1110 2789 1227 2843 Quia
1252 2790 1411 2831 falsum
1439 2798 1485 2831 et
1517 2791 1685 2832 malum

202 2853 276 2901 ibi,
308 2865 408 2894 cum
431 2853 534 2893 inde
560 2853 763 2905 irrumpit
790 2854 832 2892 in
860 2852 1111 2893 naturalem
1138 2853 1382 2901 hominem,
1407 2866 1507 2893 eum
1535 2860 1685 2894 totum

203 2915 515 2969 depopulatur,
548 2916 779 2970 perdendo
811 2928 944 2956 omne
976 2929 1128 2956 verum
1161 2923 1207 2957 et
1244 2929 1377 2957 omne
1410 2916 1576 2957 bonum
1609 2917 1682 2966 ibi,
