<?xml version="1.0" encoding="UTF-8"?>
<!DOCTYPE html PUBLIC "-//W3C//DTD XHTML 1.0 Transitional//EN"
    "http://www.w3.org/TR/xhtml1/DTD/xhtml1-transitional.dtd">
<html xmlns="http://www.w3.org/1999/xhtml" xml:lang="en" lang="en">
 <head>
  <title>
</title>
<meta http-equiv="Content-Type" content="text/html;charset=utf-8" />
  <meta name='ocr-system' content='tesseract 3.04.00' />
  <meta name='ocr-capabilities' content='ocr_page ocr_carea ocr_par ocr_line ocrx_word'/>
</head>
<body>
  <div class='ocr_page' id='page_1' title='image "apocalypsisexpli03sweduoft_0130.png"; bbox 0 0 1962 3334; ppageno 0'>
   <div class='ocr_carea' id='block_1_1' title="bbox 340 288 1416 332">
    <p class='ocr_par' dir='ltr' id='par_1_1' title="bbox 340 288 1416 332">
     <span class='ocr_line' id='line_1_1' title="bbox 340 288 1416 332; baseline 0.003 -12"><span class='ocrx_word' id='word_1_1' title='bbox 340 290 447 332; x_wconf 90' lang='lat'>1444</span> <span class='ocrx_word' id='word_1_2' title='bbox 750 288 1085 322; x_wconf 86' lang='lat' dir='ltr'>APOCALYPSIS</span> <span class='ocrx_word' id='word_1_3' title='bbox 1117 289 1416 323; x_wconf 87' lang='lat' dir='ltr'>EXPLICATA.</span> 
     </span>
    </p>
   </div>
   <div class='ocr_carea' id='block_1_2' title="bbox 331 400 1831 956">
    <p class='ocr_par' dir='ltr' id='par_1_2' title="bbox 331 400 1831 956">
     <span class='ocr_line' id='line_1_2' title="bbox 333 400 1829 458; baseline 0.003 -16"><span class='ocrx_word' id='word_1_4' title='bbox 333 401 472 442; x_wconf 88' lang='lat' dir='ltr'>num”</span> <span class='ocrx_word' id='word_1_5' title='bbox 498 400 722 455; x_wconf 84' lang='lat' dir='ltr'>significet</span> <span class='ocrx_word' id='word_1_6' title='bbox 750 415 953 453; x_wconf 85' lang='lat' dir='ltr'>amorem</span> <span class='ocrx_word' id='word_1_7' title='bbox 980 400 1078 443; x_wconf 88' lang='lat' dir='ltr'>falsi</span> <span class='ocrx_word' id='word_1_8' title='bbox 1105 403 1208 456; x_wconf 93' lang='lat' dir='ltr'>quia</span> <span class='ocrx_word' id='word_1_9' title='bbox 1239 417 1298 444; x_wconf 84' lang='lat' dir='ltr'>ex</span> <span class='ocrx_word' id='word_1_10' title='bbox 1326 404 1506 457; x_wconf 88' lang='lat' dir='ltr'>proprio</span> <span class='ocrx_word' id='word_1_11' title='bbox 1538 417 1614 445; x_wconf 87' lang='lat' dir='ltr'>seu</span> <span class='ocrx_word' id='word_1_12' title='bbox 1639 417 1698 445; x_wconf 84' lang='lat' dir='ltr'>ex</span> <span class='ocrx_word' id='word_1_13' title='bbox 1725 418 1829 458; x_wconf 90' lang='lat' dir='ltr'>pro-</span> 
     </span>
     <span class='ocr_line' id='line_1_3' title="bbox 332 463 1830 520; baseline 0.002 -15"><span class='ocrx_word' id='word_1_14' title='bbox 332 465 427 518; x_wconf 88' lang='lat' dir='ltr'>pria</span> <span class='ocrx_word' id='word_1_15' title='bbox 453 465 774 518; x_wconf 85' lang='lat' dir='ltr'><strong>intelligentia.</strong></span> <span class='ocrx_word' id='word_1_16' title='bbox 837 463 972 517; x_wconf 81' lang='lat' dir='ltr'>Quod</span> <span class='ocrx_word' id='word_1_17' title='bbox 998 464 1416 517; x_wconf 88' lang='lat' dir='ltr'>“hyacinthinum&#39;&#39;</span> <span class='ocrx_word' id='word_1_18' title='bbox 1440 467 1577 507; x_wconf 91' lang='lat' dir='ltr'>etiam</span> <span class='ocrx_word' id='word_1_19' title='bbox 1605 467 1830 520; x_wconf 88' lang='lat' dir='ltr'>significet</span> 
     </span>
     <span class='ocr_line' id='line_1_4' title="bbox 332 528 1831 583; baseline 0.002 -15"><span class='ocrx_word' id='word_1_20' title='bbox 332 541 535 568; x_wconf 86' lang='lat' dir='ltr'>amorem</span> <span class='ocrx_word' id='word_1_21' title='bbox 563 528 731 577; x_wconf 89' lang='lat' dir='ltr'>mundi,</span> <span class='ocrx_word' id='word_1_22' title='bbox 761 534 832 568; x_wconf 90' lang='lat' dir='ltr'>est</span> <span class='ocrx_word' id='word_1_23' title='bbox 865 528 968 582; x_wconf 91' lang='lat' dir='ltr'>quia</span> <span class='ocrx_word' id='word_1_24' title='bbox 998 541 1126 569; x_wconf 90' lang='lat' dir='ltr'>amor</span> <span class='ocrx_word' id='word_1_25' title='bbox 1152 530 1306 569; x_wconf 89' lang='lat' dir='ltr'>mundi</span> <span class='ocrx_word' id='word_1_26' title='bbox 1334 530 1661 583; x_wconf 84' lang='lat' dir='ltr'>correspondet</span> <span class='ocrx_word' id='word_1_27' title='bbox 1688 530 1831 571; x_wconf 90' lang='lat' dir='ltr'>amori</span> 
     </span>
     <span class='ocr_line' id='line_1_5' title="bbox 331 590 1829 646; baseline 0.002 -15"><span class='ocrx_word' id='word_1_28' title='bbox 331 590 443 639; x_wconf 89' lang='lat' dir='ltr'>salsi,</span> <span class='ocrx_word' id='word_1_29' title='bbox 473 591 589 631; x_wconf 90' lang='lat' dir='ltr'>sicut</span> <span class='ocrx_word' id='word_1_30' title='bbox 621 604 748 631; x_wconf 88' lang='lat' dir='ltr'>amor</span> <span class='ocrx_word' id='word_1_31' title='bbox 774 592 854 639; x_wconf 89' lang='lat' dir='ltr'>sui,</span> <span class='ocrx_word' id='word_1_32' title='bbox 887 592 960 645; x_wconf 91' lang='lat' dir='ltr'>qui</span> <span class='ocrx_word' id='word_1_33' title='bbox 993 605 1072 645; x_wconf 89' lang='lat' dir='ltr'>per</span> <span class='ocrx_word' id='word_1_34' title='bbox 1105 592 1328 645; x_wconf 85' lang='lat' dir='ltr'>“ignem&#39;‘</span> <span class='ocrx_word' id='word_1_35' title='bbox 1357 592 1651 646; x_wconf 87' lang='lat' dir='ltr'>significatur,</span> <span class='ocrx_word' id='word_1_36' title='bbox 1680 606 1829 635; x_wconf 91' lang='lat' dir='ltr'>corre-</span> 
     </span>
     <span class='ocr_line' id='line_1_6' title="bbox 332 653 1826 707; baseline 0.003 -14"><span class='ocrx_word' id='word_1_37' title='bbox 332 653 528 707; x_wconf 86' lang='lat' dir='ltr'>spondet</span> <span class='ocrx_word' id='word_1_38' title='bbox 553 654 695 693; x_wconf 81' lang='lat' dir='ltr'>amori</span> <span class='ocrx_word' id='word_1_39' title='bbox 721 653 853 704; x_wconf 90' lang='lat' dir='ltr'>mali;</span> <span class='ocrx_word' id='word_1_40' title='bbox 887 668 945 694; x_wconf 88' lang='lat' dir='ltr'>ex</span> <span class='ocrx_word' id='word_1_41' title='bbox 969 667 1123 695; x_wconf 90' lang='lat' dir='ltr'>amore</span> <span class='ocrx_word' id='word_1_42' title='bbox 1150 655 1215 695; x_wconf 90' lang='lat' dir='ltr'>sui</span> <span class='ocrx_word' id='word_1_43' title='bbox 1243 656 1361 695; x_wconf 90' lang='lat' dir='ltr'>enim</span> <span class='ocrx_word' id='word_1_44' title='bbox 1386 661 1455 696; x_wconf 88' lang='lat' dir='ltr'>est</span> <span class='ocrx_word' id='word_1_45' title='bbox 1483 669 1617 696; x_wconf 90' lang='lat' dir='ltr'>omne</span> <span class='ocrx_word' id='word_1_46' title='bbox 1641 656 1826 706; x_wconf 87' lang='lat' dir='ltr'>malum,</span> 
     </span>
     <span class='ocr_line' id='line_1_7' title="bbox 331 717 1829 771; baseline 0.001 -13"><span class='ocrx_word' id='word_1_47' title='bbox 331 724 378 758; x_wconf 89' lang='lat' dir='ltr'>et</span> <span class='ocrx_word' id='word_1_48' title='bbox 405 731 465 757; x_wconf 83' lang='lat' dir='ltr'>ex</span> <span class='ocrx_word' id='word_1_49' title='bbox 492 730 646 757; x_wconf 86' lang='lat' dir='ltr'>amore</span> <span class='ocrx_word' id='word_1_50' title='bbox 674 717 842 765; x_wconf 86' lang='lat' dir='ltr'>mundi,</span> <span class='ocrx_word' id='word_1_51' title='bbox 871 717 945 770; x_wconf 92' lang='lat' dir='ltr'>qui</span> <span class='ocrx_word' id='word_1_52' title='bbox 971 731 1030 758; x_wconf 84' lang='lat' dir='ltr'>ex</span> <span class='ocrx_word' id='word_1_53' title='bbox 1062 717 1140 758; x_wconf 85' lang='lat' dir='ltr'>illa</span> <span class='ocrx_word' id='word_1_54' title='bbox 1166 719 1354 771; x_wconf 86' lang='lat' dir='ltr'>origine,</span> <span class='ocrx_word' id='word_1_55' title='bbox 1384 725 1454 759; x_wconf 89' lang='lat' dir='ltr'>est</span> <span class='ocrx_word' id='word_1_56' title='bbox 1481 732 1615 759; x_wconf 89' lang='lat' dir='ltr'>omne</span> <span class='ocrx_word' id='word_1_57' title='bbox 1641 719 1829 771; x_wconf 88' lang='lat' dir='ltr'>falsum;</span> 
     </span>
     <span class='ocr_line' id='line_1_8' title="bbox 333 779 1830 835; baseline 0.002 -15"><span class='ocrx_word' id='word_1_58' title='bbox 333 779 503 821; x_wconf 89' lang='lat' dir='ltr'>malum</span> <span class='ocrx_word' id='word_1_59' title='bbox 527 780 646 820; x_wconf 91' lang='lat' dir='ltr'>enim</span> <span class='ocrx_word' id='word_1_60' title='bbox 670 779 916 832; x_wconf 81' lang='lat' dir='ltr'>spirituale,</span> <span class='ocrx_word' id='word_1_61' title='bbox 941 780 1061 834; x_wconf 91' lang='lat' dir='ltr'>quod</span> <span class='ocrx_word' id='word_1_62' title='bbox 1088 794 1166 834; x_wconf 90' lang='lat' dir='ltr'>per</span> <span class='ocrx_word' id='word_1_63' title='bbox 1193 795 1395 822; x_wconf 89' lang='lat' dir='ltr'>amorem</span> <span class='ocrx_word' id='word_1_64' title='bbox 1423 782 1576 822; x_wconf 89' lang='lat' dir='ltr'>mundi</span> <span class='ocrx_word' id='word_1_65' title='bbox 1602 781 1830 835; x_wconf 87' lang='lat' dir='ltr'>significa·</span> 
     </span>
     <span class='ocr_line' id='line_1_9' title="bbox 334 843 1830 898; baseline 0.002 -15"><span class='ocrx_word' id='word_1_66' title='bbox 334 850 420 892; x_wconf 91' lang='lat' dir='ltr'>tur,</span> <span class='ocrx_word' id='word_1_67' title='bbox 450 850 520 884; x_wconf 92' lang='lat' dir='ltr'>est</span> <span class='ocrx_word' id='word_1_68' title='bbox 553 843 596 883; x_wconf 92' lang='lat' dir='ltr'>in</span> <span class='ocrx_word' id='word_1_69' title='bbox 630 857 710 883; x_wconf 89' lang='lat' dir='ltr'>sua</span> <span class='ocrx_word' id='word_1_70' title='bbox 733 843 932 883; x_wconf 82' lang='lat' dir='ltr'>essentia</span> <span class='ocrx_word' id='word_1_71' title='bbox 958 843 1134 893; x_wconf 86' lang='lat' dir='ltr'>falsum,</span> <span class='ocrx_word' id='word_1_72' title='bbox 1163 844 1278 885; x_wconf 90' lang='lat' dir='ltr'>sicut</span> <span class='ocrx_word' id='word_1_73' title='bbox 1304 844 1473 885; x_wconf 91' lang='lat' dir='ltr'>bonum</span> <span class='ocrx_word' id='word_1_74' title='bbox 1501 845 1733 898; x_wconf 82' lang='lat' dir='ltr'>spirituale</span> <span class='ocrx_word' id='word_1_75' title='bbox 1759 852 1830 887; x_wconf 89' lang='lat' dir='ltr'>est</span> 
     </span>
     <span class='ocr_line' id='line_1_10' title="bbox 333 905 1744 956; baseline 0.001 -11"><span class='ocrx_word' id='word_1_76' title='bbox 333 906 377 946; x_wconf 74' lang='lat' dir='ltr'>in</span> <span class='ocrx_word' id='word_1_77' title='bbox 404 919 484 945; x_wconf 75' lang='lat' dir='ltr'>sua</span> <span class='ocrx_word' id='word_1_78' title='bbox 510 905 713 945; x_wconf 73' lang='lat' dir='ltr'>essentia</span> <span class='ocrx_word' id='word_1_79' title='bbox 737 918 894 945; x_wconf 75' lang='lat' dir='ltr'>verum</span> <span class='ocrx_word' id='word_1_80' title='bbox 922 915 1080 954; x_wconf 82' lang='lat' dir='ltr'>(videatur</span> <span class='ocrx_word' id='word_1_81' title='bbox 1095 916 1127 944; x_wconf 92' lang='lat' dir='ltr'>in</span> <span class='ocrx_word' id='word_1_82' title='bbox 1143 925 1240 953; x_wconf 88' lang='lat' dir='ltr'>opere</span> <span class='ocrx_word' id='word_1_83' title='bbox 1257 917 1306 946; x_wconf 82' lang='lat' dir='ltr'>De</span> <span class='ocrx_word' id='word_1_84' title='bbox 1322 917 1413 946; x_wconf 87' lang='lat' dir='ltr'>Caelo</span> <span class='ocrx_word' id='word_1_85' title='bbox 1429 918 1614 956; x_wconf 82' lang='lat' dir='ltr'>et&#39;lnserno,</span> <span class='ocrx_word' id='word_1_86' title='bbox 1630 926 1660 947; x_wconf 90' lang='lat' dir='ltr'>n.</span> <span class='ocrx_word' id='word_1_87' title='bbox 1679 917 1744 955; x_wconf 86' lang='lat'>15).</span> 
     </span>
    </p>
   </div>
   <div class='ocr_carea' id='block_1_3' title="bbox 330 986 1830 1609">
    <p class='ocr_par' dir='ltr' id='par_1_3' title="bbox 330 986 1830 1609">
     <span class='ocr_line' id='line_1_11' title="bbox 411 986 1827 1041; baseline 0 -13"><span class='ocrx_word' id='word_1_88' title='bbox 411 986 618 1040; x_wconf 78' lang='lat' dir='ltr'><strong><em>57¹7[a].</em></strong></span> <span class='ocrx_word' id='word_1_89' title='bbox 657 987 736 1027; x_wconf 73' lang='lat' dir='ltr'>“Et</span> <span class='ocrx_word' id='word_1_90' title='bbox 758 987 893 1039; x_wconf 76' lang='lat' dir='ltr'>capita</span> <span class='ocrx_word' id='word_1_91' title='bbox 917 1000 1110 1040; x_wconf 71' lang='lat' dir='ltr'>equor-um</span> <span class='ocrx_word' id='word_1_92' title='bbox 1139 987 1250 1028; x_wconf 71' lang='lat' dir='ltr'>siout</span> <span class='ocrx_word' id='word_1_93' title='bbox 1272 988 1408 1041; x_wconf 72' lang='lat' dir='ltr'>capita</span> <span class='ocrx_word' id='word_1_94' title='bbox 1433 987 1827 1041; x_wconf 83' lang='lat' dir='ltr'>leonum.&#39;&#39;—Quod</span> 
     </span>
     <span class='ocr_line' id='line_1_12' title="bbox 331 1050 1829 1105; baseline 0.001 -13"><span class='ocrx_word' id='word_1_95' title='bbox 331 1050 556 1104; x_wconf 87' lang='lat' dir='ltr'>significet</span> <span class='ocrx_word' id='word_1_96' title='bbox 580 1051 807 1092; x_wconf 77' lang='lat' dir='ltr'>scz‘entiam</span> <span class='ocrx_word' id='word_1_97' title='bbox 837 1058 879 1092; x_wconf 84' lang='lat' dir='ltr'>et</span> <span class='ocrx_word' id='word_1_98' title='bbox 908 1051 1009 1092; x_wconf 84' lang='lat' dir='ltr'>inde</span> <span class='ocrx_word' id='word_1_99' title='bbox 1037 1052 1340 1105; x_wconf 78' lang='lat' dir='ltr'>cogitationem</span> <span class='ocrx_word' id='word_1_100' title='bbox 1371 1053 1689 1093; x_wconf 68' lang='lat' dir='ltr'>destruc‘lz&#39;vam</span> <span class='ocrx_word' id='word_1_101' title='bbox 1719 1052 1829 1101; x_wconf 82' lang='lat' dir='ltr'>veri,</span> 
     </span>
     <span class='ocr_line' id='line_1_13' title="bbox 332 1114 1830 1169; baseline 0 -14"><span class='ocrx_word' id='word_1_102' title='bbox 332 1121 517 1155; x_wconf 90' lang='lat' dir='ltr'>constat</span> <span class='ocrx_word' id='word_1_103' title='bbox 560 1129 619 1155; x_wconf 87' lang='lat' dir='ltr'>ex</span> <span class='ocrx_word' id='word_1_104' title='bbox 661 1114 993 1167; x_wconf 88' lang='lat' dir='ltr'>significatione</span> <span class='ocrx_word' id='word_1_105' title='bbox 1037 1116 1275 1169; x_wconf 87' lang='lat' dir='ltr'>“capitum</span> <span class='ocrx_word' id='word_1_106' title='bbox 1317 1115 1572 1169; x_wconf 89' lang='lat' dir='ltr'>equorum,’&#39;</span> <span class='ocrx_word' id='word_1_107' title='bbox 1609 1115 1730 1169; x_wconf 91' lang='lat' dir='ltr'>quod</span> <span class='ocrx_word' id='word_1_108' title='bbox 1771 1116 1830 1156; x_wconf 89' lang='lat' dir='ltr'>sit</span> 
     </span>
     <span class='ocr_line' id='line_1_14' title="bbox 331 1177 1830 1232; baseline 0.001 -14"><span class='ocrx_word' id='word_1_109' title='bbox 331 1179 526 1220; x_wconf 88' lang='lat' dir='ltr'>scientia</span> <span class='ocrx_word' id='word_1_110' title='bbox 565 1185 611 1219; x_wconf 92' lang='lat' dir='ltr'>et</span> <span class='ocrx_word' id='word_1_111' title='bbox 649 1179 755 1219; x_wconf 92' lang='lat' dir='ltr'>inde</span> <span class='ocrx_word' id='word_1_112' title='bbox 792 1179 1019 1232; x_wconf 85' lang='lat' dir='ltr'>cogitatio</span> <span class='ocrx_word' id='word_1_113' title='bbox 1055 1190 1109 1228; x_wconf 83' lang='lat' dir='ltr'>(de</span> <span class='ocrx_word' id='word_1_114' title='bbox 1125 1190 1387 1230; x_wconf 78' lang='lat' dir='ltr'>quasequitur);</span> <span class='ocrx_word' id='word_1_115' title='bbox 1429 1185 1475 1220; x_wconf 91' lang='lat' dir='ltr'>et</span> <span class='ocrx_word' id='word_1_116' title='bbox 1510 1193 1570 1220; x_wconf 84' lang='lat' dir='ltr'>ex</span> <span class='ocrx_word' id='word_1_117' title='bbox 1601 1177 1830 1232; x_wconf 87' lang='lat' dir='ltr'>significa·</span> 
     </span>
     <span class='ocr_line' id='line_1_15' title="bbox 332 1239 1828 1295; baseline 0.001 -14"><span class='ocrx_word' id='word_1_118' title='bbox 332 1241 457 1282; x_wconf 90' lang='lat' dir='ltr'>tione</span> <span class='ocrx_word' id='word_1_119' title='bbox 493 1241 731 1294; x_wconf 88' lang='lat' dir='ltr'>“capitum</span> <span class='ocrx_word' id='word_1_120' title='bbox 771 1240 993 1290; x_wconf 90' lang='lat' dir='ltr'>leonum,”</span> <span class='ocrx_word' id='word_1_121' title='bbox 1025 1242 1145 1295; x_wconf 90' lang='lat' dir='ltr'>quod</span> <span class='ocrx_word' id='word_1_122' title='bbox 1178 1242 1268 1282; x_wconf 88' lang='lat' dir='ltr'>sint</span> <span class='ocrx_word' id='word_1_123' title='bbox 1307 1241 1410 1282; x_wconf 93' lang='lat' dir='ltr'>inde</span> <span class='ocrx_word' id='word_1_124' title='bbox 1443 1239 1692 1290; x_wconf 62' lang='lat' dir='ltr'>destructio</span> <span class='ocrx_word' id='word_1_125' title='bbox 1723 1241 1828 1282; x_wconf 90' lang='lat' dir='ltr'>veri.</span> 
     </span>
     <span class='ocr_line' id='line_1_16' title="bbox 333 1302 1828 1357; baseline 0 -13"><span class='ocrx_word' id='word_1_126' title='bbox 333 1302 468 1356; x_wconf 81' lang='lat' dir='ltr'>Quod</span> <span class='ocrx_word' id='word_1_127' title='bbox 499 1305 689 1357; x_wconf 87' lang='lat' dir='ltr'>“capita</span> <span class='ocrx_word' id='word_1_128' title='bbox 717 1304 932 1344; x_wconf 87' lang='lat' dir='ltr'>leonum&#39;&#39;</span> <span class='ocrx_word' id='word_1_129' title='bbox 958 1302 1314 1345; x_wconf 66' lang='lat' dir='ltr'>destructionem</span> <span class='ocrx_word' id='word_1_130' title='bbox 1338 1305 1430 1344; x_wconf 89' lang='lat' dir='ltr'>veri</span> <span class='ocrx_word' id='word_1_131' title='bbox 1457 1303 1527 1344; x_wconf 93' lang='lat' dir='ltr'>hic</span> <span class='ocrx_word' id='word_1_132' title='bbox 1555 1302 1828 1356; x_wconf 89' lang='lat' dir='ltr'>significent,</span> 
     </span>
     <span class='ocr_line' id='line_1_17' title="bbox 332 1366 1830 1420; baseline 0 -13"><span class='ocrx_word' id='word_1_133' title='bbox 332 1373 402 1407; x_wconf 93' lang='lat' dir='ltr'>est</span> <span class='ocrx_word' id='word_1_134' title='bbox 426 1367 529 1420; x_wconf 91' lang='lat' dir='ltr'>quia</span> <span class='ocrx_word' id='word_1_135' title='bbox 550 1366 693 1407; x_wconf 82' lang='lat' dir='ltr'>“leo”</span> <span class='ocrx_word' id='word_1_136' title='bbox 716 1368 759 1407; x_wconf 92' lang='lat' dir='ltr'>in</span> <span class='ocrx_word' id='word_1_137' title='bbox 783 1380 994 1420; x_wconf 90' lang='lat' dir='ltr'>supremo</span> <span class='ocrx_word' id='word_1_138' title='bbox 1017 1380 1150 1407; x_wconf 88' lang='lat' dir='ltr'>sensu</span> <span class='ocrx_word' id='word_1_139' title='bbox 1173 1366 1398 1420; x_wconf 88' lang='lat' dir='ltr'>significat</span> <span class='ocrx_word' id='word_1_140' title='bbox 1424 1367 1633 1407; x_wconf 90' lang='lat' dir='ltr'>Divinum</span> <span class='ocrx_word' id='word_1_141' title='bbox 1658 1366 1830 1407; x_wconf 90' lang='lat' dir='ltr'>Verum</span> 
     </span>
     <span class='ocr_line' id='line_1_18' title="bbox 332 1429 1829 1483; baseline 0.001 -14"><span class='ocrx_word' id='word_1_142' title='bbox 332 1429 481 1482; x_wconf 92' lang='lat' dir='ltr'>quoad</span> <span class='ocrx_word' id='word_1_143' title='bbox 514 1430 785 1482; x_wconf 89' lang='lat' dir='ltr'>potentiam,</span> <span class='ocrx_word' id='word_1_144' title='bbox 819 1442 871 1470; x_wconf 93' lang='lat' dir='ltr'>ac</span> <span class='ocrx_word' id='word_1_145' title='bbox 908 1430 952 1469; x_wconf 92' lang='lat' dir='ltr'>in</span> <span class='ocrx_word' id='word_1_146' title='bbox 985 1431 1198 1483; x_wconf 90' lang='lat' dir='ltr'>opposito</span> <span class='ocrx_word' id='word_1_147' title='bbox 1233 1443 1366 1470; x_wconf 90' lang='lat' dir='ltr'>sensu</span> <span class='ocrx_word' id='word_1_148' title='bbox 1398 1429 1559 1470; x_wconf 87' lang='lat' dir='ltr'>falsum</span> <span class='ocrx_word' id='word_1_149' title='bbox 1591 1430 1829 1470; x_wconf 87' lang='lat' dir='ltr'>destruens</span> 
     </span>
     <span class='ocr_line' id='line_1_19' title="bbox 330 1491 1828 1546; baseline -0.001 -13"><span class='ocrx_word' id='word_1_150' title='bbox 330 1506 501 1541; x_wconf 86' lang='lat' dir='ltr'>verum,</span> <span class='ocrx_word' id='word_1_151' title='bbox 522 1493 709 1546; x_wconf 91' lang='lat' dir='ltr'>proinde</span> <span class='ocrx_word' id='word_1_152' title='bbox 732 1491 1088 1533; x_wconf 62' lang='lat' dir='ltr'>destructionem</span> <span class='ocrx_word' id='word_1_153' title='bbox 1111 1494 1202 1533; x_wconf 88' lang='lat' dir='ltr'>veri</span> <span class='ocrx_word' id='word_1_154' title='bbox 1224 1507 1233 1543; x_wconf 88' lang='lat'>;</span> <span class='ocrx_word' id='word_1_155' title='bbox 1267 1500 1312 1534; x_wconf 91' lang='lat' dir='ltr'>et</span> <span class='ocrx_word' id='word_1_156' title='bbox 1340 1497 1513 1546; x_wconf 87' lang='lat' dir='ltr'>“caput</span> <span class='ocrx_word' id='word_1_157' title='bbox 1539 1492 1681 1533; x_wconf 89' lang='lat' dir='ltr'>leonis</span> <span class='ocrx_word' id='word_1_158' title='bbox 1694 1492 1713 1507; x_wconf 86' lang='lat'>&#39;’</span> <span class='ocrx_word' id='word_1_159' title='bbox 1736 1493 1828 1545; x_wconf 88' lang='lat' dir='ltr'>sig-</span> 
     </span>
     <span class='ocr_line' id='line_1_20' title="bbox 334 1554 1830 1609; baseline 0.001 -14"><span class='ocrx_word' id='word_1_160' title='bbox 334 1554 488 1596; x_wconf 90' lang='lat' dir='ltr'>nificat</span> <span class='ocrx_word' id='word_1_161' title='bbox 515 1556 631 1596; x_wconf 89' lang='lat' dir='ltr'>vires</span> <span class='ocrx_word' id='word_1_162' title='bbox 664 1556 801 1596; x_wconf 92' lang='lat' dir='ltr'>animi</span> <span class='ocrx_word' id='word_1_163' title='bbox 834 1569 912 1609; x_wconf 90' lang='lat' dir='ltr'>per</span> <span class='ocrx_word' id='word_1_164' title='bbox 943 1569 1053 1609; x_wconf 89' lang='lat' dir='ltr'>quas</span> <span class='ocrx_word' id='word_1_165' title='bbox 1080 1556 1288 1604; x_wconf 85' lang='lat' dir='ltr'>destruit,</span> <span class='ocrx_word' id='word_1_166' title='bbox 1317 1570 1430 1609; x_wconf 90' lang='lat' dir='ltr'>quae</span> <span class='ocrx_word' id='word_1_167' title='bbox 1463 1562 1566 1596; x_wconf 92' lang='lat' dir='ltr'>sunt</span> <span class='ocrx_word' id='word_1_168' title='bbox 1594 1556 1830 1596; x_wconf 89' lang='lat' dir='ltr'>ratiocinia</span> 
     </span>
    </p>
   </div>
   <div class='ocr_carea' id='block_1_4' title="bbox 329 1616 1832 1728">
    <p class='ocr_par' dir='ltr' id='par_1_4' title="bbox 329 1616 1832 1728">
     <span class='ocr_line' id='line_1_21' title="bbox 331 1616 1832 1665; baseline 0 -9"><span class='ocrx_word' id='word_1_169' title='bbox 331 1630 392 1656; x_wconf 78' lang='lat' dir='ltr'>CX</span> <span class='ocrx_word' id='word_1_170' title='bbox 413 1616 551 1657; x_wconf 76' lang='lat' dir='ltr'>falSiS.</span> <span class='ocrx_word' id='word_1_171' title='bbox 598 1628 711 1665; x_wconf 90' lang='lat' dir='ltr'>(Quod</span> <span class='ocrx_word' id='word_1_172' title='bbox 725 1625 741 1635; x_wconf 86' lang='lat'>‘¹</span> <span class='ocrx_word' id='word_1_173' title='bbox 754 1628 805 1657; x_wconf 87' lang='lat' dir='ltr'>leo</span> <span class='ocrx_word' id='word_1_174' title='bbox 817 1627 833 1636; x_wconf 90' lang='lat'>&#39;&#39;</span> <span class='ocrx_word' id='word_1_175' title='bbox 848 1627 1004 1665; x_wconf 79' lang='lat' dir='ltr'>significet</span> <span class='ocrx_word' id='word_1_176' title='bbox 1017 1628 1169 1656; x_wconf 88' lang='lat' dir='ltr'>Divinum</span> <span class='ocrx_word' id='word_1_177' title='bbox 1185 1628 1307 1657; x_wconf 87' lang='lat' dir='ltr'>Verum</span> <span class='ocrx_word' id='word_1_178' title='bbox 1321 1629 1429 1665; x_wconf 87' lang='lat' dir='ltr'>quoad</span> <span class='ocrx_word' id='word_1_179' title='bbox 1442 1628 1628 1665; x_wconf 77' lang='lat' dir='ltr'>potentiam,</span> <span class='ocrx_word' id='word_1_180' title='bbox 1643 1632 1673 1656; x_wconf 87' lang='lat' dir='ltr'>et</span> <span class='ocrx_word' id='word_1_181' title='bbox 1685 1627 1717 1656; x_wconf 88' lang='lat' dir='ltr'>in</span> <span class='ocrx_word' id='word_1_182' title='bbox 1730 1636 1832 1664; x_wconf 91' lang='lat' dir='ltr'>oppo-</span> 
     </span>
     <span class='ocr_line' id='line_1_22' title="bbox 329 1674 1831 1728; baseline 0.001 -14"><span class='ocrx_word' id='word_1_183' title='bbox 329 1685 390 1714; x_wconf 85' lang='lat' dir='ltr'>sito</span> <span class='ocrx_word' id='word_1_184' title='bbox 410 1694 505 1714; x_wconf 83' lang='lat' dir='ltr'>sensu</span> <span class='ocrx_word' id='word_1_185' title='bbox 525 1686 638 1715; x_wconf 83' lang='lat' dir='ltr'>salsum</span> <span class='ocrx_word' id='word_1_186' title='bbox 659 1686 824 1715; x_wconf 82' lang='lat' dir='ltr'>destruens</span> <span class='ocrx_word' id='word_1_187' title='bbox 843 1686 932 1720; x_wconf 82' lang='lat' dir='ltr'>illud,</span> <span class='ocrx_word' id='word_1_188' title='bbox 953 1686 1098 1714; x_wconf 81' lang='lat' dir='ltr'>videatur</span> <span class='ocrx_word' id='word_1_189' title='bbox 1117 1694 1223 1723; x_wconf 86' lang='lat' dir='ltr'>supra,</span> <span class='ocrx_word' id='word_1_190' title='bbox 1244 1695 1275 1715; x_wconf 91' lang='lat' dir='ltr'>n.</span> <span class='ocrx_word' id='word_1_191' title='bbox 1297 1675 1407 1726; x_wconf 84' lang='lat'>278.)</span> <span class='ocrx_word' id='word_1_192' title='bbox 1467 1674 1603 1727; x_wconf 75' lang='lat' dir='ltr'>QUOd</span> <span class='ocrx_word' id='word_1_193' title='bbox 1637 1678 1662 1695; x_wconf 74' lang='lat'>‘⁶</span> <span class='ocrx_word' id='word_1_194' title='bbox 1676 1675 1831 1728; x_wconf 73' lang='lat' dir='ltr'>Capita.</span> 
     </span>
    </p>
   </div>
   <div class='ocr_carea' id='block_1_5' title="bbox 330 1739 1829 2045">
    <p class='ocr_par' dir='ltr' id='par_1_5' title="bbox 330 1739 1829 2045">
     <span class='ocr_line' id='line_1_23' title="bbox 331 1739 1829 1794; baseline 0.001 -14"><span class='ocrx_word' id='word_1_195' title='bbox 331 1753 547 1794; x_wconf 87' lang='lat' dir='ltr'>equorum</span> <span class='ocrx_word' id='word_1_196' title='bbox 560 1740 579 1755; x_wconf 88' lang='lat'>”</span> <span class='ocrx_word' id='word_1_197' title='bbox 606 1739 863 1793; x_wconf 91' lang='lat' dir='ltr'>significent</span> <span class='ocrx_word' id='word_1_198' title='bbox 896 1741 1136 1781; x_wconf 87' lang='lat' dir='ltr'>scientiam</span> <span class='ocrx_word' id='word_1_199' title='bbox 1168 1746 1214 1781; x_wconf 93' lang='lat' dir='ltr'>et</span> <span class='ocrx_word' id='word_1_200' title='bbox 1248 1740 1351 1780; x_wconf 91' lang='lat' dir='ltr'>inde</span> <span class='ocrx_word' id='word_1_201' title='bbox 1384 1740 1730 1792; x_wconf 80' lang='lat' dir='ltr'>cogitationem,</span> <span class='ocrx_word' id='word_1_202' title='bbox 1759 1746 1829 1781; x_wconf 87' lang='lat' dir='ltr'>est</span> 
     </span>
     <span class='ocr_line' id='line_1_24' title="bbox 330 1802 1829 1856; baseline 0 -13"><span class='ocrx_word' id='word_1_203' title='bbox 330 1804 434 1856; x_wconf 90' lang='lat' dir='ltr'>quia</span> <span class='ocrx_word' id='word_1_204' title='bbox 468 1803 675 1856; x_wconf 84' lang='lat' dir='ltr'>“caput‘&#39;</span> <span class='ocrx_word' id='word_1_205' title='bbox 707 1802 931 1856; x_wconf 88' lang='lat' dir='ltr'>significat</span> <span class='ocrx_word' id='word_1_206' title='bbox 965 1802 1336 1856; x_wconf 88' lang='lat' dir='ltr'>intelligentiam,</span> <span class='ocrx_word' id='word_1_207' title='bbox 1371 1809 1416 1843; x_wconf 90' lang='lat' dir='ltr'>et</span> <span class='ocrx_word' id='word_1_208' title='bbox 1453 1802 1660 1856; x_wconf 86' lang='lat' dir='ltr'>“equus&#39;’</span> <span class='ocrx_word' id='word_1_209' title='bbox 1692 1802 1829 1843; x_wconf 89' lang='lat' dir='ltr'>intel-</span> 
     </span>
     <span class='ocr_line' id='line_1_25' title="bbox 331 1865 1828 1919; baseline 0 -13"><span class='ocrx_word' id='word_1_210' title='bbox 331 1865 526 1917; x_wconf 67' lang='lat' dir='ltr'>le&amp;um;</span> <span class='ocrx_word' id='word_1_211' title='bbox 565 1873 612 1907; x_wconf 87' lang='lat' dir='ltr'>at</span> <span class='ocrx_word' id='word_1_212' title='bbox 639 1867 742 1919; x_wconf 91' lang='lat' dir='ltr'>quia</span> <span class='ocrx_word' id='word_1_213' title='bbox 773 1867 923 1919; x_wconf 87' lang='lat' dir='ltr'>agitur</span> <span class='ocrx_word' id='word_1_214' title='bbox 954 1866 1010 1906; x_wconf 91' lang='lat' dir='ltr'>de</span> <span class='ocrx_word' id='word_1_215' title='bbox 1037 1866 1232 1906; x_wconf 87' lang='lat' dir='ltr'>sensuali</span> <span class='ocrx_word' id='word_1_216' title='bbox 1259 1866 1456 1914; x_wconf 89' lang='lat' dir='ltr'>homine,</span> <span class='ocrx_word' id='word_1_217' title='bbox 1486 1872 1532 1906; x_wconf 90' lang='lat' dir='ltr'>et</span> <span class='ocrx_word' id='word_1_218' title='bbox 1565 1866 1635 1906; x_wconf 90' lang='lat' dir='ltr'>hic</span> <span class='ocrx_word' id='word_1_219' title='bbox 1668 1866 1724 1906; x_wconf 92' lang='lat' dir='ltr'>de</span> <span class='ocrx_word' id='word_1_220' title='bbox 1756 1879 1828 1906; x_wconf 87' lang='lat' dir='ltr'>ra-</span> 
     </span>
     <span class='ocr_line' id='line_1_26' title="bbox 331 1929 1828 1982; baseline -0.001 -13"><span class='ocrx_word' id='word_1_221' title='bbox 331 1930 629 1970; x_wconf 88' lang='lat' dir='ltr'>tiocinatione</span> <span class='ocrx_word' id='word_1_222' title='bbox 656 1929 748 1982; x_wconf 90' lang='lat' dir='ltr'>ejus</span> <span class='ocrx_word' id='word_1_223' title='bbox 781 1943 840 1970; x_wconf 85' lang='lat' dir='ltr'>ex</span> <span class='ocrx_word' id='word_1_224' title='bbox 873 1929 1009 1977; x_wconf 87' lang='lat' dir='ltr'>salsis,</span> <span class='ocrx_word' id='word_1_225' title='bbox 1038 1936 1084 1970; x_wconf 86' lang='lat' dir='ltr'>et</span> <span class='ocrx_word' id='word_1_226' title='bbox 1118 1929 1314 1970; x_wconf 87' lang='lat' dir='ltr'>sensuali</span> <span class='ocrx_word' id='word_1_227' title='bbox 1341 1929 1511 1969; x_wconf 92' lang='lat' dir='ltr'>homini</span> <span class='ocrx_word' id='word_1_228' title='bbox 1537 1929 1828 1969; x_wconf 88' lang='lat' dir='ltr'>ratiocinanti</span> 
     </span>
     <span class='ocr_line' id='line_1_27' title="bbox 330 1992 1828 2045; baseline 0 -13"><span class='ocrx_word' id='word_1_229' title='bbox 330 2006 390 2033; x_wconf 86' lang='lat' dir='ltr'>ex</span> <span class='ocrx_word' id='word_1_230' title='bbox 417 1992 539 2033; x_wconf 89' lang='lat' dir='ltr'>falsis</span> <span class='ocrx_word' id='word_1_231' title='bbox 572 2006 662 2033; x_wconf 87' lang='lat' dir='ltr'>non</span> <span class='ocrx_word' id='word_1_232' title='bbox 695 1999 765 2033; x_wconf 88' lang='lat' dir='ltr'>est</span> <span class='ocrx_word' id='word_1_233' title='bbox 793 1992 1113 2045; x_wconf 87' lang='lat' dir='ltr'>intelligentia,</span> <span class='ocrx_word' id='word_1_234' title='bbox 1142 1992 1222 2032; x_wconf 87' lang='lat' dir='ltr'>sed</span> <span class='ocrx_word' id='word_1_235' title='bbox 1255 1992 1392 2032; x_wconf 89' lang='lat' dir='ltr'>modo</span> <span class='ocrx_word' id='word_1_236' title='bbox 1423 1992 1614 2032; x_wconf 90' lang='lat' dir='ltr'>scientia</span> <span class='ocrx_word' id='word_1_237' title='bbox 1645 1997 1691 2032; x_wconf 89' lang='lat' dir='ltr'>et</span> <span class='ocrx_word' id='word_1_238' title='bbox 1723 1992 1828 2032; x_wconf 92' lang='lat' dir='ltr'>inde</span> 
     </span>
    </p>
   </div>
   <div class='ocr_carea' id='block_1_6' title="bbox 330 2053 1831 2217">
    <p class='ocr_par' dir='ltr' id='par_1_6' title="bbox 330 2053 1831 2217">
     <span class='ocr_line' id='line_1_28' title="bbox 331 2053 1827 2109; baseline 0 -13"><span class='ocrx_word' id='word_1_239' title='bbox 331 2056 570 2108; x_wconf 88' lang='lat' dir='ltr'>cogitatio,</span> <span class='ocrx_word' id='word_1_240' title='bbox 604 2056 706 2096; x_wconf 90' lang='lat' dir='ltr'>ideo</span> <span class='ocrx_word' id='word_1_241' title='bbox 742 2055 828 2095; x_wconf 93' lang='lat' dir='ltr'>hae</span> <span class='ocrx_word' id='word_1_242' title='bbox 866 2069 945 2109; x_wconf 87' lang='lat' dir='ltr'>per</span> <span class='ocrx_word' id='word_1_243' title='bbox 985 2059 1009 2075; x_wconf 80' lang='lat'>‘⁴</span> <span class='ocrx_word' id='word_1_244' title='bbox 1026 2056 1177 2108; x_wconf 90' lang='lat' dir='ltr'>capita</span> <span class='ocrx_word' id='word_1_245' title='bbox 1218 2068 1432 2108; x_wconf 87' lang='lat' dir='ltr'>equorum</span> <span class='ocrx_word' id='word_1_246' title='bbox 1446 2054 1464 2069; x_wconf 90' lang='lat'>&#39;’</span> <span class='ocrx_word' id='word_1_247' title='bbox 1502 2053 1827 2107; x_wconf 88' lang='lat' dir='ltr'>significantur.</span> 
     </span>
     <span class='ocr_line' id='line_1_29' title="bbox 332 2119 1831 2158; baseline -0.001 -9"><span class='ocrx_word' id='word_1_248' title='bbox 332 2120 445 2157; x_wconf 89' lang='lat' dir='ltr'>(Quod</span> <span class='ocrx_word' id='word_1_249' title='bbox 460 2121 519 2149; x_wconf 88' lang='lat' dir='ltr'>illis</span> <span class='ocrx_word' id='word_1_250' title='bbox 534 2121 587 2158; x_wconf 88' lang='lat' dir='ltr'>qui</span> <span class='ocrx_word' id='word_1_251' title='bbox 603 2121 635 2149; x_wconf 90' lang='lat' dir='ltr'>in</span> <span class='ocrx_word' id='word_1_252' title='bbox 651 2121 734 2149; x_wconf 76' lang='lat' dir='ltr'>salsis</span> <span class='ocrx_word' id='word_1_253' title='bbox 749 2126 822 2149; x_wconf 84' lang='lat' dir='ltr'>sunt</span> <span class='ocrx_word' id='word_1_254' title='bbox 838 2130 903 2149; x_wconf 92' lang='lat' dir='ltr'>non</span> <span class='ocrx_word' id='word_1_255' title='bbox 919 2120 957 2149; x_wconf 84' lang='lat' dir='ltr'>sit</span> <span class='ocrx_word' id='word_1_256' title='bbox 972 2120 1187 2158; x_wconf 81' lang='lat' dir='ltr'>intelligentia,</span> <span class='ocrx_word' id='word_1_257' title='bbox 1204 2121 1260 2149; x_wconf 86' lang='lat' dir='ltr'>sed</span> <span class='ocrx_word' id='word_1_258' title='bbox 1275 2129 1334 2158; x_wconf 90' lang='lat' dir='ltr'>pro</span> <span class='ocrx_word' id='word_1_259' title='bbox 1349 2120 1555 2157; x_wconf 79' lang='lat' dir='ltr'>intelligentia</span> <span class='ocrx_word' id='word_1_260' title='bbox 1570 2120 1708 2153; x_wconf 78' lang='lat' dir='ltr'>scientia,</span> <span class='ocrx_word' id='word_1_261' title='bbox 1724 2119 1831 2148; x_wconf 86' lang='lat' dir='ltr'>videa-</span> 
     </span>
     <span class='ocr_line' id='line_1_30' title="bbox 330 2162 1828 2217; baseline -0.001 -13"><span class='ocrx_word' id='word_1_262' title='bbox 330 2181 381 2205; x_wconf 82' lang='lat' dir='ltr'>tur</span> <span class='ocrx_word' id='word_1_263' title='bbox 396 2176 427 2204; x_wconf 93' lang='lat' dir='ltr'>in</span> <span class='ocrx_word' id='word_1_264' title='bbox 451 2176 608 2204; x_wconf 76' lang='lat' dir='ltr'>Doc‘trina</span> <span class='ocrx_word' id='word_1_265' title='bbox 627 2177 738 2205; x_wconf 81' lang='lat' dir='ltr'>Novae</span> <span class='ocrx_word' id='word_1_266' title='bbox 753 2176 999 2213; x_wconf 55' lang='lat' dir='ltr'>Hierosolyma,</span> <span class='ocrx_word' id='word_1_267' title='bbox 1016 2184 1046 2205; x_wconf 90' lang='lat' dir='ltr'>n.</span> <span class='ocrx_word' id='word_1_268' title='bbox 1063 2177 1127 2213; x_wconf 82' lang='lat'><strong>33.)</strong></span> <span class='ocrx_word' id='word_1_269' title='bbox 1187 2164 1325 2217; x_wconf 74' lang='lat' dir='ltr'>QUOd</span> <span class='ocrx_word' id='word_1_270' title='bbox 1359 2168 1383 2184; x_wconf 75' lang='lat'>⁴⁴</span> <span class='ocrx_word' id='word_1_271' title='bbox 1399 2170 1538 2217; x_wconf 73' lang='lat' dir='ltr'>caput</span> <span class='ocrx_word' id='word_1_272' title='bbox 1551 2163 1571 2179; x_wconf 76' lang='grc'>”</span> <span class='ocrx_word' id='word_1_273' title='bbox 1602 2162 1828 2216; x_wconf 72' lang='lat' dir='ltr'>significet</span> 
     </span>
    </p>
   </div>
   <div class='ocr_carea' id='block_1_7' title="bbox 329 2227 1829 2978">
    <p class='ocr_par' dir='ltr' id='par_1_7' title="bbox 329 2227 1829 2978">
     <span class='ocr_line' id='line_1_31' title="bbox 330 2227 1829 2283; baseline -0.001 -13"><span class='ocrx_word' id='word_1_274' title='bbox 330 2229 701 2283; x_wconf 87' lang='lat' dir='ltr'>intelligentiam,</span> <span class='ocrx_word' id='word_1_275' title='bbox 731 2236 801 2270; x_wconf 89' lang='lat' dir='ltr'>est</span> <span class='ocrx_word' id='word_1_276' title='bbox 833 2243 969 2270; x_wconf 87' lang='lat' dir='ltr'>causa</span> <span class='ocrx_word' id='word_1_277' title='bbox 1000 2230 1103 2283; x_wconf 88' lang='lat' dir='ltr'>quia</span> <span class='ocrx_word' id='word_1_278' title='bbox 1135 2227 1394 2269; x_wconf 61' lang='lat' dir='ltr'>intellectus</span> <span class='ocrx_word' id='word_1_279' title='bbox 1428 2235 1473 2269; x_wconf 93' lang='lat' dir='ltr'>et</span> <span class='ocrx_word' id='word_1_280' title='bbox 1501 2227 1713 2268; x_wconf 88' lang='lat' dir='ltr'>voluntas</span> <span class='ocrx_word' id='word_1_281' title='bbox 1745 2227 1829 2268; x_wconf 93' lang='lat' dir='ltr'>ho-</span> 
     </span>
     <span class='ocr_line' id='line_1_32' title="bbox 331 2291 1828 2346; baseline -0.001 -13"><span class='ocrx_word' id='word_1_282' title='bbox 331 2294 462 2334; x_wconf 90' lang='lat' dir='ltr'>minis</span> <span class='ocrx_word' id='word_1_283' title='bbox 489 2294 532 2334; x_wconf 91' lang='lat' dir='ltr'>in</span> <span class='ocrx_word' id='word_1_284' title='bbox 559 2293 845 2333; x_wconf 85' lang='lat' dir='ltr'>interioribus</span> <span class='ocrx_word' id='word_1_285' title='bbox 868 2293 1029 2346; x_wconf 89' lang='lat' dir='ltr'>capitis</span> <span class='ocrx_word' id='word_1_286' title='bbox 1053 2291 1145 2345; x_wconf 88' lang='lat' dir='ltr'>ejus</span> <span class='ocrx_word' id='word_1_287' title='bbox 1172 2291 1399 2342; x_wconf 82' lang='lat' dir='ltr'>resident3</span> <span class='ocrx_word' id='word_1_288' title='bbox 1434 2297 1479 2332; x_wconf 90' lang='lat' dir='ltr'>et</span> <span class='ocrx_word' id='word_1_289' title='bbox 1507 2291 1611 2331; x_wconf 88' lang='lat' dir='ltr'>inde</span> <span class='ocrx_word' id='word_1_290' title='bbox 1633 2292 1677 2331; x_wconf 92' lang='lat' dir='ltr'>in</span> <span class='ocrx_word' id='word_1_291' title='bbox 1704 2291 1828 2344; x_wconf 91' lang='lat' dir='ltr'>capi-</span> 
     </span>
     <span class='ocr_line' id='line_1_33' title="bbox 332 2354 1826 2409; baseline -0.001 -13"><span class='ocrx_word' id='word_1_292' title='bbox 332 2356 390 2397; x_wconf 86' lang='lat' dir='ltr'>tis</span> <span class='ocrx_word' id='word_1_293' title='bbox 431 2357 656 2396; x_wconf 88' lang='lat' dir='ltr'>anteriore</span> <span class='ocrx_word' id='word_1_294' title='bbox 698 2362 841 2408; x_wconf 85' lang='lat' dir='ltr'>parte,</span> <span class='ocrx_word' id='word_1_295' title='bbox 884 2369 998 2409; x_wconf 89' lang='lat' dir='ltr'>quae</span> <span class='ocrx_word' id='word_1_296' title='bbox 1044 2361 1114 2396; x_wconf 88' lang='lat' dir='ltr'>est</span> <span class='ocrx_word' id='word_1_297' title='bbox 1154 2354 1303 2403; x_wconf 82' lang='lat' dir='ltr'>facies,</span> <span class='ocrx_word' id='word_1_298' title='bbox 1347 2361 1451 2395; x_wconf 89' lang='lat' dir='ltr'>sunt</span> <span class='ocrx_word' id='word_1_299' title='bbox 1493 2367 1650 2394; x_wconf 89' lang='lat' dir='ltr'>sensus</span> <span class='ocrx_word' id='word_1_300' title='bbox 1690 2354 1826 2403; x_wconf 84' lang='lat' dir='ltr'>visus,</span> 
     </span>
     <span class='ocr_line' id='line_1_34' title="bbox 331 2415 1828 2471; baseline -0.001 -12"><span class='ocrx_word' id='word_1_301' title='bbox 331 2419 525 2468; x_wconf 90' lang='lat' dir='ltr'>auditus,</span> <span class='ocrx_word' id='word_1_302' title='bbox 560 2419 777 2459; x_wconf 86' lang='lat' dir='ltr'>odoratus</span> <span class='ocrx_word' id='word_1_303' title='bbox 809 2425 855 2459; x_wconf 91' lang='lat' dir='ltr'>et</span> <span class='ocrx_word' id='word_1_304' title='bbox 888 2424 1062 2471; x_wconf 88' lang='lat' dir='ltr'>gustus,</span> <span class='ocrx_word' id='word_1_305' title='bbox 1096 2418 1141 2458; x_wconf 91' lang='lat' dir='ltr'>in</span> <span class='ocrx_word' id='word_1_306' title='bbox 1173 2431 1284 2471; x_wconf 89' lang='lat' dir='ltr'>quos</span> <span class='ocrx_word' id='word_1_307' title='bbox 1316 2417 1459 2458; x_wconf 86' lang='lat' dir='ltr'>influit</span> <span class='ocrx_word' id='word_1_308' title='bbox 1491 2415 1749 2458; x_wconf 60' lang='lat' dir='ltr'>intellectus</span> <span class='ocrx_word' id='word_1_309' title='bbox 1781 2423 1828 2458; x_wconf 89' lang='lat' dir='ltr'>et</span> 
     </span>
     <span class='ocr_line' id='line_1_35' title="bbox 330 2480 1825 2534; baseline -0.003 -10"><span class='ocrx_word' id='word_1_310' title='bbox 330 2483 545 2524; x_wconf 89' lang='lat' dir='ltr'>voluntas</span> <span class='ocrx_word' id='word_1_311' title='bbox 571 2482 628 2523; x_wconf 93' lang='lat' dir='ltr'>ab</span> <span class='ocrx_word' id='word_1_312' title='bbox 650 2482 866 2531; x_wconf 91' lang='lat' dir='ltr'>interiori,</span> <span class='ocrx_word' id='word_1_313' title='bbox 895 2495 946 2522; x_wconf 91' lang='lat' dir='ltr'>ac</span> <span class='ocrx_word' id='word_1_314' title='bbox 973 2480 1170 2522; x_wconf 89' lang='lat' dir='ltr'>vivificat</span> <span class='ocrx_word' id='word_1_315' title='bbox 1203 2480 1320 2528; x_wconf 91' lang='lat' dir='ltr'>illos,</span> <span class='ocrx_word' id='word_1_316' title='bbox 1349 2487 1395 2521; x_wconf 92' lang='lat' dir='ltr'>et</span> <span class='ocrx_word' id='word_1_317' title='bbox 1428 2494 1605 2534; x_wconf 87' lang='lat' dir='ltr'>quoque</span> <span class='ocrx_word' id='word_1_318' title='bbox 1637 2480 1743 2521; x_wconf 90' lang='lat' dir='ltr'>facit</span> <span class='ocrx_word' id='word_1_319' title='bbox 1776 2486 1825 2521; x_wconf 90' lang='lat' dir='ltr'>ut</span> 
     </span>
     <span class='ocr_line' id='line_1_36' title="bbox 330 2534 1829 2600; baseline -0.003 -13"><span class='ocrx_word' id='word_1_320' title='bbox 330 2547 563 2600; x_wconf 89' lang='lat' dir='ltr'>gaudeant</span> <span class='ocrx_word' id='word_1_321' title='bbox 596 2546 685 2586; x_wconf 88' lang='lat' dir='ltr'>suis</span> <span class='ocrx_word' id='word_1_322' title='bbox 718 2545 1080 2595; x_wconf 87' lang='lat' dir='ltr'>sensationibus;</span> <span class='ocrx_word' id='word_1_323' title='bbox 1123 2544 1227 2585; x_wconf 92' lang='lat' dir='ltr'>inde</span> <span class='ocrx_word' id='word_1_324' title='bbox 1260 2550 1329 2584; x_wconf 92' lang='lat' dir='ltr'>est</span> <span class='ocrx_word' id='word_1_325' title='bbox 1363 2544 1483 2597; x_wconf 91' lang='lat' dir='ltr'>quod</span> <span class='ocrx_word' id='word_1_326' title='bbox 1515 2557 1594 2596; x_wconf 90' lang='lat' dir='ltr'>per</span> <span class='ocrx_word' id='word_1_327' title='bbox 1623 2534 1829 2596; x_wconf 72' lang='lat' dir='ltr'>“caput”</span> 
     </span>
     <span class='ocr_line' id='line_1_37' title="bbox 330 2605 1828 2661; baseline -0.003 -11"><span class='ocrx_word' id='word_1_328' title='bbox 330 2611 375 2650; x_wconf 93' lang='lat' dir='ltr'>in</span> <span class='ocrx_word' id='word_1_329' title='bbox 398 2609 554 2651; x_wconf 88' lang='lat' dir='ltr'>Verbo</span> <span class='ocrx_word' id='word_1_330' title='bbox 577 2607 856 2661; x_wconf 89' lang='lat' dir='ltr'>significetur</span> <span class='ocrx_word' id='word_1_331' title='bbox 879 2607 1198 2660; x_wconf 85' lang='lat' dir='ltr'>intelligentia.</span> <span class='ocrx_word' id='word_1_332' title='bbox 1261 2606 1349 2647; x_wconf 83' lang='lat' dir='ltr'>Sed</span> <span class='ocrx_word' id='word_1_333' title='bbox 1373 2607 1475 2659; x_wconf 88' lang='lat' dir='ltr'>quia</span> <span class='ocrx_word' id='word_1_334' title='bbox 1500 2606 1564 2646; x_wconf 91' lang='lat' dir='ltr'>illi</span> <span class='ocrx_word' id='word_1_335' title='bbox 1587 2606 1670 2647; x_wconf 87' lang='lat' dir='ltr'>soli</span> <span class='ocrx_word' id='word_1_336' title='bbox 1692 2605 1828 2646; x_wconf 89' lang='lat' dir='ltr'>intel-</span> 
     </span>
     <span class='ocr_line' id='line_1_38' title="bbox 330 2668 1828 2726; baseline -0.003 -13"><span class='ocrx_word' id='word_1_337' title='bbox 330 2673 529 2726; x_wconf 90' lang='lat' dir='ltr'>ligentes</span> <span class='ocrx_word' id='word_1_338' title='bbox 561 2678 665 2712; x_wconf 88' lang='lat' dir='ltr'>sunt</span> <span class='ocrx_word' id='word_1_339' title='bbox 698 2672 771 2724; x_wconf 89' lang='lat' dir='ltr'>qui</span> <span class='ocrx_word' id='word_1_340' title='bbox 803 2671 1022 2711; x_wconf 88' lang='lat' dir='ltr'>influxum</span> <span class='ocrx_word' id='word_1_341' title='bbox 1050 2685 1073 2711; x_wconf 91' lang='lat' dir='ltr'>e</span> <span class='ocrx_word' id='word_1_342' title='bbox 1097 2670 1224 2710; x_wconf 91' lang='lat' dir='ltr'>caelo</span> <span class='ocrx_word' id='word_1_343' title='bbox 1251 2670 1487 2722; x_wconf 88' lang='lat' dir='ltr'>recipiunt,</span> <span class='ocrx_word' id='word_1_344' title='bbox 1517 2682 1621 2709; x_wconf 92' lang='lat' dir='ltr'>nam</span> <span class='ocrx_word' id='word_1_345' title='bbox 1649 2683 1673 2709; x_wconf 90' lang='lat' dir='ltr'>e</span> <span class='ocrx_word' id='word_1_346' title='bbox 1699 2668 1828 2709; x_wconf 91' lang='lat' dir='ltr'>caelo</span> 
     </span>
     <span class='ocr_line' id='line_1_39' title="bbox 329 2732 1828 2786; baseline -0.003 -10"><span class='ocrx_word' id='word_1_347' title='bbox 329 2750 355 2777; x_wconf 92' lang='lat' dir='ltr'>a</span> <span class='ocrx_word' id='word_1_348' title='bbox 383 2736 581 2776; x_wconf 88' lang='lat' dir='ltr'>Domino</span> <span class='ocrx_word' id='word_1_349' title='bbox 608 2734 751 2775; x_wconf 89' lang='lat' dir='ltr'>influit</span> <span class='ocrx_word' id='word_1_350' title='bbox 778 2734 924 2774; x_wconf 87' lang='lat' dir='ltr'>omnis</span> <span class='ocrx_word' id='word_1_351' title='bbox 950 2732 1257 2786; x_wconf 88' lang='lat' dir='ltr'>intelligentia</span> <span class='ocrx_word' id='word_1_352' title='bbox 1288 2739 1333 2772; x_wconf 94' lang='lat' dir='ltr'>et</span> <span class='ocrx_word' id='word_1_353' title='bbox 1362 2733 1598 2785; x_wconf 88' lang='lat' dir='ltr'>sapientia,</span> <span class='ocrx_word' id='word_1_354' title='bbox 1627 2732 1828 2785; x_wconf 90' lang='lat' dir='ltr'>sequitur</span> 
     </span>
     <span class='ocr_line' id='line_1_40' title="bbox 329 2794 1827 2853; baseline -0.003 -14"><span class='ocrx_word' id='word_1_355' title='bbox 329 2799 450 2853; x_wconf 92' lang='lat' dir='ltr'>quod</span> <span class='ocrx_word' id='word_1_356' title='bbox 482 2798 569 2839; x_wconf 88' lang='lat' dir='ltr'>illis</span> <span class='ocrx_word' id='word_1_357' title='bbox 602 2798 675 2851; x_wconf 90' lang='lat' dir='ltr'>qui</span> <span class='ocrx_word' id='word_1_358' title='bbox 708 2798 751 2838; x_wconf 94' lang='lat' dir='ltr'>in</span> <span class='ocrx_word' id='word_1_359' title='bbox 778 2796 901 2837; x_wconf 90' lang='lat' dir='ltr'>falsis</span> <span class='ocrx_word' id='word_1_360' title='bbox 928 2795 1034 2836; x_wconf 84' lang='lat' dir='ltr'>mali</span> <span class='ocrx_word' id='word_1_361' title='bbox 1067 2802 1171 2836; x_wconf 89' lang='lat' dir='ltr'>sunt</span> <span class='ocrx_word' id='word_1_362' title='bbox 1199 2808 1290 2835; x_wconf 94' lang='lat' dir='ltr'>non</span> <span class='ocrx_word' id='word_1_363' title='bbox 1322 2796 1380 2835; x_wconf 89' lang='lat' dir='ltr'>sit</span> <span class='ocrx_word' id='word_1_364' title='bbox 1408 2794 1728 2847; x_wconf 89' lang='lat' dir='ltr'>intelligentia,</span> <span class='ocrx_word' id='word_1_365' title='bbox 1757 2800 1827 2835; x_wconf 88' lang='lat' dir='ltr'>est</span> 
     </span>
     <span class='ocr_line' id='line_1_41' title="bbox 329 2857 1827 2914; baseline -0.003 -12"><span class='ocrx_word' id='word_1_366' title='bbox 329 2863 448 2903; x_wconf 89' lang='lat' dir='ltr'>enim</span> <span class='ocrx_word' id='word_1_367' title='bbox 473 2875 601 2902; x_wconf 88' lang='lat' dir='ltr'>mens</span> <span class='ocrx_word' id='word_1_368' title='bbox 621 2861 821 2914; x_wconf 88' lang='lat' dir='ltr'>superior</span> <span class='ocrx_word' id='word_1_369' title='bbox 840 2867 885 2901; x_wconf 90' lang='lat' dir='ltr'>et</span> <span class='ocrx_word' id='word_1_370' title='bbox 909 2859 1153 2913; x_wconf 89' lang='lat' dir='ltr'>spiritualis</span> <span class='ocrx_word' id='word_1_371' title='bbox 1172 2859 1290 2912; x_wconf 89' lang='lat' dir='ltr'>apud</span> <span class='ocrx_word' id='word_1_372' title='bbox 1313 2858 1415 2898; x_wconf 88' lang='lat' dir='ltr'>illos</span> <span class='ocrx_word' id='word_1_373' title='bbox 1434 2858 1600 2907; x_wconf 90' lang='lat' dir='ltr'>clausa,</span> <span class='ocrx_word' id='word_1_374' title='bbox 1620 2864 1666 2898; x_wconf 88' lang='lat' dir='ltr'>et</span> <span class='ocrx_word' id='word_1_375' title='bbox 1690 2857 1827 2898; x_wconf 88' lang='lat' dir='ltr'>modo</span> 
     </span>
     <span class='ocr_line' id='line_1_42' title="bbox 330 2919 1822 2978; baseline -0.004 -12"><span class='ocrx_word' id='word_1_376' title='bbox 330 2937 458 2966; x_wconf 89' lang='lat' dir='ltr'>mens</span> <span class='ocrx_word' id='word_1_377' title='bbox 485 2924 677 2975; x_wconf 89' lang='lat' dir='ltr'>inferior,</span> <span class='ocrx_word' id='word_1_378' title='bbox 706 2938 820 2978; x_wconf 89' lang='lat' dir='ltr'>quae</span> <span class='ocrx_word' id='word_1_379' title='bbox 846 2929 1037 2964; x_wconf 83' lang='lat' dir='ltr'>vocatur</span> <span class='ocrx_word' id='word_1_380' title='bbox 1068 2935 1195 2963; x_wconf 88' lang='lat' dir='ltr'>mens</span> <span class='ocrx_word' id='word_1_381' title='bbox 1228 2921 1460 2970; x_wconf 88' lang='lat' dir='ltr'>naturalis,</span> <span class='ocrx_word' id='word_1_382' title='bbox 1489 2927 1672 2974; x_wconf 82' lang='lat' dir='ltr'>aperta3</span> <span class='ocrx_word' id='word_1_383' title='bbox 1711 2919 1822 2961; x_wconf 88' lang='lat' dir='ltr'>haec</span> 
     </span>
    </p>
   </div>
  </div>
 </body>
</html>
