1962 3334
249 289 356 333 1454
659 288 994 322 APOCALYPSIS
1026 290 1325 323 EXPLICATA.

243 416 358 456 quae
396 408 466 444 est
505 402 677 444 homini
715 403 771 444 de
808 417 897 457 quo
934 404 1097 457 agitur,
1131 403 1203 446 hic
1242 405 1466 458 cogitatio
1502 404 1736 453 sensualis,

242 466 345 519 quia
366 466 422 507 de
445 466 628 507 homine
651 465 770 507 saffiro
793 467 989 508 sensuali
1011 481 1090 521 per
1111 467 1223 509 falsa
1246 468 1353 508 mali
1376 468 1538 521 agitur.
1600 467 1738 521 Cogi-

243 530 360 570 tatio
386 529 606 570 sensualis
638 535 709 570 est
742 530 965 583 cogitatio
992 531 1193 571 omnium
1219 530 1387 579 infima,
1415 536 1462 571 et
1494 536 1565 571 est
1591 536 1737 570 mate-

241 592 363 632 rialis
390 599 436 633 et
469 606 713 646 corporea;
752 594 795 633 in
828 593 914 634 hac
947 595 1230 647 cogitatione
1263 600 1368 635 sunt
1400 607 1559 635 omnes
1590 593 1663 646 qui
1694 593 1739 632 in

242 656 372 696 malis
398 657 547 710 quoad
570 658 712 698 vitam
739 663 785 698 et
812 657 916 698 inde
943 658 986 698 in
1016 657 1138 698 falsis
1164 658 1313 711 quoad
1336 655 1590 698 d0&rinam
1617 661 1736 703 sunt,

243 726 471 773 utcunque
504 721 751 761 creduntur
781 719 903 762 doffl
935 727 982 762 et
1014 721 1189 770 eruditi,
1224 727 1270 762 et
1302 734 1480 774 quoque
1511 726 1739 774 utcunque

242 789 434 836 possunt
466 783 579 824 salsa
615 785 659 824 in
697 784 863 825 decora
894 785 1008 826 serie
1040 785 1327 833 concinnare,
1361 797 1412 825 ac
1446 783 1660 837 elegante
1692 790 1738 824 et

244 845 488 899 eloquente
520 860 729 888 sermone
761 861 998 888 exornare.
1061 847 1196 900 Quod
1226 847 1351 888 “os”
1377 861 1437 888 ex
1469 860 1737 900 correspon-

242 910 412 958 dentia,
446 911 511 951 ita
542 911 586 950 in
619 910 840 964 spirituali
872 924 1022 960 sensu,
1051 910 1276 964 significet
1308 911 1654 964 cogitationem,
1688 916 1736 951 at

242 973 287 1013 in
320 987 454 1014 sensu
487 973 681 1014 naturali
714 974 1091 1022 enuntiationem,
1127 980 1340 1014 constare
1378 979 1534 1027 potest
1554 984 1630 1014 vex
1667 986 1738 1014 se-

242 1037 484 1090 quentibus
511 1036 580 1077 his
606 1036 718 1078 locis
736 1036 947 1090 z—Apud
972 1036 1207 1085 Davidem,

496 1132 575 1164 “Os
592 1132 679 1173 justi
698 1132 891 1164 meditatur
907 1132 1122 1173 sapientiam
1135 1132 1152 1144 ”
1170 1132 1242 1173 (Ps.
1260 1133 1392 1165 xxxvii.
1411 1132 1466 1173 30)
1481 1144 1489 1165 ε

243 1242 323 1282 per
347 1228 467 1269 “os‘’
489 1229 547 1269 ibi
571 1227 850 1282 significatur
871 1229 1094 1282 cogitatio
1116 1243 1175 1270 ex
1199 1228 1449 1278 affectione,
1470 1242 1575 1270 nam
1597 1229 1736 1271 homo

243 1307 303 1333 ex
335 1292 411 1333 illa
443 1293 690 1333 meditatur
721 1293 1007 1346 sapientiam,
1042 1306 1133 1334 non
1165 1299 1319 1334 autem
1357 1307 1416 1334 ex
1453 1307 1530 1335 ore
1567 1299 1614 1334 et
1646 1293 1739 1346 ejus

243 1355 436 1410 loquela.
499 1355 636 1410 Apud
662 1356 840 1405 Lucam,
864 1364 873 1375 “

316 1444 422 1486 Jesus
434 1445 534 1500 dixit,
544 1446 563 1529 ’ἑ
574 1445 649 1495 Ego
664 1445 758 1529 dabo
770 1445 874 1477 vobis
889 1455 930 1477 os
944 1452 979 1477 et
993 1446 1222 1487 sapientiam,
1235 1447 1291 1478 cui
1307 1456 1380 1478 non
1394 1452 1564 1487 poterunt
1575 1456 1613 1478 se
1627 1456 1741 1487 oppo-

420 1499 504 1520 nere
565 1499 633 1520 xxi.
651 1497 687 1528 15
718 1499 725 1520 :

246 1576 367 1617 “os’'
393 1576 451 1617 ibi
484 1590 564 1630 pro
596 1576 776 1631 loquela
803 1591 862 1618 ex
889 1575 1139 1626 intelle&u‚
1168 1578 1231 1618 ita
1263 1591 1344 1631 pro
1370 1578 1653 1631 cogitatione
1680 1592 1739 1619 ex

245 1653 332 1694 qua
357 1639 496 1680 homo
524 1640 733 1694 loquitur.
794 1639 933 1694 Apud
959 1640 1252 1690 Mattlzaeum,

311 1729 330 1743 “
340 1728 422 1760 Non
436 1729 532 1770 quod
544 1729 653 1760 intrat
668 1729 703 1760 in
719 1739 769 1767 os,
783 1729 1009 1761 immundum
1023 1730 1139 1761 reddit
1151 1730 1335 1762 hominem
1350 1740 1356 1767 ;
1377 1731 1441 1762 sed
1451 1731 1547 1772 quod
1559 1731 1740 1771 egreditur

420 1783 463 1803 ex
477 1783 549 1811 ore,
565 1773 630 1804 hoc
646 1773 869 1804 immundum
884 1773 999 1804 reddit
1016 1773 1199 1804 hominem
1213 1785 1236 1805 τ.
1252 1799 1259 1805 .
1274 1799 1281 1805 .
1295 1774 1407 1815 ,quod
1422 1774 1619 1814 ingreditur
1633 1775 1668 1806 in
1687 1785 1738 1811 os.

421 1817 456 1847 in
471 1823 635 1848 ventrem
654 1817 739 1854 abit,
755 1823 790 1848 et
807 1817 842 1847 in
861 1817 1029 1848 latrinam
1048 1817 1190 1856 ejicitur
1206 1827 1212 1855 ;
1233 1827 1324 1858 quae
1342 1827 1428 1849 vero
1446 1818 1678 1858 egrediuntur
1695 1828 1740 1850 ex

419 1871 491 1898 ore,
513 1871 556 1891 ex
576 1861 683 1892 corde
705 1860 937 1900 egrediuntur
952 1870 975 1898 ;.
990 1885 998 1892 .
1012 1885 1019 1892 .
1034 1871 1094 1893 ,ex
1119 1861 1225 1892 corde
1245 1861 1479 1901 egrediuntur
1498 1862 1739 1902 cogitationes

419 1904 547 1941 malae,
569 1905 708 1941 caedes,
731 1904 916 1942 adulteria,
938 1910 1070 1944 stupra,
1091 1904 1195 1943 furta,
1221 1904 1314 1936 falsa
1338 1905 1555 1944 testimonia,
1575 1906 1741 1946 blasphe-

421 1947 542 1979 miae’'
563 1947 632 1988 (xv.
653 1956 702 1986 11,
724 1947 864 1988 17—19):

243 2049 322 2089 per
350 2035 464 2076 “illa
490 2049 604 2089 quae
631 2035 946 2088 ingrediuntur
971 2036 1014 2076 in
1048 2035 1130 2076 os‘'
1157 2036 1200 2076 in
1233 2050 1367 2077 sensu
1394 2036 1576 2078 litterae
1602 2036 1738 2078 intel-

243 2099 444 2152 liguntur
470 2098 615 2138 omnis
642 2099 821 2151 generis
845 2098 946 2147 cibi,
974 2099 1048 2152 qui
1071 2105 1176 2152 post
1209 2113 1337 2140 usum
1369 2100 1413 2139 in
1446 2113 1635 2153 corpore
1661 2114 1740 2154 per

243 2169 451 2203 ventrem
485 2162 653 2203 abeunt
686 2163 730 2202 in
763 2162 1000 2213 latrinam;
1048 2169 1095 2204 at
1128 2177 1234 2204 vero
1271 2164 1315 2203 in
1354 2177 1488 2204 sensu
1519 2163 1739 2216 spirituali

243 2240 322 2279 per
346 2225 460 2266 “illa
482 2239 596 2279 quae
619 2225 932 2278 ingrediuntur
953 2226 998 2266 in
1022 2239 1072 2266 os
1085 2225 1104 2240 '’
1122 2225 1434 2279 significantur
1451 2227 1603 2267 omnia
1625 2241 1738 2280 quae

243 2303 303 2330 ex
330 2289 547 2329 memoria
569 2295 615 2329 et
643 2303 820 2342 quoque
844 2303 903 2329 ex
930 2290 1100 2330 mundo
1123 2290 1296 2330 intrant
1323 2290 1367 2329 in
1390 2290 1736 2342 cogitationem,

243 2353 356 2394 haec
384 2353 522 2393 etiam
550 2353 911 2406 correspondent
939 2354 1075 2404 cibis;
1110 2360 1156 2394 et
1182 2352 1260 2393 illa
1286 2367 1400 2406 quae
1426 2354 1740 2406 ingrediuntur

244 2416 575 2469 cogitationem
613 2422 659 2456 et
697 2429 788 2457 non
825 2416 957 2457 simul
989 2416 1292 2465 voluntatem,
1329 2429 1418 2456 non
1456 2416 1738 2457 immundum

243 2479 438 2521 reddunt
472 2478 718 2527 hominem,
753 2493 858 2520 nam
891 2480 1110 2520 memoria
1146 2485 1192 2520 et
1230 2478 1334 2519 inde
1372 2479 1596 2532 cogitatio
1632 2486 1738 2520 sunt

243 2542 416 2583 homini
448 2541 595 2582 solum
628 2542 743 2582 sieut
776 2543 988 2583 introitus
1020 2543 1078 2582 ad
1109 2541 1249 2590 illum,
1279 2542 1492 2595 quoniam
1524 2541 1738 2583 voluntas

245 2612 316 2646 est
347 2606 442 2658 ipse
473 2604 638 2645 homo:
678 2618 792 2658 quae
826 2605 963 2646 modo
994 2605 1308 2658 ingrediuntur
1334 2605 1663 2657 cogitationem
1691 2610 1737 2645 et

245 2681 336 2709 non
368 2667 567 2716 ulterius,
596 2667 673 2708 illa
706 2669 832 2721 quasi
865 2682 943 2721 per
974 2674 1181 2709 ventrem
1214 2668 1257 2707 in
1291 2666 1502 2708 latrinam
1532 2667 1737 2720 rejiciun-

244 2737 343 2781 tur3
370 2734 396 2751 “
411 2730 602 2771 venter'’
617 2744 675 2771 ex
694 2731 1098 2784 correspondentia
1121 2729 1345 2783 significat
1370 2730 1585 2771 mundum
1608 2731 1735 2784 spiri-

199 2814 202 2815 ⁷
244 2800 386 2841 tuum,
415 2793 533 2834 unde
566 2794 873 2846 cogitationes
899 2793 1017 2847 apud
1049 2793 1280 2834 hominem
1306 2793 1512 2842 influunt,
1546 2799 1593 2833 et
1628 2792 1734 2833 “la-

245 2856 396 2896 trina’'
442 2855 667 2909 significat
714 2857 947 2897 infernum.
1024 2855 1267 2897 Sciendum
1315 2862 1384 2896 est
1431 2855 1552 2909 quod
1598 2855 1737 2896 homo

244 2932 335 2959 non
367 2919 587 2973 purificari
619 2921 764 2974 possit
791 2934 816 2961 a
849 2920 978 2961 malis
1010 2926 1056 2962 et
1093 2920 1196 2960 inde
1227 2919 1363 2969 falsis,
1393 2921 1475 2960 nisi
1506 2919 1737 2960 immunda
