1962 3334
281 265 389 319 1560
689 276 1020 310 APOCALYPSIS
1052 255 1351 311 EXPL'ICATA.

274 387 318 427 in
362 386 524 436 lucem,
566 395 611 429 et
654 388 734 429 lux
778 390 821 430 in
860 391 1075 432 tenebras
1093 391 1128 442 ;”
1176 392 1466 434 “tenebrae'‘
1497 399 1601 434 sunt
1641 392 1767 441 falsa,

275 456 322 491 et
351 450 500 491 “lux”
527 458 632 492 sunt
656 466 791 492 vera:
827 467 885 494 ex
913 453 1000 494 illis
1025 461 1153 507 patet
1181 455 1300 508 quod
1328 454 1489 495 similia
1512 454 1769 508 significen-

275 519 348 554 tur
374 528 452 567 per
484 518 693 568 “ponere
721 529 923 557 amarum
955 518 998 558 in
1031 517 1177 566 dulce,
1207 525 1253 558 et
1281 518 1413 559 dulce
1445 519 1489 558 in
1515 532 1716 559 amarum
1735 518 1770 569 ;'‘

275 577 426 619 simile.
447 579 585 619 etiam
614 579 895 632 significatur
921 594 1000 633 per
1029 581 1167 621 “Vae
1196 581 1407 622 heroibus
1434 581 1490 622 ad
1517 582 1769 635 potandum

275 642 444 690 vinum,
473 648 519 682 et
544 642 647 682 viris
674 642 848 682 roboris
876 643 932 683 ad
960 644 1241 684 miscendum
1270 645 1460 685 siceram
1478 644 1511 694 ;'’
1545 658 1623 698 per
1651 645 1769 685 “he-

275 718 376 745 roes
402 705 459 745 ad
486 705 738 758 potandum
765 706 916 747 vinum
931 706 949 721 '’
975 707 1287 759 significantur
1313 707 1377 747 illi
1409 708 1482 761 qui
1508 707 1768 748 adulterant

275 781 431 808 verum
465 768 620 816 Verbi,
655 775 701 809 et
734 783 813 822 per
847 770 1005 810 “viros
1037 770 1210 810 roboris
1248 771 1305 810 ad
1344 770 1623 811 miscendum
1656 771 1771 812 sice-

276 831 403 871 ram”
443 831 757 884 significantur
794 831 857 872 illi
895 833 969 885 qui
1006 831 1247 873 falsificant
1285 832 1421 883 illud;
1466 833 1692 874 “vinum”
1723 840 1770 875 et

278 895 464 935 “sicera
478 895 497 909 ”
524 901 628 935 sunt
655 909 762 935 vera
790 895 957 946 Verbi;
997 902 1043 936 et
1071 909 1149 948 per
1178 895 1411 936 “heroes’'
1439 902 1485 936 et
1515 897 1672 937 “viros
1698 911 1770 937 ro-

276 958 396 998 boris
409 957 428 972 ’'
461 957 775 1010 significantur
807 957 1036 1011 pollentes
1068 959 1253 1011 ingenio
1285 964 1331 999 et
1371 958 1558 1000 solertia
1588 959 1768 1000 adulte-

276 1020 404 1060 randi
429 1019 520 1060 illa.
582 1019 719 1073 Apud
747 1021 955 1070 eundem,

343 1110 361 1124 ‘⁴
372 1109 525 1150 Lugebit
543 1116 712 1148 mustum,
727 1110 937 1150 languescet
955 1110 1050 1148 vitis,
1065 1116 1211 1151 gement
1228 1121 1356 1143 omnes
1374 1111 1458 1143 laeti
1472 1111 1578 1142 corde
1593 1120 1616 1148 ;.
1630 1136 1638 1143 .
1652 1136 1660 1143 .
1675 1121 1772 1143 ‚cum

451 1160 559 1185 cantu
573 1164 647 1185 non
662 1154 787 1185 bibent
800 1154 936 1192 vinum,
953 1164 1078 1186 amara
1091 1155 1158 1186 erit
1171 1155 1287 1186 sicera
1299 1155 1506 1186 bibentibus
1521 1155 1620 1186 illam
1632 1155 1650 1166 ’¹
1664 1154 1771 1196 (xxiv.

454 1204 483 1236 7,
504 1198 555 1238 9)=

278 1300 357 1340 per
391 1286 662 1326 “mustum’‘
695 1286 815 1339 quod
854 1285 1042 1339 lugebit,
1077 1293 1124 1328 et
1162 1301 1240 1340 per
1274 1286 1485 1327 “vitem”
1521 1300 1636 1340 quae
1673 1286 1771 1328 lan-

277 1355 482 1403 guescet,
508 1348 787 1402 significatur
809 1362 963 1390 verum
988 1350 1129 1390 Verbi
1153 1356 1201 1391 et
1226 1349 1445 1391 ecclesiae
1468 1350 1588 1403 quod
1611 1350 1772 1403 deper-

277 1413 430 1454 ditum⁴
456 1413 540 1462 sit;
584 1412 854 1453 “mustum'’
886 1412 1113 1466 significat
1145 1426 1299 1453 verum
1326 1412 1482 1461 Verbi,
1516 1419 1563 1453 et
1598 1412 1772 1453 “vitis”

278 1489 434 1517 verum
477 1474 711 1516 doctrinae
757 1475 1006 1516 ecclesiae:
1056 1490 1134 1529 per
1178 1475 1414 1517 “Gement
1461 1489 1618 1516 omnes
1665 1475 1773 1516 laeti

278 1539 431 1587 corde,
460 1545 506 1579 et
534 1552 637 1579 cum
667 1545 804 1579 cantu
832 1552 921 1578 non
949 1539 1107 1579 bibent
1133 1539 1285 1579 vinum
1306 1539 1325 1554 ''
1347 1538 1626 1592 significatur
1652 1539 1773 1592 quod

279 1603 460 1656 perierit
487 1602 665 1642 interna
692 1602 930 1642 beatitudo
958 1602 1124 1642 mentis
1157 1608 1203 1642 et
1230 1602 1424 1642 felicitas
1456 1602 1604 1643 cordis
1636 1615 1771 1655 prop-

279 1672 349 1707 ter
371 1665 659 1718 deperditum
682 1678 837 1705 verum
860 1665 966 1705 boni
990 1665 1233 1718 spiritualis
1253 1678 1261 1705 ε
1290 1664 1503 1705 “Amara
1525 1665 1608 1705 erit
1632 1665 1774 1706 sicera

279 1728 538 1770 bibentibus
576 1727 700 1768 illam
720 1727 739 1742 '’
771 1727 998 1780 significat
1034 1741 1189 1768 verum
1235 1728 1341 1768 boni
1379 1727 1668 1780 injucundum
1711 1741 1771 1769 ex

278 1791 594 1833 falsificatione
621 1797 667 1832 et
695 1791 1031 1832 adulteratione
1057 1791 1164 1844 ejus.
1226 1791 1364 1844 Apud
1385 1791 1553 1840 Mosen,

355 1885 460 1927 Quod
477 1895 592 1926 aquae
610 1885 645 1916 in
665 1884 802 1923 Marah,
818 1895 909 1925 quae
928 1895 1000 1916 non
1019 1885 1092 1916 bibi
1111 1890 1279 1925 poterant
1297 1895 1383 1925 prae
1401 1885 1651 1924 amaritudine,
1669 1895 1775 1917 sana-

455 1935 513 1960 tae
531 1929 603 1960 sint
620 1939 682 1969 per
699 1929 836 1969 lignum
855 1929 907 1960 eis
926 1927 1099 1969 injectum
1117 1929 1240 1968 (Exod,
1258 1939 1314 1960 xv.
1334 1929 1454 1969 23-25)
1469 1940 1476 1961 :

283 2026 467 2076 “aquae
499 2023 543 2062 in
574 2021 749 2070 Marah,
778 2036 893 2075 quae
925 2035 1016 2062 non
1048 2022 1139 2062 bibi
1171 2028 1385 2075 poterant
1418 2036 1524 2075 prae
1555 2023 1772 2063 amaritu-

281 2085 426 2134 dine‚”
452 2085 861 2138 repraesentabant
889 2099 994 2125 vera
1017 2085 1290 2133 adulterata,
1316 2098 1420 2125 nam
1447 2089 1626 2138 “aquae
1639 2085 1658 2100 '’
1681 2086 1772 2138 sig-

281 2149 466 2190 nificant
512 2163 631 2197 vera,
674 2155 720 2189 et
770 2148 1097 2189 “amaritudo'’
1139 2148 1546 2188 adulterationem:
1595 2148 1774 2187 sanatio

280 2212 458 2254 illarum
505 2226 582 2265 per
630 2212 842 2265 “lignum
888 2209 1141 2264 inje&um,'‘
1181 2211 1558 2264 repraesentabat
1604 2211 1772 2251 bonum

281 2276 446 2317 amoris
478 2283 524 2316 et
556 2276 692 2324 vitae,
726 2275 975 2316 discutiens
1007 2275 1183 2323 falsum,
1211 2281 1258 2314 et
1290 2275 1496 2327 aperiens
1528 2287 1697 2322 verum,
1726 2280 1772 2314 et

281 2339 343 2380 sic
371 2339 641 2389 restituens;
676 2351 782 2378 nam
810 2351 944 2379 omne
971 2351 1125 2379 verum
1154 2352 1212 2378 ex
1240 2337 1362 2377 malo
1387 2338 1508 2378 vitae
1535 2343 1581 2378 et
1607 2338 1773 2377 amoris

281 2401 588 2452 adulteratur;
629 2415 764 2455 quare
791 2415 870 2454 per
895 2401 1064 2442 bonum
1091 2401 1256 2441 amoris
1284 2406 1330 2440 et
1356 2400 1478 2441 vitae
1505 2401 1702 2454 aperitur
1726 2407 1773 2442 et

281 2466 548 2514 restituitur,
575 2480 634 2506 ex
658 2479 808 2514 causa,
829 2466 932 2518 quia
955 2478 1090 2505 omne
1112 2477 1266 2505 verum
1291 2471 1361 2505 est
1384 2465 1504 2513 boni,
1529 2478 1580 2505 ac
1604 2465 1772 2505 bonum

282 2529 448 2570 amoris
485 2535 555 2569 est
597 2529 740 2569 instar
776 2529 893 2581 ignis
935 2542 995 2569 ex
1033 2542 1121 2582 quo
1157 2541 1311 2568 verum
1350 2534 1540 2581 apparet
1577 2528 1621 2568 in
1659 2527 1772 2569 luce.

283 2591 438 2633 Simile
465 2591 744 2644 significatur
770 2605 849 2644 per

351 2680 592 2718 Pulmentum,
618 2681 654 2711 in
683 2680 779 2721 quod
808 2680 870 2711 filii
900 2680 1156 2720 prophetarum
1188 2679 1390 2720 injecerunt
1414 2679 1697 2721 colocynthidas.
1711 2689 1774 2711 seu

457 2734 546 2755 uvas
564 2730 725 2764 agrestes
742 2734 897 2761 amaras,
914 2725 1010 2764 quod
1029 2724 1192 2755 Elisaeus
1210 2724 1353 2755 sanavit
1366 2733 1430 2763 per
1443 2722 1674 2764 injetstionem
1692 2723 1774 2754 fari-

461 2778 529 2798 nae
547 2767 578 2807 (2
596 2768 676 2808 Reg.
696 2768 740 2799 iv.
760 2768 901 2807 38-41):

269 2868 364 2911 ‘per
388 2860 414 2877 “
428 2856 727 2910 pulmentum,
748 2857 790 2896 in
815 2857 934 2910 quod
954 2857 1172 2897 miserunt
1196 2855 1545 2909 colocynthidas
1564 2869 1740 2896 amaras
1753 2855 1773 2870 '’

284 2919 563 2973 significatur
583 2919 784 2960 Verbum
804 2919 1089 2960 falsificatum
1108 2933 1117 2971 ;
1151 2925 1196 2960 et
1220 2932 1298 2972 per
1318 2923 1342 2939 ‘⁴
1360 2918 1576 2959 farinam‘’
1597 2919 1769 2958 immis-
