1962 3334
586 260 692 293 CAP.
716 259 799 300 1x.,
822 258 960 290 VERs.
984 256 1130 288 2.—N.
1158 255 1176 299 5
1185 245 1320 300 37[b].
1587 250 1692 295 1335

212 389 272 416 ex
294 388 348 416 eo
370 375 508 415 etiam
530 372 789 427 producitur
809 370 984 419 falsum,
1004 368 1172 410 malum
1195 368 1313 408 enim
1336 354 1426 406 non
1450 364 1697 418 producere

212 443 367 491 potest
405 437 487 477 nisi
523 449 657 489 quam
694 434 853 475 salsum
874 448 883 484 ;
927 432 1007 473 sed
1042 431 1154 472 haec
1192 430 1430 470 videantur
1466 426 1699 480 explicata

211 511 347 551 supra
377 507 422 545 (n.
436 497 600 548 483[b]).
659 494 799 547 Apud
824 493 1035 541 eundem,

279 590 472 632 “Jehovah
476 614 569 627 .....
577 590 635 630 qui
651 589 845 620 ascendere
862 588 946 619 fecit
962 597 1028 618 nos
1047 597 1067 618 e
1083 593 1177 618 terra
1194 585 1360 625 Aegypti,
1381 584 1439 624 qui
1457 583 1555 614 duxit
1572 592 1639 613 nos
1659 582 1696 612 in

384 634 537 670 deserto,
557 633 593 664 in
613 639 708 663 terra
723 631 924 663 solitudinis
942 637 977 662 et
995 630 1132 666 foveae,
1149 630 1185 660 in
1206 635 1300 660 terra
1315 627 1480 659 siccitatis
1501 633 1536 657 et
1551 627 1697 657 umbrae

384 677 526 714 densae,
547 686 610 716 per
626 685 730 716 quam
751 685 823 706 non
841 674 980 706 transiit
996 674 1049 704 vir
1066 683 1130 704 nec
1146 672 1318 703 habitavit
1334 669 1471 702 homo''
1489 670 1537 710 (ii.
1554 669 1607 709 6):

212 769 333 822 quod
365 782 444 822 per
476 766 784 815 “desertum‚”
813 766 858 806 in
889 780 977 820 quo
1009 763 1129 806 duc'ti
1161 770 1265 804 sunt
1296 763 1372 815 filii
1405 761 1596 809 Israelis,
1629 775 1699 802 re-

213 838 530 885 praesentatus
570 837 617 871 et
663 829 941 883 significatus
980 829 1038 869 sit
1085 829 1251 881 primus
1292 833 1439 867 status
1479 825 1700 866 ecclesiae

212 894 530 934 instaurandae
549 893 670 946 'apud
692 892 794 933 illos
819 893 892 945 qui
918 893 961 931 in
984 904 1106 931 mera
1127 890 1384 943 ignorantia
1409 888 1516 928 boni
1539 893 1585 928 et
1607 887 1702 927 veri

213 963 332 1005 sunt,
357 963 588 997 ostensum
612 962 682 996 est
704 956 748 995 in
769 954 809 994 A
818 954 967 994 rcanz's
993 952 1278 1000 caelestibus,
1303 952 1346 991 in
1369 951 1528 1004 quibus
1550 949 1700 1003 expli-

213 1026 318 1060 cata
343 1025 412 1060 est
434 1018 651 1066 Exodus,·
682 1024 728 1058 et
755 1018 857 1070 quia
882 1016 958 1057 ille
984 1022 1131 1056 status
1158 1028 1236 1068 per
1258 1027 1430 1054 errores
1456 1013 1634 1053 illorum
1656 1012 1700 1052 in

214 1083 398 1123 deserto
415 1086 781 1134 repraesentatus
803 1086 849 1120 et
873 1078 1150 1132 significatus
1173 1084 1257 1125 est,
1277 1077 1379 1117 ideo
1397 1077 1560 1116 dicitur
1580 1075 1701 1128 quod

216 1144 459 1198 “Jehovah
492 1144 672 1184 duxerit
708 1142 810 1183 illos
845 1143 890 1182 in
926 1148 1046 1182 terra
1082 1140 1335 1181 solitudinis
1371 1146 1418 1179 et
1448 1138 1622 1186 foveae,
1655 1138 1700 1178 in

216 1215 336 1249 terra
367 1207 584 1248 siccitatis
616 1212 662 1246 et
688 1205 872 1245 umbrae
904 1204 1070 1245 densae
1088 1203 1122 1243 :'’
1158 1217 1236 1256 per
1264 1206 1467 1243 “terram
1495 1200 1702 1241 solitudi-

216 1271 283 1311 nis
314 1277 360 1311 et
393 1268 640 1310 siccitatis'’
671 1267 940 1320 intelligitur
969 1266 1040 1307 hic
1074 1273 1122 1307 ut
1154 1265 1258 1306 alibi
1290 1266 1334 1305 in
1366 1264 1522 1304 Verbo
1553 1269 1702 1304 status

217 1347 308 1374 non
340 1331 644 1386 perceptionis
671 1331 803 1381 boni;
836 1336 884 1371 et
909 1344 987 1383 per
1015 1333 1220 1369 “terram
1253 1328 1408 1368 foveae
1440 1333 1486 1367 et
1518 1326 1703 1366 umbrae

218 1395 418 1436 densae‘’
443 1394 712 1447 intelligitur
743 1399 889 1434 status
921 1393 1205 1445 ignorantiae
1236 1391 1343 1439 veri,
1368 1397 1414 1431 et
1446 1390 1549 1430 inde
1580 1389 1702 1430 falsi—

218 1459 353 1499 tatis:
389 1461 506 1510 “per
531 1469 664 1510 quam
686 1457 751 1496 vir
777 1469 866 1496 non
890 1456 1082 1503 transiit,
1107 1468 1251 1507 neque
1278 1453 1416 1493 homo
1438 1451 1704 1500 habitavit,'’

218 1518 443 1572 significat
476 1519 548 1559 ubi
580 1532 670 1559 non
701 1518 858 1572 aliquis
890 1516 1147 1558 intelle&us
1179 1517 1271 1557 veri
1308 1529 1390 1556 nec
1423 1515 1570 1568 aliqua
1601 1528 1703 1568 per-

218 1583 370 1635 ceptio
391 1581 522 1632 boni;
555 1595 633 1635 per
657 1585 682 1601 “
699 1582 840 1621 virum
855 1581 875 1596 '’
901 1582 944 1621 in
967 1581 1122 1621 Verbo
1145 1578 1422 1632 significatur
1444 1575 1704 1619 intelle-&us

219 1645 326 1693 veri,
354 1650 401 1685 et
432 1658 510 1697 per
537 1643 836 1684 “hominem”
863 1643 1094 1696 perceptio
1124 1643 1245 1689 boni,
1280 1647 1325 1682 et
1358 1655 1435 1694 per
1466 1647 1704 1693 utrumque

222 1720 312 1747 non
358 1707 550 1747 ecclesia
593 1706 742 1759 quoad
781 1719 934 1746 verum
981 1719 1063 1745 nec
1109 1704 1258 1758 quoad
1302 1704 1484 1744 bonum.
1566 1702 1705 1756 Apud

216 1768 419 1818 Esaiam,

285 1864 516 1896 “Festinabit
539 1865 692 1896 educens
716 1869 755 1895 ut
773 1864 972 1904 aperiatur;
1001 1874 1074 1895 non
1099 1870 1218 1895 autem
1243 1863 1415 1894 moriatur
1440 1862 1476 1893 in
1501 1862 1616 1900 fovea,
1639 1871 1706 1894 nec

390 1908 529 1939 deficiat
545 1908 647 1948 panis
664 1907 770 1948 ejus'’
787 1908 836 1947 (li.
856 1908 926 1946 14):

218 1995 290 2037 hic
317 1995 374 2036 de
400 1995 598 2036 Domino
620 2009 629 2045 ;
662 1995 885 2035 adventus
911 1994 1055 2047 Ipsius
1080 1994 1349 2047 intelligitur
1374 2008 1452 2047 per
1477 1993 1704 2034 “festina-

217 2058 285 2099 bit
316 2058 515 2099 educens
535 2057 569 2108 ;’'
606 2057 813 2098 liberatio
845 2071 870 2097 a
900 2057 1021 2097 falsis
1053 2071 1111 2097 ex
1143 2058 1400 2110 ignorantia
1425 2055 1704 2109 significatur

218 2135 297 2174 per
325 2124 422 2161 “ne
459 2121 674 2161 moriatur
704 2121 747 2160 in
784 2120 914 2160 fovea
931 2120 964 2170 ;”
1006 2133 1141 2173 quare
1173 2119 1315 2160 simile
1347 2134 1426 2173 per
1459 2120 1672 2160 “foveam
1685 2119 1706 2134 ’'

216 2183 289 2223 hic
320 2183 589 2236 intelligitur
625 2183 745 2236 quod
781 2196 914 2235 supra
951 2196 1028 2235 per
1062 2182 1278 2223 “foveam
1314 2183 1358 2223 in
1399 2196 1486 2236 qua
1516 2180 1704 2222 vineti?

216 2246 336 2298 quod
363 2259 452 2286 non
484 2245 662 2286 deficiet
694 2243 929 2285 instru&io
958 2251 1004 2285 et
1036 2245 1222 2285 nutritio
1249 2245 1505 2298 spiritualis,
1534 2243 1702 2297 signifi-

217 2313 345 2348 catur
370 2322 448 2361 per
473 2312 566 2348 “ne
592 2307 772 2348 deficiat
796 2308 922 2360 panis
948 2306 1040 2359 ejus
1061 2307 1096 2357 ;’'
1127 2321 1205 2360 per
1233 2311 1432 2361 “panem
1445 2307 1463 2323 '’
1490 2308 1609 2348 enim
1635 2308 1703 2347 in-

217 2370 439 2423 telligitur
464 2371 608 2411 omnis
635 2370 758 2410 cibus
785 2369 1041 2422 spiritualis,
1069 2376 1115 2410 et
1147 2384 1225 2423 per
1251 2371 1398 2411 cibum
1424 2369 1703 2424 spiritualem

217 2432 486 2485 intelligitur
514 2431 750 2473 instrufflo
782 2433 824 2472 in
856 2433 971 2472 veris
1002 2439 1048 2472 et
1079 2433 1222 2481 bonis,
1251 2433 1368 2474 unde
1400 2432 1706 2486 intelligentia

217 2501 264 2536 et
290 2495 524 2548 sapientia.
587 2494 725 2548 Apud
750 2494 1034 2542 Ezechielem,

286 2591 410 2623 “Ecce
436 2591 512 2631 Ego
535 2591 716 2623 adducens
742 2601 849 2631 super
872 2597 905 2622 te
930 2590 1078 2628 alienos,
1103 2591 1283 2623 violentos
1307 2592 1479 2631 gentium,
1503 2592 1562 2632 qui
1587 2593 1707 2631 evagi-

392 2635 528 2666 nabunt
544 2635 684 2674 gladios
702 2645 788 2666 suos
806 2644 912 2674 super
930 2634 1228 2674 pulchritudinem
1243 2636 1443 2675 sapientiae
1461 2642 1554 2671 tuae,
1573 2642 1608 2666 et
1626 2645 1707 2675 pro-

391 2678 564 2709 fanabunt
588 2678 815 2717 splendorem
842 2685 952 2714 tuum,
974 2677 1009 2708 in
1034 2678 1175 2709 foveam
1199 2679 1389 2710 demittent
1413 2685 1458 2715 te,
1479 2685 1515 2710 et
1539 2679 1705 2710 morieris

391 2721 566 2752 mortibus
583 2721 833 2752 confossorum
853 2721 888 2751 in
906 2722 1013 2752 corde
1030 2721 1212 2753 marium'¹
1229 2722 1365 2762 (xxviii.
1385 2730 1414 2760 7,
1433 2723 1486 2762 8);

218 2809 329 2849 haec
362 2808 418 2849 de
449 2809 646 2861 principe
674 2796 796 2861 Tyri,
826 2822 903 2861 per
934 2822 1066 2862 quem
1097 2809 1412 2862 intelliguntur
1443 2809 1506 2850 illi
1538 2810 1611 2863 qui
1643 2823 1702 2850 ex

219 2872 396 2925 propria
420 2870 721 2924 intelligentia
749 2870 997 2912 excludunt
1024 2871 1148 2920 salsa,
1173 2886 1250 2925 per
1276 2886 1389 2925 quae
1415 2873 1700 2925 cognitiones
