1962 3334
609 243 715 277 CAP.
740 243 822 284 xr,
845 242 983 275 vssRs.
1007 242 1153 275 2.--N.
1176 232 1272 286 631.
1577 231 1682 284 1623

198 356 366 399 malum
401 357 534 398 faciat
566 356 725 410 impiis,
757 361 804 397 et
844 355 971 409 plura
1007 354 1193 405 similia3
1230 368 1330 395 cum
1367 360 1521 395 tamen
1559 353 1684 394 Deus

198 433 416 475 nusquam
438 420 653 468 irascitur,
676 420 803 473 punit
829 425 875 459 et
902 417 1083 471 conjicit
1109 419 1152 458 in
1178 418 1410 464 infernum,
1434 423 1480 457 et
1506 429 1685 470 prorsus

197 495 288 524 non
312 483 442 524 alicui
464 482 630 524 malum
651 482 781 531 facit;
813 481 894 522 sed
919 482 1078 534 impius
1103 482 1197 533 ipse
1220 481 1300 520 sibi
1324 494 1401 534 per
1423 479 1555 527 mala,
1580 492 1684 519 nam

195 547 304 599 ipsis
338 546 467 587 malis
506 547 657 586 insunt
697 544 817 585 mala
852 557 1049 597 poenae:
1096 544 1161 584 ita
1196 557 1333 596 usque
1370 542 1605 596 permultis
1641 542 1684 582 in

196 608 308 650 locis
337 609 381 649 in
407 608 565 650 Verbo
594 608 769 656 dicitur,
801 608 903 661 quia
933 607 997 648 ita
1026 612 1227 660 apparet.
1295 605 1363 646 Sit
1396 619 1571 659 quoque
1604 618 1685 658 pro

196 671 424 724 exemplo,

261 760 366 802 Quod
385 770 492 792 nemo
508 760 750 801 appellaturus
773 759 819 791 sit
842 765 979 799 patrem
1000 768 1102 790 suum
1125 757 1276 795 Patrem,
1295 767 1359 789 nec
1379 757 1588 797 magistrum
1610 756 1687 788 Ma-

369 804 519 844 gistrum
535 803 677 843 (Mattla.
695 803 791 835 xxiii.
809 800 952 842 [¹l8-10),

133 920 140 925 ·
196 909 297 938 cum
314 903 468 938 tamen
485 896 676 937 vocandi
693 901 796 937 sunt
814 909 823 944 ;
855 895 935 935 sed
956 895 1020 936 ita
1041 895 1202 935 dicitur
1218 895 1321 948 quia
1343 908 1421 947 per
1436 897 1462 914 “
1476 894 1654 934 Patrem
1667 893 1686 907 ”

194 960 462 1013 intelligitur
488 959 721 1007 Dominus,
748 959 823 1012 qui
854 971 936 999 nos
967 971 991 998 e
1023 971 1143 998 novo
1173 964 1298 998 creat
1330 965 1376 998 et
1408 963 1611 1010 generat,
1639 963 1687 997 et

195 1023 445 1076 quiaunice
467 1023 604 1063 docet
625 1029 672 1063 et
693 1021 897 1072 instruit;
929 1035 1064 1074 quare
1086 1034 1187 1061 cum
1214 1021 1350 1061 homo
1372 1021 1415 1060 in
1438 1021 1538 1060 idea
1559 1020 1686 1073 spiri·

195 1085 306 1126 tuali
330 1092 415 1133 est,
441 1092 548 1126 tunc
581 1085 800 1138 cogitabit
831 1084 887 1124 de
915 1084 1113 1124 Domino
1139 1083 1238 1124 solo
1263 1090 1312 1124 ut
1345 1083 1476 1123 Patre
1507 1089 1554 1124 et
1587 1083 1686 1123 Ma-

195 1149 353 1201 gistro,
385 1147 517 1188 aliter
546 1161 654 1188 vero
684 1160 784 1188 cum
815 1147 954 1187 homo
983 1147 1028 1186 in
1059 1147 1161 1187 idea
1191 1146 1384 1187 naturali
1415 1154 1514 1187 est:
1557 1159 1686 1199 prae-

196 1218 322 1252 terea
350 1211 395 1251 in
426 1210 593 1251 mundo
624 1209 841 1262 spirituali
872 1223 950 1250 seu
987 1210 1031 1249 in
1071 1209 1199 1250 caelo
1230 1223 1364 1250 nemo
1395 1210 1520 1250 novit
1551 1209 1687 1249 alium

196 1279 387 1326 patrem,
424 1271 656 1314 dofkorem
697 1287 776 1313 seu
812 1273 1076 1325 magistrum
1114 1286 1247 1325 quam
1290 1272 1547 1320 Dominum,
1585 1273 1688 1325 quia

196 1336 255 1376 ab
285 1335 391 1389 Ipso
420 1337 514 1376 vita
544 1335 808 1389 spiritualis:
851 1336 912 1375 sic
944 1336 988 1375 in
1019 1335 1212 1388 reliquis.
1273 1335 1348 1375 Ex
1379 1336 1446 1375 his
1477 1342 1687 1376 constare

196 1404 350 1452 potest
381 1398 503 1452 quod
533 1405 773 1439 externum
799 1397 954 1446 Verbi,
982 1405 1029 1438 et
1060 1398 1164 1438 inde
1196 1404 1437 1438 externum
1469 1397 1687 1439 ecclesiae

197 1467 245 1502 et
275 1461 437 1510 cultus,
469 1462 690 1502 consistat
721 1475 780 1501 ex
811 1461 1133 1514 apparentibus
1164 1462 1310 1511 veris;
1352 1475 1488 1514 quare
1521 1462 1583 1502 illi
1614 1463 1688 1516 qui

198 1524 242 1564 in
271 1523 400 1564 malis
431 1524 579 1578 quoad
610 1525 749 1564 vitam
782 1531 901 1572 sunt,
929 1523 1158 1576 applicant
1189 1525 1232 1565 id
1265 1525 1322 1565 ad
1353 1525 1551 1565 savorem
1584 1539 1687 1565 suo-

196 1600 294 1628 rum
324 1600 539 1636 amorum,
572 1594 618 1628 et
650 1587 752 1627 inde
785 1593 1019 1640 captorum
1057 1588 1399 1640 principiorum;
1441 1588 1542 1628 ideo
1578 1588 1687 1628 dici-

198 1657 271 1690 tur
300 1651 420 1703 quod
447 1649 684 1698 “atrium,’'
710 1663 789 1703 per
819 1650 938 1703 quod
970 1650 1107 1690 etiam
1139 1649 1416 1703 significatur
1446 1658 1688 1691 externum

198 1712 354 1762 Verbi,
379 1714 573 1754 “datum
595 1714 652 1753 sit
674 1712 925 1766 gentibus‚”
945 1720 991 1754 et
1014 1720 1175 1766 postea
1198 1718 1282 1754 “et
1309 1714 1539 1754 civitatem
1561 1727 1690 1755 sanc·

199 1783 295 1817 tam
334 1775 704 1817 conculcabunt.”
778 1775 880 1816 Hoc
922 1774 972 1816 fit
1016 1777 1060 1816 in
1105 1775 1192 1816 fine
1233 1777 1466 1825 ecclesiae,
1508 1777 1689 1830 quando

198 1845 378 1880 tantum
404 1839 633 1886 mundani,
660 1838 888 1878 naturales
913 1844 960 1879 et
986 1839 1189 1891 corporei
1220 1846 1339 1887 sunt,
1366 1846 1415 1879 ut
1441 1854 1547 1880 vera
1572 1841 1688 1880 inte-

198 1902 329 1949 riora,
365 1915 479 1955 quae
514 1909 734 1942 vocantur
763 1915 869 1941 vera
905 1901 1164 1954 spiritualia,
1196 1915 1374 1955 prorsus
1411 1916 1502 1943 non
1538 1903 1688 1944 videre

199 1965 400 2018 possint;
437 1964 542 2004 inde
567 1964 766 2017 sequitur
790 1963 909 2016 quod
941 1971 1046 2004 tunc
1079 1964 1212 2017 plane
1243 1971 1502 2017 pervertant
1534 1972 1689 2006 exter-

200 2040 306 2068 num
332 2027 487 2076 Verbi,
514 2028 634 2080 quod
665 2033 735 2067 est
761 2040 919 2067 sensus
945 2027 1123 2068 litterae
1150 2027 1255 2079 ejus.
1316 2027 1440 2068 Talis
1465 2029 1691 2082 perversio

200 2103 356 2130 sensus
381 2090 559 2131 litterae
586 2089 725 2130 Verbi
750 2091 886 2130 etiam
913 2088 1030 2130 sacta
1061 2097 1130 2130 est
1161 2090 1279 2143 apud
1303 2090 1497 2143 Judaeos
1528 2091 1571 2131 in
1603 2090 1690 2132 fine

200 2152 418 2194 ecclesiae
453 2152 570 2206 apud
610 2152 725 2201 illos,
758 2152 877 2206 quod
917 2153 962 2193 in
1000 2166 1133 2193 sensu
1169 2153 1384 2206 spirituali
1425 2153 1691 2207 intelligitur

202 2229 281 2268 per

274 2303 379 2345 Quod
402 2304 532 2389 militff
551 2310 669 2335 vestes
694 2303 840 2335 Domini
864 2304 1059 2342 diviserint,
1076 2314 1149 2336 non
1173 2312 1292 2336 autem
1312 2306 1468 2337 tunicam
1490 2304 1604 2348 [(J0h.
1621 2307 1691 2339 xix.

376 2355 428 2386 23,
450 2356 491 2386 24
537 2357 544 2385 ἱ

202 2449 282 2490 per
304 2437 424 2490 quod
455 2437 729 2490 significatur
753 2438 872 2491 quod
904 2437 967 2478 illi
991 2438 1063 2491 qui
1095 2438 1152 2478 ab
1177 2438 1367 2479 ecclesia
1392 2441 1692 2492 perverterint

203 2500 354 2539 omnia
378 2499 519 2540 Verbi
543 2500 691 2553 quoad
721 2514 902 2541 sensum
935 2500 1113 2541 litterae
1145 2500 1250 2553 ejus,
1275 2515 1365 2541 non
1397 2509 1549 2543 autem
1575 2502 1691 2544 Ver-

202 2563 308 2603 bum
339 2562 486 2616 quoad
523 2576 703 2603 sensum
734 2563 1026 2616 spiritualem,
1058 2564 1160 2616 quia
1195 2577 1297 2605 eum
1334 2577 1423 2605 non
1456 2574 1691 2607 noverunt.

204 2633 317 2669 (Quod
335 2633 368 2662 id
386 2634 419 2662 in
433 2642 528 2663 sensu
542 2635 694 2671 spirituali
714 2635 907 2673 intelligatur
920 2645 977 2673 per
991 2635 1053 2669 illa,
1069 2635 1214 2665 videatur
1227 2645 1332 2674 supra.
1349 2645 1379 2666 n.
1395 2626 1478 2677 64.)
1534 2626 1691 2668 Simile

204 2682 253 2725 fit
279 2685 416 2726 etiam
447 2686 580 2727 hodie
612 2687 655 2727 in
682 2687 887 2737 ecclesia,
920 2688 1023 2741 quia
1052 2687 1149 2728 finis
1180 2688 1273 2741 ejus
1299 2697 1396 2739 est;
1438 2690 1694 2742 explicatur

205 2748 323 2789 enim
360 2749 493 2790 hodie
524 2743 727 2790 Verbum
768 2763 859 2791 non
896 2750 1142 2792 secundum
1178 2765 1284 2792 vera
1319 2753 1579 2804 spiritualia,
1612 2753 1693 2794 sed

206 2811 449 2852 secundum
467 2814 752 2865 apparentias
770 2826 927 2853 sensus
946 2812 1137 2863 litterae,
1156 2828 1268 2868 quae
1287 2828 1376 2855 non
1395 2816 1531 2856 modo
1548 2816 1691 2869 appli-

206 2879 365 2915 cantur
385 2874 442 2915 ad
463 2874 817 2917 confirmandum
840 2875 958 2917 mala
979 2877 1113 2928 vitae,
1133 2878 1211 2919 sed
1234 2878 1371 2919 etiam
1391 2878 1503 2920 falsa
1524 2877 1691 2920 doctri-
