1962 3334
304 259 410 312 1448
719 268 1048 302 APOCALYPSIS
1080 269 1376 302 EXPLICATA.

391 382 463 414 “In
482 382 651 415 omnibus
670 382 848 424 capitibus
870 383 948 424 ejus
966 383 1139 423 calvities,
1158 385 1278 416 omnis
1296 385 1409 416 barba
1426 394 1507 417 rasa
1517 384 1536 397 '⁷
1553 383 1623 426 (xv,
1641 384 1695 426 2);

296 471 460 512 nempe
492 459 611 513 quod
639 473 729 500 non
756 459 1076 513 intelligentia.
1137 460 1276 514 Apud
1302 460 1584 510 Ezechielem,

362 542 688 626 “Super8)omnibus
705 543 864 575 faciebus
882 544 1007 584 pudor,
1025 550 1061 576 et
1078 544 1114 575 in
1133 545 1299 576 omnibus
1323 545 1498 586 capitibus
1515 545 1674 577 calvities
1685 544 1703 556 ’¹
1716 543 1790 585 (vii.

473 595 487 617 1
540 596 546 625 ;

295 662 413 716 apud
440 663 649 711 eundem,

362 737 506 769 “Omne
524 744 629 778 caput
646 738 883 777 decalvatum,
904 744 939 770 et
955 739 1075 771 omnis
1092 739 1264 771 humerus
1281 739 1460 780 depilatus
1471 738 1490 751 ''
1506 737 1615 779 (xxiX.
1635 739 1709 779 18):

296 823 514 864 similiter.
578 823 727 876 Quare
753 825 947 865 vetitum
973 824 1054 865 fuit
1081 823 1287 865 Aharoni
1314 831 1360 866 et
1387 824 1487 865 filiis
1513 823 1605 878 ejus
1631 824 1790 866 radere

296 887 446 940 capita
469 901 561 936 sua,
590 901 640 928 ac
669 887 885 940 angulum
912 887 1106 938 barbae;
1140 888 1196 929 de
1228 902 1315 941 qua
1341 901 1388 928 re
1414 887 1533 941 apud
1558 887 1726 937 Mosen,

362 975 512 1007 Aharon
530 982 565 1008 et
583 976 645 1007 filii
663 976 741 1017 ejus
759 987 832 1007 non
850 977 979 1008 radent
999 977 1118 1017 capita
1135 987 1210 1015 sua,
1229 987 1293 1008 nec
1311 977 1475 1009 dissuent
1490 983 1610 1009 vestes
1631 987 1726 1016 suas,
1745 987 1791 1009 ne

470 1020 680 1059 moriantur,
702 1026 737 1052 et
755 1020 919 1062 Jehovah
940 1027 1132 1061 propterea
1152 1021 1327 1052 irascatur
1347 1021 1411 1052 toti
1431 1021 1599 1052 concioni
1618 1021 1740 1062 (Levit.
1757 1030 1791 1054 x.

470 1064 525 1103 6);

300 1145 346 1181 et
373 1141 492 1193 apud
520 1140 728 1190 eundem,

364 1217 444 1249 Filii
461 1218 643 1250 Aharonis
662 1220 765 1250 “non
783 1219 954 1252 inducent
970 1219 1151 1251 calvitiem
1169 1219 1276 1260 capiti
1296 1229 1371 1257 suo,
1387 1228 1452 1251 nee
1469 1218 1641 1259 angulum
1659 1218 1792 1250 barbae

471 1262 626 1294 radent’'
643 1262 765 1302 (Levit.
779 1264 848 1295 xxi.
865 1264 897 1303 5)
911 1274 917 1295 :

297 1364 376 1404 per
404 1345 661 1392 “barbam''
687 1351 968 1405 significatur
1000 1351 1210 1393 ultimum
1243 1351 1478 1393 rationalis
1505 1350 1715 1407 hominis,
1743 1355 1791 1391 et

298 1427 376 1467 per
402 1414 522 1467 quod
547 1418 676 1455 “non
703 1415 916 1456 raderent
943 1415 1161 1462 barbam'‘
1184 1414 1464 1468 significatur
1495 1428 1551 1455 ne
1583 1413 1792 1467 depriva-

298 1483 399 1517 rent
440 1491 487 1517 se
527 1477 752 1525 rationali,
783 1492 862 1531 per
901 1478 1021 1531 quod
1062 1478 1224 1518 ultimo
1264 1477 1384 1530 ejus;
1423 1491 1528 1518 nam
1569 1484 1618 1518 ut
1660 1490 1794 1531 supra

298 1537 466 1580 dietum
490 1546 574 1588 est,
599 1541 780 1595 quando
806 1540 1014 1581 ultimum
1041 1541 1252 1590 aufertur,
1278 1541 1418 1581 etiam
1444 1540 1633 1581 interius
1660 1541 1790 1594 perit.

300 1602 420 1656 Quid
447 1603 718 1657 intelligitur
745 1618 824 1658 per

365 1692 470 1734 Quod
490 1693 618 1724 mulier
638 1693 780 1733 captiva
799 1703 843 1724 ex
861 1693 1036 1731 hostibus,
1057 1693 1087 1724 si
1107 1692 1372 1724 desideraretur
1391 1692 1427 1723 in
1448 1701 1610 1731 uxorem,
1628 1692 1794 1724 tonderet

473 1743 579 1777 caput
596 1747 711 1774 suum,
730 1743 765 1768 et
782 1737 916 1768 faceret
931 1747 1071 1777 ungues
1090 1746 1176 1768 suos
1193 1736 1328 1776 (Deutr.
1342 1737 1412 1767 xxi.
1429 1744 1479 1774 11,
1501 1735 1564 1776 12),

298 1823 510 1864 videatur
527 1837 663 1877 supra
683 1834 728 1872 (n.
748 1833 907 1876 555[c]).
957 1824 1074 1877 Quia
1096 1825 1241 1878 pudor
1262 1824 1698 1877 repraesentabatur
1714 1836 1794 1878 per

300 1898 459 1926 manus
486 1899 618 1939 super
646 1892 797 1939 caput,
826 1886 928 1927 ideo
955 1886 1118 1927 dicitur
1144 1886 1262 1940 apud
1288 1886 1552 1935 Jeremiam,

366 1974 512 2006 “Etiam
533 1976 578 2006 ab
596 1975 763 2016 Aegypto
784 1975 954 2015 pudefies,
975 1975 1067 2007 sicut
1085 1974 1278 2016 pudefacla
1296 1985 1335 2007 es
1358 1977 1403 2007 ab
1424 1975 1596 2017 Assyria:
1621 1975 1730 2007 etiam
1750 1985 1795 2007 ex

475 2019 536 2050 illa
553 2019 677 2057 exibis,
697 2025 732 2050 et
751 2029 880 2050 manus
901 2025 983 2050 tuae
1001 2029 1108 2060 super
1124 2026 1231 2060 caput
1248 2025 1347 2051 tuum
1361 2019 1378 2031 ''
1396 2019 1444 2058 (ii.
1464 2017 1549 2061 [36,]
1570 2019 1645 2059 37);

287 2102 350 2137 ‘et
376 2096 495 2149 apud
523 2096 731 2145 eundem,

352 2173 370 2185 ‘⁴
382 2169 568 2203 Pudefacsti
582 2178 666 2203 sunt
686 2178 721 2203 et
738 2171 942 2212 ignominia
957 2169 1089 2209 affeeti,
1103 2177 1138 2203 et
1156 2172 1371 2203 obtexerunt
1388 2177 1496 2211 caput
1507 2170 1525 2182 ”
1542 2169 1627 2211 (xiv.
1642 2178 1671 2210 3,
1688 2170 1744 2210 4);

301 2261 347 2296 et
370 2255 472 2309 quia
498 2255 541 2295 id
567 2255 1007 2308 repraesentativum
1031 2254 1212 2308 pudoris
1238 2254 1333 2302 suit,

367 2339 455 2372 Ideo
472 2339 640 2377 Thamar,
652 2345 841 2380 postquam
855 2348 1062 2379 compressa
1077 2337 1144 2369 fuit
1161 2339 1206 2369 ab
1220 2337 1400 2368 Ammone
1415 2337 1535 2375 fratre,
1550 2338 1571 2351 ‘⁴
1584 2337 1704 2377 posuit
1721 2346 1796 2369 ma·
1829 2369 1833 2372 ,

474 2393 559 2414 num
575 2393 682 2423 super
694 2388 809 2423 caput,
825 2388 860 2414 et
873 2382 938 2413 ivit
951 2380 1154 2413 [¹]eundo.et
1167 2381 1359 2412 clamando
1372 2380 1390 2392 '’
1404 2380 1437 2420 (2
1454 2381 1545 2413 Sam.
1563 2381 1638 2412 xiii.
1654 2381 1727 2421 19):

300 2481 379 2521 per
406 2470 613 2520 “ponere
641 2479 798 2506 manus
830 2479 962 2519 super
987 2464 1155 2518 caput'’
1181 2463 1519 2517 significabatur
1549 2463 1671 2517 quod
1702 2477 1794 2505 non

299 2530 449 2584 aliqua
474 2529 782 2582 intelligentia
813 2535 948 2569 esset.
1011 2528 1165 2568 Etiam
1198 2526 1328 2567 dolor
1360 2527 1419 2567 ob
1450 2532 1643 2580 peccata
1672 2526 1794 2580 quod

299 2595 457 2635 insane
484 2599 530 2633 et
563 2592 703 2633 stulte
730 2593 922 2644 egerint,
950 2590 1379 2644 repraesentabatur
1404 2603 1484 2643 per
1514 2589 1635 2643 quod
1667 2603 1794 2643 spar-

299 2662 462 2710 gerent
500 2655 733 2709 pulverem
771 2669 903 2708 super
941 2660 1093 2708 caput,
1126 2660 1174 2695 et
1211 2653 1330 2707 quod
1367 2654 1411 2693 in
1449 2659 1616 2694 terram
1654 2666 1793 2706 usque

301 2719 597 2760 detruderent
635 2724 786 2771 caput,
826 2732 905 2771 per
941 2717 1061 2771 quod
1098 2717 1237 2758 etiam
1274 2715 1612 2769 significabatur
1649 2715 1791 2756 male-

301 2780 438 2823 dictio
454 2781 592 2822 z—Ut
619 2781 738 2834 apud
763 2780 1048 2829 Ezechielem,

367 2870 603 2955 ‘'Ascende(re
631 2867 800 2954 [2lfaci32nt
824 2870 1009 2911 pulverem
1035 2879 1142 2910 super
1166 2874 1273 2910 caput
1298 2874 1411 2906 tuum,
1435 2868 1471 2899 in
1496 2868 1616 2900 cinere
1641 2867 1790 2900 volvent

475 2914 537 2946 te’'
569 2914 676 2945 xxvii.
696 2922 738 2953 30
765 2923 772 2953 ;
