1962 3334
622 287 729 320 CAP.
750 286 833 328 XL,
856 285 995 318 VERs.
1017 245 1164 317 8.ὲ-Ν.
1184 273 1368 329 654[f].
1529 294 1533 295 ν
1626 282 1734 327 1733

243 409 478 447 verterunt
502 397 603 444 illas'
632 402 678 442 in
703 400 988 442 idololatriea
1013 405 1060 440 et
1086 399 1291 452 magica;
1332 403 1608 452 quapropter
1632 409 1735 438 cum

242 465 466 520 Aegyptii
495 465 583 506 illis
613 464 836 518 deprivati
866 469 987 510 sunt,
1019 469 1067 503 et
1102 462 1165 502 sic
1201 459 1307 502 faeti
1337 473 1458 502 mere
1489 459 1732 507 naturales,

241 529 367 571 brevi
391 534 495 581 post
520 527 739 568 submersi
763 532 868 567 sunt
898 526 943 566 in
974 525 1086 565 mari
1110 523 1235 576 Suph
1255 537 1265 564 :
1303 536 1383 576 per
1413 536 1528 576 quae
1554 535 1734 575 reprae-

241 591 509 632 sentabatur
538 603 635 631 sors
665 589 843 631 illorum
874 588 949 642 qui
980 587 1180 628 scientiis
1211 586 1460 626 abutuntur
1486 585 1544 626 ad
1570 584 1733 626 confir-

241 653 408 694 manda
436 652 557 693 mala
586 659 633 693 et
663 651 802 702 salsa3
843 650 1136 703 deprivantur
1166 650 1285 689 enim
1316 649 1440 689 omni
1471 649 1733 701 cognitione

242 716 337 757 veri
376 722 423 756 et
459 715 567 755 boni
607 721 711 768 post
742 720 963 763 mortem;
1009 719 1057 754 et
1097 725 1199 752 cum
1240 711 1327 752 illis
1358 712 1580 764 deprivati
1610 718 1731 759 sunt,

241 778 538 832 conjiciuntur
572 778 618 818 in
647 776 884 824 infernum,
916 776 1038 829 quod
1070 776 1208 816 etiam
1239 779 1630 827 repraesentatum
1661 781 1753 815 est*

239 854 321 894 per
349 840 708 882 submersionem
733 839 1072 892 Aegyptiorum
1096 838 1142 878 in
1169 838 1279 878 mari
1306 836 1445 889 Suph.
1506 835 1624 889 Quia
1654 850 1734 889 per

242 903 550 957 “Aegyptum
562 902 582 917 ”
606 900 885 955 significatur
914 901 1118 949 scientia,
1152 914 1211 940 ex
1243 913 1332 954 qua
1362 899 1532 940 homini
1563 899 1731 940 intelli-

95 986 129 1013 -κ
182 1013 187 1022 ⁸
238 967 410 1021 gentia,
436 966 539 1006 ideo
564 965 638 1006 ubi
663 965 814 1018 agitur
838 964 895 1005 de
920 963 1059 1017 Tyro,
1086 963 1250 1004 dicitur

312 1071 419 1114 Quod
441 1072 571 1112 byssus
594 1081 640 1103 ex
662 1069 869 1111 acupictura
886 1080 931 1102 ex
949 1069 1119 1111 Aegypto
1134 1069 1242 1101 fuerit
1260 1069 1446 1110 expansio,
1466 1078 1557 1111 quae
1580 1074 1677 1100 esset
1698 1068 1732 1100 ei

412 1115 450 1147 in
466 1116 610 1156 signum
625 1115 761 1154 (Ezech.
778 1112 923 1146 [dxxvii.
942 1114 995 1154 7);

238 1237 318 1277 per
344 1226 371 1244 “
384 1222 557 1276 Tyrum
568 1222 587 1238 ’¹
612 1221 922 1275 significantur
947 1221 1234 1274 cognitiones
1259 1221 1366 1270 veri,
1394 1227 1441 1262 et
1473 1234 1552 1273 per
1579 1224 1605 1240 ‘⁴
1621 1220 1729 1273 bys-

238 1299 338 1327 sum
368 1300 428 1327 ex
458 1283 716 1338 acupietura
746 1298 807 1325 ex
838 1284 1092 1337 Aegypto’'
1122 1283 1402 1337 significatur
1432 1281 1729 1324 scientificum

237 1363 299 1390 ex
322 1362 431 1390 vero
456 1347 699 1401 spirituali;
735 1345 1033 1400 “acupictura
1043 1347 1063 1361 ”
1084 1354 1155 1388 est
1180 1346 1492 1395 scientificum,
1516 1353 1563 1386 et
1587 1345 1732 1398 “bys-

237 1425 312 1452 sus
323 1411 344 1427 ’'
373 1417 443 1452 est
474 1424 630 1451 verum
659 1409 920 1462 spirituale:
961 1409 1251 1463 “expansio’'
1276 1415 1323 1450 et
1357 1403 1382 1429 ‘⁴
1397 1410 1575 1462 signum
1587 1408 1607 1423 ”
1637 1410 1729 1462 sig-

237 1473 420 1514 nificant
442 1472 869 1520 manifestationem,
894 1485 998 1512 nam
1020 1486 1127 1512 vera
1148 1471 1396 1524 spiritualia
1417 1485 1496 1524 per
1518 1472 1730 1512 scientias

236 1537 591 1585 manifestantur,
615 1542 835 1588 apparent
857 1533 976 1576 enim
998 1549 1078 1588 per
1099 1535 1198 1575 illas
1223 1535 1282 1575 ad
1304 1535 1447 1575 visum
1469 1542 1517 1575 et
1541 1534 1599 1575 ad
1626 1548 1727 1589 per,-

237 1600 495 1653 ceptionem
526 1598 742 1639 naturalis
772 1598 978 1639 hominis.
1040 1597 1266 1650 Quoniam
1302 1598 1454 1638 omnia
1484 1597 1731 1637 scientifica

235 1675 352 1716 quae
377 1662 624 1702 inserviunt
656 1660 876 1714 spirituali
908 1661 1077 1701 homini
1109 1660 1166 1700 ad
1198 1659 1587 1700 confirmationem
1612 1660 1728 1700 veri-

235 1730 397 1773 tatum,
424 1730 530 1764 sunt
560 1737 586 1764 a
612 1723 823 1771 Domino,
851 1736 1014 1775 nempe
1046 1723 1192 1763 omnis
1218 1722 1465 1775 applicatio
1490 1735 1645 1762 eorum
1669 1722 1728 1763 ad

237 1786 545 1828 confirmanda
566 1800 672 1826 vera
697 1792 744 1827 et
769 1785 889 1826 bona
914 1785 1027 1826 caeli
1052 1792 1099 1826 et
1125 1785 1359 1833 ecclesiae,
1387 1785 1490 1825 ideo

306 1891 486 1935 josephus
502 1892 539 1923 in
557 1891 763 1932 Aegyptum
779 1891 919 1922 delatus
935 1898 1001 1928 est,
1020 1897 1057 1922 et
1074 1891 1124 1922 ibi
1142 1889 1260 1922 {adius
1279 1897 1335 1934 est
1353 1891 1464 1922 totius
1483 1897 1599 1922 terrae
1614 1891 1728 1922 domi·

410 1942 514 1967 nator
536 1935 632 1975 (Gen.
648 1935 743 1975 xli.);

235 2055 316 2096 per
338 2042 653 2096 “Josephum‘’
674 2043 793 2083 enim
818 2042 863 2082 in
889 2055 1099 2095 supremo
1119 2055 1255 2082 sensu
1276 2041 1548 2095 intelligitur
1569 2042 1726 2083 Domi-

236 2118 321 2146 nus
344 2105 494 2160 quoad
520 2105 734 2145 Divinum
758 2105 1006 2158 spirituale,
1029 2112 1077 2145 et
1108 2105 1212 2145 inde
1238 2119 1416 2158 quoque
1441 2119 1596 2146 verum
1617 2105 1726 2146 doc-

236 2169 396 2217 trinae,
429 2168 550 2222 quod
590 2168 802 2208 fundatur
833 2181 966 2220 super
995 2167 1253 2208 scientificis
1285 2167 1503 2208 naturalis
1534 2168 1728 2210 hominis

238 2239 408 2277 (utsupra,
421 2229 696 2280 n.448.dic“tum
709 2239 794 2276 eso:
819 2235 866 2269 et
886 2228 991 2281 quia
1013 2228 1233 2268 naturalis
1254 2228 1394 2269 homo
1415 2242 1494 2269 seu
1516 2229 1727 2270 naturale

235 2289 429 2331 hominis
463 2290 806 2331 subordinatum
846 2291 930 2331 erit
971 2289 1203 2342 spirituali,
1242 2297 1291 2330 ut
1331 2291 1543 2331 inservire
1585 2292 1727 2344 possit

237 2352 553 2393 confirmandis
589 2359 637 2393 et
673 2352 975 2406 exsequendis
1011 2352 1254 2404 spiritualis
1289 2353 1483 2394 hominis
1518 2354 1725 2401 arbitriis,

235 2414 340 2456 ideo
377 2414 599 2468 josephus
643 2422 828 2468 propter
871 2415 1336 2467 repraesentationem
1380 2415 1498 2456 illius
1542 2416 1726 2456 dominii

235 2476 379 2519 factus
404 2485 475 2518 est
500 2477 758 2518 dominator
783 2476 1003 2529 Aegypti,
1031 2475 1078 2518 et
1104 2477 1187 2517 sub
1211 2477 1328 2518 illius
1353 2479 1551 2532 auspicio
1575 2479 1656 2519 fuit
1681 2479 1727 2518 in

237 2538 459 2592 Aegypto
489 2553 669 2580 annona
700 2553 778 2580 seu
808 2539 1079 2579 frumentum
1110 2540 1155 2580 in
1186 2540 1479 2588 abundantia,
1507 2555 1646 2594 usque
1677 2548 1727 2582 ut

237 2615 298 2643 ex
328 2615 384 2643 eo
414 2603 689 2642 nutrirentur
719 2602 926 2654 regiones
951 2602 1138 2649 vicinae,
1165 2616 1217 2643 ac
1249 2603 1346 2655 ipsa
1377 2611 1496 2644 terra
1527 2602 1726 2644 Canaan.

239 2663 465 2718 Quoniam
496 2663 681 2706 Salomo
713 2665 1071 2716 repraesentavit
1103 2664 1347 2706 Dominum
1376 2667 1524 2719 quoad
1558 2674 1727 2706 utrum·

237 2740 324 2780 que
345 2740 533 2779 regnum
555 2735 649 2767 tam
672 2727 870 2767 caeleste
892 2740 1026 2779 quam
1048 2727 1293 2779 spirituale,
1316 2735 1363 2768 et
1390 2742 1547 2769 omnes
1569 2729 1642 2781 qui
1668 2729 1727 2768 ab

238 2796 428 2843 utroque
459 2789 537 2830 illo
569 2802 709 2841 regno
745 2795 863 2835 sunt,
897 2802 975 2841 per
1006 2790 1290 2842 cognitiones
1322 2793 1413 2831 veri
1449 2799 1495 2832 et
1533 2791 1638 2831 boni
1669 2804 1722 2832 ac

239 2864 317 2904 per
346 2850 593 2892 scientifica
624 2851 723 2891 illas
755 2849 1081 2899 confirmantia,
1115 2853 1158 2892 in
1189 2853 1493 2906 intelligentia
1524 2860 1569 2894 et
1606 2854 1724 2906 sapi-

238 2913 361 2954 entia
385 2920 503 2962 sunt‚
531 2913 635 2954 ideo
