1962 3334
598 289 714 322 ,CAR
738 290 821 331 1x.,
843 289 982 322 VERS.
1005 289 1179 322 20.-—N.
1206 281 1297 333 588.
1448 288 1455 293 ’
1587 280 1687 331 1481

210 402 390 444 interno
420 416 511 444 non
541 409 612 444 est
644 402 900 450 colendum,
934 402 1014 443 sed
1045 401 1376 443 externum‘ab
1406 402 1600 449 interno,
1628 401 1692 441 ita

210 464 436 506 internum
467 466 511 505 in
542 472 752 513 externo,
780 465 884 506 ideo
914 465 1191 518 prohibitum
1218 464 1298 505 suit
1328 463 1510 517 aliquod
1542 463 1691 517 sculp-

209 526 290 567 tile
325 527 384 567 ad
420 527 761 568 similitudinem
797 527 982 580 alicujus
1017 527 1107 568 vivi
1142 528 1187 567 in
1225 533 1345 568 terra
1376 526 1537 575 facere,
1570 526 1691 579 apud

206 588 375 637 Mosen,

275 682 359 715 “Ne
377 683 518 715 faciatis
538 684 640 715 vobis
659 684 834 725 sculptile,
854 684 992 724 species
1011 684 1119 716 ullius
1139 683 1392 722 similitudinis,
1413 683 1562 724 figuram
1582 683 1692 714 maris

382 733 419 758 et
435 727 598 766 feminae,
612 728 761 767 figuram
775 728 883 759 ullius
897 728 1033 759 bestiae
1050 737 1140 768 quae
1158 727 1195 759 in
1211 734 1315 765 terra,
1329 727 1478 767 figuram
1494 727 1602 758 ullius
1614 728 1692 758 avis

381 770 460 802 alae
479 780 570 811 quae
590 772 689 802 volat
708 772 775 802 sub
792 772 903 809 caelo,
920 771 1070 812 figuram
1086 771 1195 802 ullius
1208 771 1345 811 reptilis
1366 771 1402 801 in
1422 777 1526 808 terra,
1540 770 1690 810 figuram

380 813 488 845 ullius
505 814 614 854 piscis
630 814 691 855 qui
708 814 744 845 in
760 814 864 856 aquis
881 815 947 846 sub
964 814 1087 846 terra”
1103 814 1238 854 (Deutr.
1256 814 1302 846 iv.
1322 814 1426 845 16-18
1441 823 1448 851 ;
1472 823 1548 854 cap.
1565 823 1597 845 v.
1616 814 1668 853 8):

206 907 327 960 quod
357 906 444 948 hoc
475 907 753 961 prohibitum
785 908 930 958 fuerit,
963 914 1061 949 erat
1092 908 1195 962 quia
1225 921 1339 962 gens
1367 907 1555 961 Judaica
1585 921 1691 961 prae

207 970 330 1010 omni
355 969 443 1010 alia
468 977 608 1023 gente
640 971 685 1011 in
711 972 916 1012 externis
948 977 1046 1012 erat
1077 971 1248 1024 absque
1278 971 1480 1020 internis,
1508 977 1555 1012 et
1586 972 1691 1012 inde

205 1033 251 1073 in
272 1031 397 1073 cultu
418 1034 617 1073 omnium
634 1040 929 1074 externorum
947 1047 1061 1087 quae
1078 1040 1242 1086 gentes
1259 1034 1486 1074 vocabant
1504 1032 1662 1075 saneta
1680 1049 1689 1084 ;

205 1100 253 1135 et
283 1100 476 1135 externa
507 1095 655 1136 colere
686 1103 866 1149 praeter
896 1096 974 1136 illa
1004 1110 1130 1149 quae·
1149 1096 1553 1150 repraesentabant
1588 1109 1690 1137 cae—

206 1155 352 1206 lestia,
379 1171 493 1210 quae
518 1164 647 1199 erant
673 1158 832 1207 altare,
860 1158 1125 1199 sacrificium
1148 1173 1280 1212 super
1305 1158 1398 1207 illo,
1423 1158 1690 1200 Tentorium

206 1226 458 1260 conventus
483 1227 530 1261 et
557 1220 812 1274 Templum,
840 1228 937 1262 erat
964 1221 1323 1262 idololatricum:
1366 1222 1478 1263 haec
1510 1223 1691 1276 quidem

203 1281 362 1334 Judaei
392 1284 531 1323 etiam
556 1283 840 1325 idololatrice
871 1285 1113 1335 colebant;
1155 1285 1235 1325 sed
1267 1299 1406 1339 usque
1437 1285 1540 1339 quia
1569 1280 1703 1338 apud

206 1344 309 1385 illos
322 1353 419 1386 erat
434 1345 626 1387 ecclesia
639 1349 1041 1400 repraesentativa,
1055 1348 1381 1401 acceptabatur
1396 1348 1573 1388 illorum
1595 1348 1690 1389 cul·

206 1412 282 1447 tus
298 1414 483 1461 propter
499 1410 981 1462 repraesentationem,
1002 1411 1187 1451 tametsi
1209 1409 1311 1451 illos
1328 1410 1477 1464 quoad
1494 1411 1690 1451 animam

210 1483 365 1510 eorum
396 1484 486 1511 non
517 1471 758 1521 afficiebat,
792 1479 841 1513 ut
878 1479 1088 1514 constare
1125 1480 1280 1527 potest
1317 1487 1377 1514 ex
1412 1474 1546 1514 variis
1577 1487 1691 1527 quae

207 1531 265 1571 de
290 1530 368 1572 illa
391 1539 533 1584 gente
558 1533 603 1572 in
626 1533 827 1574 Arcanis
855 1533 1135 1575 caelestibus
1159 1541 1348 1575 ostensa
1369 1541 1475 1576 sunt
1500 1545 1554 1583 (ex
1576 1546 1693 1583 quibus

211 1601 345 1631 Colleaa
358 1602 526 1631 videantur
539 1603 571 1631 in
584 1604 742 1632 Doflrina
754 1605 864 1633 Novae
875 1605 1120 1642 Hierosolymae,
1136 1614 1167 1634 n.
1183 1606 1271 1643 248).
1329 1594 1393 1636 Et
1413 1596 1517 1648 qula
1538 1595 1690 1635 colere

207 1658 449 1693 externum
475 1653 580 1694 alibi
606 1667 739 1707 quam
766 1655 839 1695 ubi
865 1655 1132 1695 mandatum
1157 1655 1253 1704 fuit,
1281 1656 1401 1709 quod
1433 1662 1531 1697 erat
1557 1656 1691 1709 juxta

206 1713 471 1756 Tentorium
497 1717 542 1755 in
570 1716 752 1757 deserto
777 1723 824 1757 et
850 1716 986 1770 juxta
1011 1717 1252 1771 Templum
1278 1725 1325 1758 et
1356 1719 1401 1758 in
1427 1718 1621 1772 Templo
1646 1719 1691 1759 in

207 1776 540 1830 Hierosolyma,
568 1785 666 1819 erat
698 1779 846 1820 colere
877 1781 1022 1833 ipsum
1053 1782 1490 1833 repraesentativum
1521 1782 1691 1835 absque

205 1839 355 1893 aliqua
389 1841 629 1881 intuitione
665 1842 727 1882 rei
762 1849 1147 1895 repraesentatae,
1180 1843 1245 1883 ita
1281 1843 1427 1884 solum
1463 1850 1690 1885 terrenum

206 1902 376 1956 absque
398 1903 598 1952 caelesti,
621 1904 722 1944 ideo
744 1905 788 1944 id
810 1904 898 1944 illis
920 1905 1195 1958 prohibitum
1217 1905 1325 1956 fuit;
1358 1912 1404 1947 et
1427 1907 1471 1947 in
1494 1914 1688 1955 tantum,

206 1971 255 2006 ut
278 1978 334 2006 ne
356 1966 535 2019 quidem
558 1966 667 2007 talia
685 1967 912 2020 sculptilia
934 1968 1017 2007 sibi
1040 1967 1266 2009 facerent:
1300 1982 1405 2009 nam
1428 1976 1477 2010 ut
1500 1971 1690 2023 primum

206 2025 325 2068 facta
349 2029 580 2077 videbant,
605 2029 858 2070 adorabant
885 2029 988 2080 illa;
1022 2030 1126 2070 talis
1148 2031 1267 2071 enirn
1294 2038 1455 2072 natura
1479 2032 1542 2072 illi
1564 2035 1691 2086 genti

210 2090 368 2131 inerat.
430 2090 564 2143 Quod
601 2098 765 2144 gentes
797 2092 1065 2133 idololatrae
1101 2093 1389 2134 adoraverint
1421 2095 1692 2136 simulachra

206 2165 295 2193 non
319 2154 455 2195 modo
481 2154 730 2202 hominum,
754 2155 834 2195 sed
856 2156 994 2195 etiam
1015 2156 1236 2196 variarum
1258 2157 1518 2206 bestiarum,
1542 2159 1691 2199 avium

205 2221 253 2256 et
280 2216 520 2268 reptilium,
548 2223 645 2257 erat
675 2230 823 2265 causa,
851 2218 954 2271 quia
979 2231 1038 2258 ex
1069 2219 1265 2272 antiquis
1291 2219 1544 2261 habuerunt
1570 2222 1690 2274 quod

205 2276 285 2318 illa
300 2277 650 2331 significaverint
668 2279 884 2320 caelestia
901 2286 947 2320 et
966 2280 1245 2333 spiritualia;
1278 2282 1394 2322 sicut
1412 2283 1530 2335 quod
1551 2287 1577 2303 ‘⁴
1589 2283 1691 2324 bes-

205 2341 297 2382 tiae
311 2341 331 2356 ”
362 2340 636 2391 affectiones,
666 2346 811 2383 “aves
823 2342 843 2357 ”
874 2343 1179 2395 cogitationes
1210 2344 1329 2393 inde,
1366 2346 1613 2399 “reptilia”
1644 2354 1692 2387 et

210 2403 425 2457 “pisces'’
455 2405 644 2445 easdem
675 2405 719 2445 in
751 2406 947 2446 sensuali
978 2406 1172 2447 naturali
1202 2407 1410 2448 homine:
1449 2409 1552 2449 inde
1578 2417 1689 2458 erat,

209 2478 311 2506 cum
327 2467 595 2508 audiverunt
613 2465 770 2508 sancta
791 2467 904 2508 caeli
922 2474 968 2508 et
986 2468 1205 2510 ecclesiae
1222 2483 1302 2523 per
1318 2470 1418 2511 illas
1437 2471 1689 2524 significari,

70 2534 74 2535 ’
129 2563 139 2566 -
170 2560 174 2563 .
206 2529 328 2582 quod
350 2528 414 2569 illi
436 2530 509 2582 qui
535 2530 579 2570 in
598 2537 794 2571 externo
811 2530 935 2571 cultu
957 2530 1126 2584 absque
1144 2531 1294 2585 aliquo
1315 2534 1494 2574 interno
1515 2534 1690 2575 suerunt

207 2592 458 2645 inceperint
484 2592 563 2633 illa
587 2592 761 2642 colere;
795 2593 909 2633 sicut
936 2592 1173 2648 Aegyptii,
1200 2608 1252 2635 ac
1279 2596 1383 2636 inde
1409 2595 1484 2636 filii
1512 2597 1691 2637 Israelis

205 2654 251 2695 in
282 2654 478 2703 deserto,
511 2668 563 2696 ac
595 2662 758 2708 postea
792 2656 837 2696 in
869 2654 1086 2704 Samaria,
1118 2657 1299 2706 vitulos,
1333 2672 1392 2699 ex
1423 2672 1559 2700 causa
1589 2660 1693 2712 quia

209 2721 236 2736 “
248 2716 377 2757 vituli
391 2716 411 2731 ''
427 2717 546 2770 apud
562 2718 774 2771 antiquos
791 2717 1108 2770 significabant
1123 2719 1266 2760 bonas
1280 2719 1539 2762 affectiones
1557 2728 1692 2762 natu—

206 2778 311 2820 ralis
337 2779 542 2820 hominis.

286 2847 420 2900 388.
448 2847 589 2892 “Quae
602 2861 732 2901 nequo
750 2848 882 2889 videro
891 2853 1077 2901 possunt,
1094 2862 1225 2903 nequo
1241 2850 1396 2898 audire,
1411 2863 1543 2904 nequo
1557 2851 1694 2892 ambu-

207 2906 532 2960 lan.''-Quod
544 2907 770 2961 significet
781 2909 830 2950 in
842 2908 1003 2962 quibus
1018 2915 1062 2950 et
1071 2923 1128 2950 ex
1137 2909 1298 2963 quibus
1310 2910 1433 2952 nihil
1444 2909 1690 2952 intelledus
