1962 3334
231 316 246 345 1
256 315 337 357 324
639 312 969 345 APOCALYPSIS
1001 311 1299 344 EXPLICATA.

223 435 359 473 erant
398 425 444 472 in
467 425 649 488 *caudis
688 424 895 479 illarum;
946 435 995 471 et
1036 434 1251 487 potestas
1295 421 1476 470 illarum
1519 420 1713 469 laedere

223 501 447 549 homines
473 501 722 548 mensibus
749 501 978 563 quinque.

298 594 314 624 1
333 594 368 624 1.
419 577 482 623 Et
510 577 756 624 habebant
788 593 936 638 super
967 593 1020 623 se
1054 593 1236 639 regem,
1267 574 1494 639 angelum
1525 573 1714 636 abyssi;

224 670 404 700 nomen
425 653 468 700 ei
492 653 731 699 Hebraice
750 652 1013 706 Abaddon,
1028 662 1076 699 et
1096 652 1142 698 in
1163 652 1350 699 Graeca
1367 667 1546 698 nomen
1566 649 1716 696 habet

224 725 486 789 Apollyon.

300 816 371 846 12.
421 800 529 846 Vae
566 817 715 846 unum
752 799 1007 861 praeteriit,
1042 816 1153 845 ecce
1190 798 1392 845 veniunt
1426 797 1583 844 adhue
1619 796 1717 843 duo

226 893 319 923 vae
345 886 456 938 post
481 875 614 922 haec.

301 969 316 998 1
330 968 371 1012 3.
422 952 484 998 Et
503 962 669 998 sextus
688 951 892 1014 angelus
913 950 1100 1004 clanxit‚
1123 961 1172 997 et
1195 950 1356 997 audivi
1377 967 1551 997 vocem
1570 965 1718 1016 unam

226 1045 287 1074 ex
313 1038 522 1090 quatuor
546 1028 771 1074 cornibus
797 1027 953 1074 altaris
978 1027 1111 1073 aurei
1137 1027 1271 1088 quod
1295 1043 1461 1073 coram
1488 1026 1617 1078 Deo,

300 1121 316 1150 1
327 1119 370 1163 4.
420 1105 680 1151 Dicentem
697 1114 837 1150 sexto
851 1102 1027 1166 angelo
1042 1103 1123 1165 qui
1138 1102 1354 1149 habebat
1368 1102 1551 1156 tubam,
1569 1099 1719 1148 Solve

227 1191 433 1242 quatuor
448 1180 652 1244 angelos
670 1179 860 1226 vinctos
877 1179 939 1226 ad
956 1180 1137 1226 flumen
1155 1195 1387 1242 magnum
1406 1178 1719 1240 Euphratem.

302 1274 317 1303 1
331 1258 372 1303 5.
424 1257 485 1303 Et
501 1256 642 1304 soluti
660 1267 773 1303 sunt
788 1267 996 1318 quatuor
1014 1255 1186 1319 angeli,
1205 1255 1286 1317 qui
1307 1255 1463 1317 parati
1484 1255 1531 1301 in
1551 1254 1719 1302 horam

229 1343 278 1380 et
299 1334 427 1380 diem
449 1344 496 1380 et
516 1350 738 1380 mensem
755 1344 803 1380 et
822 1350 1017 1386 annum,
1035 1343 1086 1379 ut
1106 1332 1385 1379 occiderent
1400 1332 1591 1378 tertiam
1611 1348 1719 1394 par-

228 1421 330 1471 tem
356 1410 621 1456 hominum.

304 1487 375 1530 16.
427 1484 490 1530 Et
520 1500 750 1530 numerus
777 1482 1075 1530 exercituum
1106 1482 1362 1544 equitatus,
1389 1481 1514 1528 duae
1544 1480 1719 1543 myria-

231 1560 318 1607 des
345 1559 641 1622 myriadum;
681 1570 730 1606 et
754 1559 915 1606 audivi
942 1576 1198 1605 numerum
1225 1557 1425 1605 illorum.

304 1648 373 1694 17.
425 1636 485 1682 Et
515 1636 581 1682 ita
612 1636 706 1681 vidi
737 1653 891 1697 equos
924 1635 971 1681 in
1003 1635 1204 1688 visione,
1236 1645 1285 1681 et
1318 1634 1547 1681 sedentes
1577 1650 1724 1695 super

231 1712 331 1766 illis,
362 1712 600 1759 habentes
634 1711 856 1758 thoraces
891 1712 1064 1774 igneos
1097 1721 1147 1758 et
1179 1710 1518 1773 hyacinthinos
1549 1719 1599 1756 et
1629 1709 1721 1756 sul-

230 1788 468 1851 phureos;
510 1798 560 1834 et
580 1788 737 1850 capita
757 1804 993 1849 equorum
1019 1787 1140 1834 sicut
1164 1787 1318 1849 capita
1336 1785 1557 1840 leonum;
1595 1795 1644 1832 et
1662 1803 1724 1832 ex

230 1865 391 1912 oribus
418 1864 602 1911 illorum
630 1864 781 1910 exivit
806 1863 929 1926 ignis
955 1874 1004 1910 et
1028 1863 1187 1910 fumus
1213 1874 1262 1910 et
1286 1861 1502 1924 sulphur.

305 1943 375 1988 18.
425 1941 473 1987 A
499 1941 650 1987 tribus
675 1940 747 1986 his
778 1940 936 1987 occisa
965 1950 1038 1986 est
1067 1940 1208 1986 tertia
1237 1957 1347 2002 pars
1373 1939 1637 1992 hominum,
1664 1955 1725 1985 ex

231 2018 344 2080 igne
371 2027 419 2063 et
445 2034 506 2063 ex
532 2017 664 2063 fumo
690 2027 739 2063 et
763 2033 824 2062 ex
849 2015 1079 2078 sulphure
1106 2026 1317 2062 exeunte
1344 2033 1407 2062 ex
1432 2015 1595 2062 oribus
1621 2013 1722 2061 illo-

231 2109 350 2139 rum.

305 2182 377 2224 19.
428 2166 555 2212 Nam
586 2176 803 2228 potestas
838 2164 1025 2212 illorum
1056 2165 1103 2211 in
1135 2182 1218 2212 ore
1250 2163 1435 2211 illorum
1465 2173 1582 2217 erat,
1609 2180 1722 2211 nam

233 2242 415 2289 caudae
442 2241 628 2288 illorum
659 2240 839 2287 similes
869 2241 1189 2303 serpentibus,
1215 2240 1455 2287 habentes
1485 2239 1651 2302 capita,
1678 2250 1728 2287 et

233 2319 281 2364 in
307 2318 380 2364 his
406 2317 619 2364 laedunt.

304 2410 377 2441 20.
427 2395 489 2440 Et
514 2394 683 2456 reliqui
708 2393 945 2447 homines,
966 2394 1048 2456 qui
1074 2410 1171 2440 non
1197 2393 1338 2440 occisi
1363 2402 1478 2439 sunt
1502 2392 1549 2439 in
1575 2391 1728 2456 plagis

234 2471 322 2524 his,
350 2488 510 2533 neque
537 2471 887 2533 paenitentiam
919 2480 1126 2533 egerunt
1155 2487 1215 2516 ex
1242 2470 1471 2531 operibus
1496 2486 1727 2516 manuum

236 2564 445 2599 suarum,
472 2557 524 2593 ut
554 2564 651 2593 non
683 2547 941 2593 adorarent
971 2546 1243 2599 daemonia,
1270 2555 1319 2592 et
1351 2544 1480 2592 idola
1508 2562 1655 2592 aurea
1679 2556 1729 2592 et

235 2633 470 2686 argent-ea
486 2633 534 2669 et
551 2640 695 2670 aerea
712 2634 760 2669 et
775 2622 963 2684 lapidea
979 2633 1028 2669 et
1047 2622 1221 2685 lignea,
1239 2638 1365 2683 quae
1383 2638 1545 2683 neque
1562 2620 1727 2668 videre

238 2709 454 2761 possunt,
481 2716 641 2761 neque
668 2699 849 2752 audire,
877 2716 1038 2761 neque
1069 2697 1328 2745 ambulare.

308 2791 331 2820 2
346 2792 382 2822 1.
434 2776 496 2821 Et
522 2792 619 2821 non
641 2785 847 2838 egerunt
867 2775 1215 2836 paenitentiam
1238 2791 1299 2820 ex
1319 2772 1588 2820 homicidiis
1612 2773 1726 2825 suis,

238 2869 399 2913 neque
427 2869 488 2898 ex
515 2851 916 2897 incantationibus
942 2851 1054 2902 suis,
1082 2867 1242 2912 neque
1269 2867 1329 2896 ex
1356 2848 1727 2896 scortationibus

236 2929 351 2982 suis,
378 2945 537 2990 neque
565 2945 626 2974 ex
653 2927 785 2973 furtis
817 2927 928 2973 suis.
