1962 3334
295 263 402 318 1786
704 272 1037 307 APOCALYPSIS
1069 275 1368 309 EXPLICATA.

289 391 396 425 sunt
428 398 508 438 per
538 383 906 438 conjunffionem
937 399 1038 427 cum
1069 388 1274 428 externis
1305 387 1486 428 illorum
1518 397 1588 435 (sed
1608 399 1648 428 de
1666 398 1727 428 hac
1746 407 1780 428 re

288 455 457 484 videantur
469 456 562 492 plura
574 455 603 483 in
619 456 775 493 opusculo
789 457 839 485 De
858 456 974 486 Ultimo
990 456 1132 496 Judicio,
1146 467 1177 487 n.
1191 458 1258 495 70).
1319 447 1421 487 HOC
1445 447 1637 488 inVOlVit
1655 447 1778 501 qUOd

290 507 556 547 mandatum
595 507 651 547 sit
690 507 864 548 duobus
902 508 1096 549 testibus
1133 515 1181 549 ut
1217 509 1558 550 “ascenderent
1595 510 1639 549 in
1675 523 1778 550 cae-

290 568 396 613 lum.
415 569 434 584 '’
466 575 511 609 et
541 583 717 623 quoque
744 569 864 624 quod
891 585 969 624 per
995 571 1039 611 id
1065 571 1343 624 significetur
1369 571 1529 612 tutela.

370 647 505 700 670.
536 648 614 687 “ft
627 648 906 688 ascenderunt
918 648 957 687 in
972 649 1130 689 caelum
1143 648 1182 687 Ιη
1198 647 1536 700 nube.¹'—-Quod
1555 648 1779 701 significet

289 709 615 760 separationem
647 710 795 762 quoad
825 710 1012 758 interna,
1046 717 1088 750 et
1116 724 1263 750 eorum
1294 710 1562 758 tutationem,
1596 716 1781 751 constat

289 784 349 810 ex
390 770 721 824 significatione
761 773 1045 813 “ascendere
1090 774 1134 812 in
1176 772 1390 820 caelum,”
1428 786 1529 813 cum
1571 772 1626 812 de
1666 772 1781 812 binis

290 834 499 882 testibus,
534 834 653 887 quod
691 835 749 875 sit
786 836 1013 888 separatio
1046 850 1072 876 a
1109 835 1252 884 malis,
1286 836 1359 888 qui
1392 848 1553 888 nempe
1585 835 1628 875 in
1659 834 1782 875 falsis

290 894 524 935 doctrinae
556 909 614 936 ex
647 896 777 936 malis
807 898 930 936 vitae
962 903 1082 945 sunt,
1115 902 1161 936 et
1193 910 1372 949 quoque
1403 896 1551 936 tutela
1587 906 1642 944 (de
1665 905 1783 943 quain

290 976 365 996 mox
388 969 598 1005 praecedente
621 969 765 1004 articulo,
789 979 820 999 n.
844 959 970 1011 669);
1019 965 1065 999 et
1103 973 1162 999 CX
1202 958 1534 1011 Significatione
1570 957 1782 1005 ί(ΓῙῌῙ)Ῑ5,”

290 1023 410 1076 quod
442 1024 500 1064 sit
532 1022 740 1064 ultimum
774 1023 924 1063 Divini
951 1023 1059 1064 Veri
1096 1037 1174 1064 seu
1211 1030 1452 1063 externum
1480 1023 1633 1070 Verbi,
1662 1021 1782 1076 quod

289 1094 482 1128 vocatur
507 1102 667 1128 sensus
694 1088 877 1129 litterae
903 1088 996 1140 ejus
1028 1099 1083 1137 (de
1098 1108 1162 1136 qua
1176 1108 1281 1136 supra,
1298 1108 1328 1128 n.
1347 1088 1410 1139 36,
1431 1098 1552 1140 594);
1584 1087 1671 1128 hoc
1698 1101 1781 1127 ex-

290 1158 469 1193 ternum
497 1160 566 1194 est
592 1154 635 1193 in
662 1168 750 1207 quo
777 1154 914 1194 etiam
942 1153 1090 1206 plures
1118 1153 1223 1193 mali
1250 1159 1367 1201 sunt,
1394 1166 1497 1192 nam
1525 1166 1683 1193 omnes
1709 1152 1782 1205 qui

290 1215 457 1256 malam
484 1217 625 1257 vitam
652 1223 808 1270 agunt,
838 1218 1022 1257 tametsi
1048 1218 1091 1256 in
1119 1217 1321 1257 externis
1348 1222 1466 1262 sunt.
1493 1230 1630 1269 usque
1657 1216 1782 1268 cogi-

291 1285 394 1319 tant
426 1279 469 1319 in
503 1294 550 1320 se
577 1286 738 1332 contra
763 1294 869 1320 vera
895 1285 941 1319 et
974 1279 1093 1320 bona
1119 1279 1273 1327 Verbi,
1303 1277 1534 1319 doetrinae
1563 1285 1609 1319 et
1636 1278 1782 1319 eccle-

290 1343 410 1392 siae;
444 1356 580 1383 causa
603 1349 672 1383 est
699 1343 801 1396 quia
827 1344 869 1382 in
897 1356 1050 1383 amore
1083 1342 1189 1382 mali
1217 1349 1319 1382 sunt
1352 1356 1410 1382 ex
1444 1343 1550 1389 vita,
1580 1348 1626 1382 et
1658 1355 1785 1382 amor

291 1406 432 1446 trahit
474 1406 689 1446 interiora
725 1406 904 1454 mentis,
939 1406 1002 1445 ita
1040 1406 1221 1458 spiritus
1258 1404 1351 1456 ejus
1394 1405 1712 1456 cogitationes,
1739 1404 1783 1443 in

293 1483 396 1509 suas
419 1475 598 1522 partes;
631 1475 906 1521 quapropter
928 1468 1004 1515 illi,
1030 1468 1135 1508 dum
1159 1468 1239 1508 sibi
1267 1467 1374 1507 solis
1396 1465 1537 1507 relicti
1560 1467 1782 1519 cogitant,

292 1546 472 1585 prorsus
505 1538 677 1584 negant
719 1531 795 1571 illa
832 1545 946 1584 quae
983 1545 1059 1571 ore
1096 1544 1248 1571 coram
1281 1519 1450 1570 niundo
1482 1529 1782 1578 confitentur;

291 1595 378 1636 hoc
412 1601 668 1643 externum,
703 1594 822 1647 quod
858 1595 996 1634 etiam
1033 1594 1166 1633 datur
1197 1593 1315 1646 apud
1352 1593 1512 1645 impios
1544 1598 1589 1632 et
1623 1591 1782 1639 malos,

292 1664 362 1698 est
386 1658 506 1711 quod
529 1657 599 1697 hic
624 1657 893 1709 intelligitur
914 1670 993 1709 per
1012 1656 1214 1696 “nubem
1232 1655 1266 1695 :''
1289 1669 1424 1708 quare
1447 1655 1566 1708 quod
1587 1658 1784 1694 “ascen-

293 1721 441 1761 derint
474 1722 517 1760 in
551 1720 726 1761 caelum
763 1721 806 1760 in
840 1719 988 1760 nube‘'
1015 1718 1239 1772 significat
1271 1719 1604 1771 separationem
1636 1717 1785 1770 quoad

293 1785 485 1832 interna,
507 1797 596 1823 non
620 1789 773 1823 autem
793 1783 941 1836 quoad
964 1789 1180 1823 externa:
1215 1782 1333 1835 quod
1356 1780 1638 1833 intelligatur
1655 1793 1785 1833 sepa-

293 1847 411 1887 ratio
434 1847 583 1900 quoad
606 1847 784 1887 interna
806 1853 852 1886 et
877 1859 966 1885 non
990 1845 1138 1899 quoad
1162 1851 1367 1890 externa,
1393 1850 1461 1883 est
1485 1844 1587 1896 quia
1609 1843 1786 1883 interna

293 1910 502 1950 binorum
535 1910 721 1950 testium
753 1914 882 1949 erant
915 1907 1163 1961 spiritualia
1194 1914 1240 1948 et
1273 1906 1501 1954 caelestia,
1530 1912 1577 1946 at
1609 1906 1787 1945 interna

296 1972 517 2012 malorum
544 1971 780 2012 infernalia
812 1978 858 2012 et
890 1971 1139 2021 diabolica;
1179 1983 1230 2010 ac
1264 1971 1441 2010 interna
1467 1967 1714 2021 spiritualia
1740 1973 1786 2007 et

294 2036 511 2086 caelestia
534 2034 771 2076 actualiter
793 2041 898 2075 sunt
921 2035 964 2074 in
988 2033 1131 2082 caelo,
1156 2047 1291 2087 quare
1315 2033 1476 2072 dicitur
1498 2031 1618 2084 quod
1644 2030 1784 2070 “illuc

295 2098 624 2147 ascenderint,”
656 2098 715 2138 ob
755 2111 936 2138 causam
978 2103 1026 2137 ut
1063 2110 1088 2136 a
1125 2096 1254 2136 malis
1292 2101 1607 2148 separarentur
1637 2092 1786 2146 quoad

295 2164 488 2211 interna,
523 2175 578 2202 ne
615 2161 692 2202 illa
729 2161 1027 2201 laederentur.
1089 2159 1155 2200 Ut
1192 2160 1359 2199 sciatur
1394 2158 1499 2211 quid
1533 2161 1786 2196 “ascensus

295 2225 523 2273 testium,''
555 2226 805 2266 occisorum
838 2230 884 2265 et
916 2237 1063 2264 rursus
1095 2222 1356 2268 viventium,
1386 2222 1467 2260 “in
1495 2217 1716 2267 caelum,”
1742 2219 1785 2258 in

296 2289 445 2341 specie
477 2286 682 2335 involvit,
711 2287 864 2340 paucis
894 2286 1080 2327 dicetur.
1143 2285 1195 2325 In
1226 2284 1312 2324 fine
1345 2283 1578 2330 ecclesiae,
1606 2281 1787 2335 quando

297 2364 388 2391 non
415 2350 525 2390 fides
552 2350 654 2403 quia
680 2363 770 2390 non
794 2349 1008 2396 charitas,
1034 2355 1140 2389 tunc
1168 2348 1381 2388 interiora
1404 2346 1544 2386 Verbi
1576 2344 1786 2385 manifes-

296 2420 467 2462 tantur,
496 2427 610 2466 quae
636 2413 904 2453 inservitura
930 2417 1034 2451 sunt
1061 2424 1205 2451 novae
1233 2410 1451 2450 ecclesiae
1479 2422 1558 2462 pro
1583 2405 1788 2447 doctrina

297 2483 343 2518 et
366 2477 483 2516 vita:
510 2476 595 2516 hoc
619 2474 784 2516 sactum
808 2481 877 2515 est
896 2474 952 2514 ab
971 2474 1076 2527 Ipso
1096 2473 1292 2513 Domino
1310 2472 1490 2525 quando
1507 2470 1606 2510 finis
1624 2469 1786 2510 Eccle-

297 2541 389 2580 siae
428 2539 642 2592 Judaicae
674 2538 902 2587 instabat;
949 2537 1050 2590 Ipse
1088 2543 1194 2577 tunc
1229 2536 1449 2575 Dominus
1490 2535 1534 2574 in
1572 2533 1785 2574 mundum

299 2603 439 2650 venit,
468 2608 514 2643 et
541 2602 754 2642 interiora
780 2600 921 2641 Verbi
953 2600 1141 2653 aperuit,
1169 2598 1385 2651 imprimis
1411 2598 1467 2637 de
1498 2595 1554 2637 Se
1582 2596 1701 2649 Ipso,
1731 2595 1786 2635 de

298 2679 451 2706 amore
478 2666 521 2705 in
555 2665 720 2717 Ipsum,
749 2664 806 2704 de
837 2677 990 2704 amore
1023 2676 1130 2715 erga
1162 2662 1431 2715 proximum,
1460 2666 1505 2700 et
1537 2660 1593 2699 de
1625 2658 1711 2698 fide
1743 2658 1786 2698 in

299 2730 467 2783 Ipsum,
487 2742 601 2781 quae
624 2729 742 2781 prius
760 2727 998 2767 recondita
1020 2726 1249 2765 latuerunt
1271 2725 1314 2764 in
1333 2723 1615 2764 interioribus
1631 2721 1784 2769 Verbi,

298 2793 400 2846 quia
422 2792 465 2832 in
484 2790 883 2844 repraesentativis
907 2788 1012 2841 ejus,
1033 2794 1079 2828 et
1105 2788 1208 2828 inde
1231 2788 1274 2827 in
1299 2787 1484 2840 singulis
1503 2785 1722 2826 ecclesiae
1740 2790 1786 2823 et

299 2854 473 2904 cultus;
511 2853 587 2894 illa
612 2853 763 2906 itaque
790 2866 908 2900 vera,
933 2864 1047 2904 quae
1075 2851 1295 2891 Dominus
1321 2850 1502 2896 retexit,
1527 2853 1655 2888 erant
1681 2859 1786 2886 vera

298 2918 512 2959 interiora
539 2922 584 2957 et
610 2916 654 2956 in
680 2929 728 2956 se
755 2914 1015 2969 spiritualia,
1036 2927 1150 2970 quae
1175 2920 1336 2968 postea
1362 2912 1686 2953 inserviverunt
1709 2922 1783 2950 ec-
