1962 3334
303 277 406 319 1442
716 276 1047 310 APOCALYPSIS
1079 278 1376 311 EXPLICATA.

363 388 469 430 Quod
490 389 609 421 velum
631 395 714 421 ante
733 399 854 421 arcam
872 400 915 421 ex
936 390 1183 430 hyacinthino,
1202 401 1368 432 purpura,
1389 391 1560 424 coccineo
1577 392 1736 434 dibapho
1754 399 1792 426 et

473 433 624 473 byssino
645 439 782 465 textum
800 433 917 471 fuerit,
936 434 1111 472 videatur,
1130 435 1239 466 Exod.
1259 435 1354 467 xxvi.
1372 443 1410 474 31
1428 445 1435 473 ;

362 476 467 516 Quod
487 476 655 508 similiter
671 482 921 516 tegumentum
939 487 1004 517 pro
1022 478 1116 510 ostio
1135 477 1309 516 Tentorii,
1327 488 1419 510 vers.
1438 479 1489 517 36,
1507 479 1556 511 ibi
1571 489 1578 518 ;

362 519 455 550 Tum
473 520 569 560 quod
586 526 837 560 tegumentum
855 526 981 560 portae
1002 521 1094 559 atrii,
1111 522 1221 553 Exod.
1239 522 1349 553 xxvii.
1369 523 1429 559 16:

362 562 468 604 Quod
486 563 690 595 loramenta
706 574 814 604 super
830 574 894 595 ora
911 564 1028 595 aulaei
1047 565 1194 596 tentorii
1213 571 1337 597 essent
1354 575 1398 597 ex
1414 566 1661 607 hyacinthino,
1679 567 1790 599 Exod.

471 617 564 638 xxvi.
583 616 623 645 4;

361 649 467 691 Quod
486 651 604 690 ephod
622 657 719 682 esset
738 661 783 682 ex
799 661 898 689 auro,
915 651 1162 692 hyacinthino,
1182 662 1351 693 purpura,
1370 653 1540 684 coccineo
1559 653 1717 694 dibapho
1737 653 1792 685 in-

470 694 643 732 tertextis,
662 695 772 726 Exod.
791 695 910 726 xxviii.
929 695 969 730 6:

362 736 407 768 Et
423 747 564 778 quoque
582 736 763 778 pectorale
780 738 915 779 judicii,
935 739 1017 771 ibid.
1033 750 1122 771 vers.
1141 747 1188 778 15.

361 780 467 822 Quod
485 781 634 813 Aharon
655 787 690 813 et
708 782 770 813 filii
788 782 877 822 ejus,
897 792 977 814 cum
996 783 1312 823 proficiscerentur
1330 783 1366 814 in
1384 783 1539 822 deserto,
1557 783 1687 816 darent
1704 794 1791 824 pan-

469 835 555 856 num
586 825 810 866 hyacinthini
839 836 949 866 super
981 836 1110 863 arcam,
1139 837 1246 867 super
1280 837 1443 858 mensam
1472 827 1655 866 facierum,
1682 837 1791 868 super

469 869 726 900 candelabrum
748 875 783 900 et
807 869 996 905 lucernas:
1028 879 1135 909 super
1160 871 1271 901 altare
1297 880 1457 909 aureum,
1479 877 1515 902 et
1538 881 1647 912 super
1666 872 1791 902 omnia

469 922 559 944 vasa
576 913 778 952 ministerii,
796 914 906 944 Num.
926 913 970 944 iv.
989 914 1018 950 ὁ,
1039 921 1066 951 7,
1085 923 1115 953 9,
1137 922 1184 952 11,
1207 922 1266 951 12;

295 1013 354 1040 ex
399 1013 549 1050 causa,
596 1002 700 1054 quia
747 1001 962 1042 Divinum
1003 1001 1174 1042 Verum
1221 1002 1472 1056 procedens
1518 1017 1577 1043 ex
1623 1002 1789 1044 Divino

295 1062 483 1112 Amore,
508 1064 627 1117 quod
651 1064 931 1117 significatur
954 1078 1032 1118 per
1057 1069 1081 1085 “
1096 1078 1294 1118 pannum
1317 1065 1641 1118 hyacinthini,”
1662 1079 1788 1107 com·

294 1124 507 1179 plectitur
533 1132 579 1167 et
612 1132 789 1167 tutatur
815 1128 966 1168 omnia
998 1126 1157 1168 sancta
1188 1127 1301 1169 caeli
1333 1134 1379 1169 et
1411 1127 1645 1177 ecclesiae,
1674 1142 1788 1182 quae

295 1203 374 1243 per
389 1189 465 1230 illa
483 1190 956 1243 repraesentabantur.
1020 1189 1246 1243 Quoniam
1268 1191 1651 1244 “hyacinthinum
1662 1191 1682 1206 ’'
1696 1192 1788 1245 sig-

295 1251 510 1293 nificabat
538 1252 786 1294 caelestem
813 1266 1015 1294 amorem
1040 1254 1147 1303 veri,
1183 1254 1285 1295 ideo
1312 1254 1578 1295 mandatum
1605 1260 1703 1295 erat

372 1340 422 1373 Ut
442 1341 504 1372 filii
527 1341 673 1373 Israelis
693 1342 854 1373 facerent
874 1342 943 1373 sibi
964 1342 1294 1382 peniculamentum
1316 1353 1422 1383 super
1439 1343 1515 1375 alas
1533 1343 1717 1382 vestium„
1732 1368 1739 1376 .
1753 1369 1760 1375 .
1775 1369 1783 1376 .

470 1392 505 1416 et
522 1395 630 1425 super
650 1385 738 1416 illud
759 1386 887 1417 darent
907 1385 1005 1417 filum
1023 1386 1259 1427 hyacinthini,
1277 1393 1316 1418 ut
1334 1387 1368 1418 in
1387 1387 1546 1418 videndo
1567 1387 1656 1418 illud
1672 1397 1790 1419 recor·

469 1429 642 1460 darentur
658 1429 822 1460 omnium
841 1435 1115 1470 praeceptorum
1129 1429 1291 1471 Jehovae
1309 1436 1344 1462 et
1361 1430 1522 1462 facerent
1535 1440 1578 1462 ea
1594 1431 1719 1471 (Num.
1731 1440 1789 1463 xv.

470 1473 520 1511 38,
537 1472 611 1513 39);

294 1548 368 1590 hic
399 1547 560 1589 “filum
593 1548 878 1601 hyacinthini
893 1548 912 1563 ’'
945 1549 1183 1590 manifeste
1210 1563 1290 1603 pro
1316 1550 1633 1591 recordatione
1658 1552 1788 1604 prae-

295 1618 531 1666 ceptorum
571 1611 800 1665 Jehovae3
855 1619 1102 1666 praecepta
1147 1612 1349 1665 Jehovae
1393 1619 1497 1654 sunt
1542 1614 1639 1666 ipsa
1683 1628 1790 1654 vera

294 1675 408 1717 caeli
440 1682 486 1716 et
518 1675 754 1724 ecclesiae,
789 1682 835 1716 et
870 1676 1165 1716 recordantur
1196 1675 1259 1716 illi
1296 1676 1380 1716 soli
1411 1677 1484 1730 qui
1521 1677 1565 1717 in
1597 1677 1788 1719 caelesti

293 1751 447 1779 amore
479 1739 571 1779 veri
603 1745 722 1779 sunt.
785 1737 919 1791 Quod
954 1738 1340 1791 “hyacinthinum
1353 1738 1373 1754 ''
1404 1739 1628 1792 significet
1661 1754 1788 1782 amo-

293 1813 388 1843 rem
413 1803 520 1851 veri,
550 1803 687 1843 etiam
714 1808 927 1843 constare
955 1809 1110 1855 potest
1133 1816 1193 1843 ex
1219 1802 1288 1843 his
1314 1803 1432 1856 apud
1457 1802 1744 1854 Ezechielem,

361 1893 529 1935 “Byssus
551 1893 587 1924 in
608 1891 815 1933 acupictura
834 1903 879 1924 ex
899 1893 1068 1934 Aegypto
1093 1893 1161 1924 fuit
1184 1893 1360 1933 expansio
1385 1899 1456 1932 tua,
1477 1899 1516 1925 ut
1539 1900 1636 1926 esset
1661 1895 1726 1927 tibi
1751 1895 1789 1927 in

469 1937 612 1977 signum
630 1946 636 1975 ;
665 1937 942 1977 hyacinthinum
964 1942 999 1968 et
1019 1947 1176 1977 purpura
1200 1947 1244 1968 ex
1269 1937 1398 1968 insulis
1420 1937 1584 1969 Elischae
1603 1938 1670 1969 fuit
1690 1944 1790 1979 tegu-

471 1987 633 2012 mentum
651 1986 750 2012 tuum
768 1990 791 2018 ;.
806 2005 813 2012 .
827 2005 834 2012 .
850 1981 1110 2020 ,negotiatores
1131 1981 1181 2011 tui
1198 1990 1279 2011 cum
1297 1979 1591 2020 perfectionibus,
1610 1991 1691 2013 cum
1711 1982 1789 2022 glo-

470 2024 628 2055 metibus
645 2023 869 2064 hyacinthini
887 2030 922 2055 et
941 2022 1117 2064 acupicto,
1136 2030 1171 2055 et
1191 2033 1270 2055 cum
1292 2025 1468 2056 thesauris
1486 2025 1640 2056 vestium
1658 2026 1790 2066 pretio-

469 2077 592 2099 sarum
604 2067 622 2079 ''
640 2067 760 2107 (xxvii.
780 2075 808 2106 7,
828 2067 882 2107 24)
897 2078 903 2099 ε

294 2153 407 2194 haec
435 2153 490 2194 de
514 2153 651 2205 Tyro,
678 2166 756 2206 per
778 2166 913 2206 quam
936 2151 1215 2205 significatur
1242 2152 1435 2194 ecclesia
1457 2154 1606 2207 quoad
1629 2155 1787 2207 cogni-

295 2217 444 2257 tiones
477 2217 594 2266 veri3
637 2217 702 2256 ita
734 2230 910 2269 quoque
944 2229 1023 2269 per
1056 2215 1181 2256 illam
1215 2215 1528 2269 significantur
1562 2218 1786 2270 cognitio-

262 2312 263 2316 ,
294 2292 375 2320 nes
401 2279 493 2320 veri
525 2292 638 2332 quae
671 2279 918 2319 ecclesiae:
963 2292 1013 2320 ac
1049 2293 1127 2332 per
1155 2279 1504 2319 “mercaturas”
1531 2286 1577 2320 et
1607 2284 1786 2333 “nego-

294 2342 540 2383 tiationes’'
567 2341 659 2394 ejus
685 2342 729 2382 in
756 2355 811 2382 eo
838 2342 988 2395 capite
1013 2341 1281 2382 describitur
1306 2343 1590 2395 comparatio
1616 2343 1786 2384 intelli-

294 2405 479 2458 gentiae
534 2418 613 2457 per
666 2404 767 2445 illas
817 2405 1103 2457 cognitiones
1128 2417 1136 2444 :
1199 2418 1278 2457 per
1329 2408 1354 2424 “
1374 2403 1678 2458 acupicturam
1727 2420 1786 2446 ex

294 2467 549 2521 Aegypto”
572 2461 852 2520 significatur
877 2467 1067 2508 scientia
1090 2467 1247 2507 talium
1276 2480 1389 2521 quae
1412 2467 1632 2509 ecclesiae
1654 2475 1784 2519 sunt;

294 2544 408 2584 quae
431 2531 533 2584 quia
554 2536 624 2571 est
648 2531 691 2570 in
714 2530 920 2571 inferiore
944 2529 1046 2570 loco
1073 2535 1119 2570 et
1146 2530 1207 2570 sic
1232 2530 1521 2571 circumcirca
1543 2530 1615 2571 vel
1638 2537 1783 2579 extra,

294 2594 457 2634 dicitur
487 2593 608 2647 quod
645 2593 721 2633 illa
758 2599 880 2634 esset
916 2592 1209 2646 “expansio'’
1241 2599 1287 2633 et
1322 2593 1404 2633 “in
1436 2594 1614 2646 signum
1632 2593 1665 2633 :'’
1708 2607 1787 2647 per

264 2678 266 2680 v
296 2656 685 2709 “hyacinthinum
712 2661 759 2696 et
787 2668 1028 2708 purpuram
1061 2669 1120 2696 ex
1152 2655 1307 2695 insulis
1339 2655 1553 2696 Elischae
1573 2656 1592 2671 ’'
1614 2656 1784 2710 signifi—

294 2725 422 2760 catur
437 2718 679 2772 spiritualis
695 2717 870 2759 affectio
886 2718 978 2759 veri
993 2724 1039 2759 et
1058 2718 1163 2758 boni
1181 2732 1190 2768 ;
1217 2731 1354 2771 quare
1369 2717 1445 2758 illa
1460 2718 1669 2759 dicuntur
1685 2732 1783 2759 esse

296 2782 392 2822 “ad
411 2785 730 2834 tegumentum
748 2780 781 2831 ;”
813 2795 891 2834 per
908 2784 932 2801 “
947 2780 1294 2834 tegumentum’'
1308 2779 1586 2833 significatur
1599 2794 1752 2822 verum
1772 2794 1780 2821 :

292 2858 372 2898 per
393 2844 657 2897 “glomeres
675 2844 960 2896 hyacinthini
983 2850 1029 2884 et
1054 2842 1339 2897 acupi&um'’
1356 2843 1666 2897 significantur
1683 2857 1780 2884 om-

293 2908 366 2948 nia
383 2921 489 2949 vera
508 2907 757 2961 spiritualia
772 2913 817 2949 et
837 2906 1059 2948 naturalia
1077 2921 1086 2959 ;
1111 2920 1224 2960 quae
1244 2907 1380 2948 etiam
1400 2920 1486 2948 una
1505 2920 1605 2948 cum
1624 2907 1782 2960 cogni-
