1962 3334
629 295 736 328 CAP.
759 295 840 336 XL,
862 294 1002 327 vssnsi
1029 293 1198 338 13.—-N.
1219 283 1315 338 677.
1470 276 1473 279 ’
1611 285 1711 327 1801

234 414 369 450 extra
389 408 489 450 illas
507 424 516 459 ;
544 409 661 450 intra
678 410 925 450 societates
943 414 1012 449 est
1035 414 1254 449 constans
1272 407 1404 461 quale
1427 414 1574 449 status
1592 409 1714 449 vitae

231 471 436 524 cujusvis,
461 485 566 512 nam
588 473 774 525 quisque
794 472 972 512 habitat
994 471 1054 511 ibi
1076 471 1133 511 ad
1159 470 1358 524 plagam,
1382 478 1429 511 et
1456 485 1634 524 quoque
1657 471 1713 511 ad

229 535 496 575 distantiam
537 549 562 575 e
603 535 766 584 medio,
799 534 1046 575 secundum
1079 533 1212 586 quale
1243 547 1349 574 suae
1381 532 1629 574 affectionis
1665 540 1712 574 et

229 610 336 637 suae
366 597 726 650 intelligentiae;
766 610 902 650 quare
933 597 1182 637 secundum
1214 596 1301 636 hoc
1334 596 1466 649 quale
1508 603 1578 636 est
1619 595 1713 648 ejus

228 671 422 710 nomen;
460 660 564 700 inde
599 666 670 701 est
710 659 830 713 quod
871 672 973 699 cum
1014 659 1193 699 auditur
1233 672 1402 699 nomen
1443 658 1627 711 alicujus
1667 659 1711 698 in

229 722 467 771 societate,
495 729 801 775 cognoscatur
831 723 969 763 etiam
1001 721 1133 774 quale
1164 721 1282 773 ejus;
1316 735 1375 762 ex
1407 735 1461 761 eo
1488 728 1558 762 est
1591 722 1711 774 quod

227 797 306 836 per
333 785 570 825 “nomen’'
601 785 645 825 in
677 798 812 826 sensu
843 783 1063 838 spirituali
1095 783 1374 836 significetur
1405 783 1539 837 quale
1570 784 1632 824 rei
1664 790 1711 824 et

227 853 374 888 status
404 849 551 888 vitae:
595 854 643 889 at
674 855 808 889 extra
840 849 1085 889 societates
1118 848 1432 888 denominatio
1464 847 1710 888 secundum

226 910 359 964 quale
385 917 533 951 status
562 911 685 951 vitae
709 910 895 963 alicujus
927 923 1017 951 non
1049 916 1272 951 constans
1304 917 1403 960 est;
1442 923 1546 951 nam
1578 917 1710 951 ante-

226 986 360 1026 quam
382 973 521 1013 homo
543 973 724 1026 spiritus
748 973 793 1013 in
815 973 1012 1026 aliquam
1035 973 1306 1013 societatem
1327 973 1468 1021 venit,
1493 973 1709 1026 percurrit

225 1036 302 1077 ille
333 1035 482 1090 plures
513 1042 677 1084 status,
711 1036 770 1076 ob
808 1035 943 1076 finem
985 1041 1034 1075 ut
1075 1041 1214 1076 exuat
1257 1035 1567 1075 discordantia
1607 1048 1708 1075 cum

225 1105 448 1152 regnante
480 1098 573 1150 ejus
614 1112 780 1146 amore,
809 1105 855 1139 et
894 1098 1052 1138 induat
1092 1088 1421 1139 concordantia
1463 1111 1564 1138 cum
1601 1097 1708 1148 illo;

226 1161 306 1202 sed
346 1174 485 1214 usque
526 1161 785 1201 nominatur
816 1161 1002 1214 quisque
1034 1161 1283 1201 secundum
1319 1167 1493 1201 statum
1534 1162 1578 1201 in
1620 1175 1709 1214 quo

225 1229 310 1272 est,
338 1230 385 1264 et
417 1237 593 1276 quoque
619 1223 866 1264 secundum
893 1223 1041 1263 ideam
1073 1230 1119 1264 et
1152 1224 1494 1276 perceptionem
1527 1224 1583 1264 de
1614 1223 1708 1276 ejus

225 1284 344 1338 quali
365 1291 526 1326 status.
589 1284 723 1338 Quod
751 1286 933 1326 nomina
959 1286 1002 1325 in
1031 1286 1201 1326 mundo
1228 1285 1447 1339 spirituali
1469 1286 1707 1326 enuntien-

224 1353 297 1387 tur
317 1346 629 1399 spiritualiter,
648 1346 859 1387 videatur
880 1360 1015 1400 supra
1037 1357 1082 1395 (n.
1109 1357 1256 1396 102[a])
1274 1361 1283 1397 ;
1316 1348 1436 1400 quod
1459 1348 1563 1387 inde
1585 1351 1707 1387 “no-

224 1405 361 1446 men’'
391 1405 436 1446 in
466 1404 625 1445 Verbo
655 1405 879 1458 significet
919 1406 1054 1459 quale
1085 1412 1235 1446 status
1266 1407 1388 1446 vitae
1419 1417 1464 1455 (n.
1495 1408 1615 1457 148);
1659 1414 1707 1447 et

223 1466 343 1520 quod
374 1467 478 1507 inde
506 1470 710 1507 “nomen
739 1466 982 1519 Jehovae,'’
1007 1481 1059 1508 ac
1088 1471 1293 1508 “nomen
1320 1468 1542 1516 Domini,”
1568 1469 1706 1521 signi·
1764 1478 1767 1479 ’

226 1528 342 1589 ficet*
361 1529 512 1569 omnia
552 1542 631 1582 per
669 1542 784 1583 quae
811 1528 985 1577 colitur,
1014 1531 1078 1570 ita
1118 1531 1269 1570 omnia
1312 1532 1477 1570 amoris
1518 1537 1564 1571 et
1604 1530 1706 1571 fidei

224 1600 270 1636 (n.
292 1599 380 1634 102,
402 1598 522 1641 135);
554 1595 600 1629 et
626 1589 748 1643 quod
773 1590 981 1630 “homo’'
1002 1591 1047 1630 in
1068 1590 1227 1631 Verbo
1250 1591 1479 1643 significet
1502 1591 1705 1632 affectio-

226 1662 331 1689 nem
351 1650 446 1689 veri
470 1649 768 1702 spiritualem,
787 1655 834 1690 et
860 1650 964 1690 inde
981 1649 1267 1690 intellectum
1285 1652 1379 1691 veri
1402 1661 1448 1699 (n.
1465 1653 1560 1696 280,
1580 1651 1702 1704 546):

224 1725 284 1751 ex
316 1711 473 1764 quibus
499 1717 710 1751 constare
742 1717 897 1764 potest
928 1711 1033 1764 quid
1066 1711 1346 1764 significatur
1378 1726 1456 1766 per
1484 1714 1707 1753 “nomina

221 1773 492 1813 hominum.’'
553 1772 686 1825 Quod
714 1774 925 1826 perierint
951 1787 1058 1814 vera
1083 1774 1203 1822 boni,
1229 1776 1417 1827 proinde
1443 1774 1702 1816 intellectus

221 1835 295 1888 qui
321 1849 381 1876 ex
412 1835 513 1883 illis,
540 1849 617 1888 per
638 1836 861 1888 insignem
885 1837 1184 1877 mutationem
1211 1843 1371 1886 status,
1396 1852 1509 1891 quae
1535 1838 1704 1891 signifi-

223 1903 352 1938 catur
373 1911 452 1950 per
468 1901 652 1938 “terrae
671 1904 844 1939 motum
863 1899 1117 1951 magnum‚’'
1135 1912 1269 1939 causa
1290 1900 1334 1940 in
1357 1914 1467 1940 mox
1490 1902 1705 1954 superiori

222 1959 412 2000 articulo
444 1958 564 2000 dieta
593 1966 690 2010 est;
728 1973 891 2013 nempe
922 1961 1041 2014 quod
1072 1962 1116 2000 in
1148 1960 1235 2001 fine
1267 1962 1500 2011 ecclesiae,
1524 1964 1704 2016 quando

221 2022 362 2063 instat
401 2022 607 2062 ultimum
641 2022 869 2075 judicium,
902 2023 1159 2064 auferantur
1199 2023 1262 2063 illi
1299 2025 1372 2077 qui
1414 2025 1705 2078 spiritualiter

221 2085 328 2126 boni
351 2091 456 2125 sunt
478 2086 536 2125 ab
561 2085 649 2125 illis
674 2086 746 2138 qui
769 2085 914 2126 solum
938 2086 1228 2136 naturaliter;
1262 2094 1308 2127 et
1336 2101 1436 2127 cum
1463 2088 1526 2128 illi
1552 2089 1608 2129 ab
1634 2089 1704 2129 his

221 2147 362 2188 ablati
401 2154 519 2195 sunt,
559 2154 665 2188 tunc
704 2149 843 2189 etiam
879 2149 936 2189 ab
979 2149 1047 2188 his
1073 2149 1229 2189 ablata
1266 2156 1371 2191 sunt
1409 2152 1561 2191 omnia
1597 2166 1704 2193 vera

221 2210 340 2258 boni,
357 2210 545 2262 proinde
563 2211 701 2251 etiam
719 2212 864 2251 omnis
887 2209 1145 2251 intellectus
1163 2213 1255 2252 veri
1273 2227 1281 2262 ;
1311 2226 1415 2253 nam
1433 2214 1551 2266 apud
1570 2221 1703 2255 natu-

220 2275 351 2323 rales,
379 2275 536 2328 quibus
563 2275 673 2315 nihil
699 2276 929 2329 spirituale
955 2282 1040 2324 est,
1067 2290 1174 2316 vera
1205 2283 1251 2317 et
1284 2278 1403 2320 bona
1429 2280 1627 2321 resident
1658 2282 1702 2320 in

220 2339 440 2386 externis,
460 2351 511 2379 ac
535 2338 647 2378 falsa
669 2345 716 2379 et
742 2339 862 2379 mala
883 2340 927 2379 in
946 2340 1160 2389 internis;
1192 2340 1296 2380 inde
1319 2354 1419 2381 curn
1443 2342 1704 2383 auferuntur

219 2399 342 2447 boni,
362 2412 463 2439 cum
485 2399 646 2452 quibus
667 2400 817 2453 quoad
835 2406 1031 2440 externa
1048 2402 1509 2442 communicationem
1531 2403 1702 2444 habue-

219 2459 338 2511 runt,
361 2462 499 2501 etiam
521 2461 783 2502 auferuntur
801 2468 1011 2510 externa,
1035 2468 1082 2502 et
1105 2468 1267 2515 patent
1289 2464 1483 2510 interna.
1503 2479 1633 2518 quae,
1653 2474 1701 2506 ut

219 2522 388 2563 dictum
414 2530 499 2571 est,
523 2530 704 2564 scatent
730 2538 756 2564 a
786 2537 909 2564 mere
934 2524 1058 2564 falsis
1083 2524 1217 2564 mali:
1249 2526 1354 2566 inde
1380 2533 1450 2567 est
1476 2528 1597 2580 quod
1623 2542 1703 2581 per

218 2585 298 2625 illa
322 2585 462 2625 verba
491 2585 772 2637 significetur
802 2586 923 2639 quod
954 2586 1206 2638 [¹]perierint
1231 2588 1352 2640 apud
1382 2589 1502 2637 illos,
1529 2590 1602 2642 qui
1632 2604 1702 2630 re·

219 2653 499 2694 manserunt,
516 2648 669 2687 omnia
682 2661 790 2688 vera
811 2648 933 2696 boni,
953 2654 999 2688 et
1022 2660 1125 2689 curn
1146 2648 1254 2702 [his]
1275 2652 1422 2691 omnis
1440 2652 1701 2692 intellectus

217 2710 326 2750 veri.
385 2725 389 2731 ·

297 2781 423 2834 6¹77.
462 2781 539 2821 “ft
555 2781 705 2835 reliqui
719 2782 858 2822 territi
872 2783 980 2823 facti
992 2786 1319 2839 sun{.''—-Quod
1342 2787 1566 2840 significet
1588 2802 1700 2828 com-

219 2842 449 2883 motionem
466 2843 612 2884 animi
625 2850 667 2884 et
681 2846 1003 2887 conversionem
1019 2847 1199 2888 illorum
1214 2849 1295 2902 qui
1306 2849 1587 2902 aliquantum
1603 2864 1625 2890 s
1622 2851 1700 2902 pi-

220 2903 411 2945 rituales
428 2905 634 2957 fuerunt,
667 2913 850 2948 constat
886 2922 945 2949 ex
981 2909 1312 2963 significatione
1346 2911 1700 2964 “reliquorum,”
