1962 3334
281 272 388 325 1870
687 281 1018 316 APOCALYPSIS
1050 283 1350 316 EXPLICATA.

450 392 633 426 confracta
649 401 704 427 est
721 401 839 433 terra„
855 421 862 427 .
877 421 883 427 .
899 396 1175 428 ,commovendo
1189 403 1370 428 commota
1386 402 1440 428 est
1457 403 1559 436 terra,
1574 398 1760 430 titubando

447 439 686 521 gttssliblatlterrg
703 440 797 513 51ἰὲαὲ
799 440 938 523 Oe)brius,
955 446 990 471 et
1009 440 1090 472 hinc
1110 441 1192 472 inde
1211 447 1457 472 commovetur
1474 441 1565 473 sicut
1581 442 1732 482 tigillum
1744 441 1762 454 '⁹

547 506 554 513 ·
594 507 602 520 t
621 491 662 521 3‘
687 508 693 521 5
754 500 777 504 -
846 494 853 515 2

273 576 394 629 quod
420 576 491 617 hic
518 590 597 629 per
622 580 829 618 “terram
842 577 862 592 ’‘
885 591 974 618 non
1001 578 1284 630 intelligatur
1307 584 1426 619 terra
1452 579 1531 619 sed
1554 579 1759 626 ecclesia,

273 639 459 692 quisque
491 640 643 680 videre
674 646 860 693 potest;
902 641 1022 694 quod
1058 642 1123 681 ita
1159 641 1334 682 dicatur
1365 642 1420 682 de
1452 641 1657 689 ecclesia,
1691 649 1760 682 est

274 703 376 755 quia
417 709 564 743 terrae
605 703 649 742 in
695 703 864 743 mundo
905 703 1139 756 spirituali,
1182 718 1313 757 super
1353 704 1510 757 quibus
1550 703 1760 745 habitant

272 764 424 817 angeli
451 771 497 806 et
530 766 726 818 spiritus,
755 766 911 806 taliter
943 772 991 806 ut
1023 766 1094 806 hic
1128 767 1304 815 dicitur,
1333 767 1580 807 secundum
1613 773 1760 808 muta-

274 827 422 868 tiones
464 834 612 868 status
653 828 872 869 ecclesiae
914 829 1033 882 apud
1074 828 1357 870 habitatores
1397 830 1470 878 ibi,
1512 836 1759 878 mutantur,

270 890 412 932 immo
439 892 576 931 etiam
603 898 960 932 commoventur.
1024 890 1158 944 Quod
1185 892 1360 933 dicatur
1388 892 1629 945 “Jehovah
1656 907 1760 934 eva-

274 965 412 993 cuans
431 960 598 994 terram
622 960 667 994 et
691 955 958 995 exinaniens
977 954 1116 1002 eam,'’
1135 961 1231 995 tum
1252 955 1553 996 “evacuando
1570 969 1761 996 evacua-

272 1015 405 1064 bitur,
431 1022 476 1056 et
500 1016 738 1069 spoliando
761 1016 1066 1070 spoliabitur‚”
1090 1024 1159 1057 est
1187 1018 1288 1071 quia
1311 1024 1457 1058 terrae
1483 1018 1556 1066 ibi,
1580 1019 1761 1072 quando

272 1078 465 1119 ecclesia
491 1079 608 1132 apud
641 1079 742 1120 illos
775 1079 1059 1128 devastatur,
1088 1094 1268 1133 prorsus
1297 1087 1443 1121 mutat
1470 1080 1604 1121 facies
1631 1094 1759 1132 suas;

273 1141 551 1194 paradisiaca
582 1142 655 1190 ibi,
691 1142 864 1190 floreta,
893 1143 1050 1191 vireta,
1079 1149 1125 1183 et
1157 1142 1342 1196 reliqua,
1377 1158 1435 1184 ex
1468 1144 1626 1197 quibus
1657 1143 1761 1185 illae

274 1210 422 1245 terrae
455 1206 573 1257 prius
605 1205 862 1253 floruerant,
896 1212 1203 1255 evanescunt;
1246 1212 1292 1246 et
1325 1220 1405 1259 pro
1436 1206 1524 1246 illis
1555 1207 1761 1247 existunt

274 1268 526 1316 inamoena,
556 1273 603 1308 ut
630 1281 833 1316 arenosa,
858 1274 1031 1320 rupeta,
1057 1269 1202 1321 campi
1229 1270 1427 1321 vepretis
1453 1274 1500 1309 et
1527 1270 1761 1309 senticetis

273 1329 408 1383 pleni,
437 1343 488 1371 ac
517 1329 692 1378 similia,
721 1344 835 1383 quae
862 1331 1220 1383 correspondent
1252 1331 1375 1371 salsis
1408 1338 1453 1371 et
1486 1330 1616 1371 malis
1648 1345 1761 1384 quae

272 1392 569 1433 devastarunt
615 1392 868 1433 ecclesiam.
946 1393 1217 1433 Devastatio
1263 1393 1355 1446 ejus
1401 1394 1549 1446 quoad
1594 1394 1761 1434 bonum

272 1456 437 1495 amoris
464 1462 510 1496 et
536 1455 774 1496 charitatis
797 1455 1076 1508 significatur
1102 1470 1180 1508 per
1204 1460 1461 1496 “evacuare
1485 1456 1692 1504 terram,''
1715 1463 1761 1498 et

274 1517 499 1558 desolatio
531 1517 623 1570 ejus
661 1518 808 1571 quoad
847 1532 952 1558 vera
990 1517 1221 1559 doctrinae
1259 1526 1305 1559 et
1343 1518 1445 1559 fidei
1483 1518 1761 1572 significatur

275 1594 353 1633 per
391 1581 661 1621 “exinanire
703 1587 749 1621 et
792 1581 985 1633 spoliare
1027 1581 1192 1629 illam,''
1223 1587 1269 1621 et
1311 1582 1407 1634 ipsa
1449 1582 1643 1622 mutatio
1685 1596 1762 1635 per

277 1648 519 1684 “evertere
542 1643 676 1684 facies
695 1643 787 1696 ejus
805 1644 839 1683 :”
868 1647 893 1664 “
911 1643 1098 1696 lugebit,
1119 1644 1418 1684 confundetur
1440 1650 1559 1684 terra
1581 1644 1760 1684 habita-

277 1706 404 1757 bilis;
440 1706 721 1759 languescet,
756 1706 1055 1747 confundetur
1080 1707 1226 1756 orbis;
1262 1704 1519 1747 malediCtio
1551 1707 1760 1747 comedet

275 1769 482 1817 terram,‘’
505 1768 729 1822 significat
757 1770 876 1822 quod
904 1783 994 1809 non
1021 1769 1187 1822 aliquid
1213 1769 1272 1810 ibi
1299 1775 1473 1810 crescet
1499 1775 1546 1809 et
1569 1769 1759 1818 florebit,

272 1833 352 1873 sed
390 1832 510 1885 quod
548 1831 802 1872 sterilescet
840 1838 886 1872 et
924 1831 1183 1885 implebitur
1220 1832 1465 1880 inutilibus,
1505 1846 1563 1872 ex
1602 1832 1760 1885 quibus

276 1902 396 1935 terra
427 1895 590 1935 dicitur
623 1894 856 1947 “lugere,’‘
892 1894 1223 1947 “languescere
1237 1894 1256 1908 ”
1288 1901 1333 1935 et
1369 1894 1582 1934 “comedi
1619 1893 1759 1935 male-

273 1956 521 2007 dictione;”
568 1957 670 2010 quia
715 1957 827 1997 haec
874 1956 984 1997 fiunt
1026 1957 1207 2010 quando
1247 1956 1530 1997 habitatores
1570 1956 1629 1996 ibi
1670 1970 1759 1997 non

271 2020 463 2073 amplius
488 2026 646 2060 curant
669 2018 826 2060 saneta
847 2020 1079 2067 ecclesiae,
1105 2020 1207 2059 ideo
1230 2019 1405 2067 dicitur,
1433 2023 1534 2059 “ex
1561 2032 1615 2059 eo
1640 2019 1759 2072 quod

272 2083 544 2135 transgressi
584 2083 674 2123 sint
716 2083 856 2135 leges,
900 2082 1264 2123 transcenderint
1307 2088 1546 2130 statutum,
1588 2082 1759 2122 irritum

271 2146 550 2187 reddiderint
573 2145 730 2186 foedus
753 2144 1079 2186 aeternitatis.'¹
1141 2144 1366 2197 Quoniam
1388 2151 1535 2185 terrae
1561 2144 1620 2184 ibi
1643 2157 1758 2184 nunc

271 2209 560 2257 inundantur,
586 2222 702 2249 nunc
727 2209 1060 2256 concutiuntur,
1086 2209 1223 2248 etiam
1251 2208 1321 2248 hic
1349 2214 1395 2248 et
1422 2207 1480 2247 ibi
1507 2207 1686 2248 hiscunt
1713 2213 1760 2248 et

272 2278 433 2326 patent
460 2286 613 2312 versus
640 2272 858 2312 infernum
892 2272 1011 2325 quod
1043 2271 1155 2311 infra
1186 2277 1256 2311 est
1289 2277 1334 2311 et
1367 2285 1415 2311 se
1447 2270 1611 2319 elevat,
1639 2270 1759 2323 quod

271 2334 321 2375 fit
348 2335 594 2375 secundum
621 2334 752 2388 quale
779 2341 824 2375 et
852 2341 1071 2387 quantum
1098 2333 1210 2373 falsa
1241 2340 1287 2374 et
1315 2333 1435 2373 mala
1461 2339 1684 2380 amantur,
1713 2339 1758 2373 et

271 2398 375 2438 inde
402 2398 521 2438 bona
547 2404 592 2438 et
618 2412 726 2438 vera
751 2397 970 2438 ecclesiae
997 2395 1289 2436 falsificantur
1315 2402 1360 2436 et
1391 2402 1628 2449 negantur,
1657 2396 1759 2436 ideo

274 2461 436 2501 dicitur
467 2461 586 2513 quod
616 2459 913 2501 “cataractae
945 2460 1002 2500 ab
1033 2459 1129 2500 alto
1161 2460 1431 2512 aperiantur,
1465 2458 1759 2499 fundamenta

272 2530 420 2564 terrae
447 2530 835 2572 commoveantur,
865 2529 985 2563 terra
1011 2522 1333 2574 confringatur,
1362 2535 1412 2562 ac
1440 2521 1608 2561 titubet
1641 2522 1755 2561 sicut

271 2586 419 2626 ebrius
438 2585 471 2635 ;”
515 2586 626 2626 haec
665 2587 802 2626 etiam
835 2584 1073 2626 actualiter
1104 2584 1215 2624 fiunt
1248 2585 1291 2624 in
1324 2584 1492 2623 mundo
1524 2583 1756 2636 spirituali,

271 2649 452 2702 quando
484 2654 631 2688 status
669 2648 887 2688 ecclesiae
925 2654 1125 2688 mutatur
1160 2647 1219 2687 ibi
1255 2648 1298 2687 in
1335 2647 1621 2686 contrarium.
1683 2645 1757 2685 Ex

271 2712 340 2752 his
367 2718 577 2752 constare
605 2718 758 2764 potest
786 2711 904 2751 unde
931 2717 1001 2751 est
1029 2711 1147 2764 quod
1175 2724 1253 2764 per
1281 2714 1485 2751 “terram
1498 2709 1516 2724 ”
1542 2709 1612 2750 hic
1640 2715 1685 2750 et
1713 2710 1755 2748 in

273 2775 428 2816 Verbo
454 2774 559 2815 alibi
586 2767 870 2827 intelligatur
896 2773 1101 2814 ecclesia.
