1962 3334
567 279 673 313 cAP.
695 279 778 318 x1.,
799 276 940 309 VERS.
966 275 1137 319 13.—N.
1157 262 1325 318 675[b].
1488 283 1491 285 -
1580 268 1686 312 1797

208 395 399 438 amoris:
431 408 566 449 quare
591 407 670 447 per
693 391 814 446 quod
841 394 867 411 “
883 395 1080 443 coquent
1105 388 1263 429 decem
1289 384 1497 426 mulieres
1522 394 1687 436 panem

208 460 255 500 in
274 459 403 499 furno
427 471 517 498 uno
533 457 555 472 '⁹
578 454 856 508 significatur
879 452 1000 506 quod
1025 452 1069 492 in
1095 450 1303 491 omnibus
1324 446 1544 493 ecclesiae
1569 443 1688 498 apud

210 521 441 562 hominem
466 526 562 560 tam
588 530 743 571 parum
774 516 882 556 boni
912 521 958 555 et
988 514 1081 554 veri
1111 514 1170 553 sit
1202 518 1250 552 ut
1276 511 1353 550 vix
1379 508 1573 562 aliquid;
1609 521 1690 560 per
1715 516 1720 521 ·

151 586 162 591 ‘
213 584 410 624 “decem
436 581 643 622 mulieres
654 579 674 594 ”
699 577 1009 631 significantur
1033 576 1184 616 omnia
1209 573 1443 620 ecclesiae,
1467 585 1547 624 per
1570 574 1689 624 “pa-

212 659 317 687 nem
326 645 347 660 ’¹
368 643 645 697 significatur
665 642 834 682 bonum
858 646 906 680 et
931 652 1086 679 verum
1110 651 1225 691 quae
1246 637 1443 677 animam
1470 634 1687 679 nutriunt,

212 714 260 750 et
290 721 370 761 per
396 705 644 747 “furnum”
670 703 947 757 significatur
978 702 1051 742 ubi
1082 701 1206 741 cibus
1233 698 1475 752 spiritualis
1500 709 1691 750 praepa-

212 777 350 818 ratur,
372 770 436 810 ita
460 769 598 809 homo
621 767 740 820 apud
761 778 920 819 quem:
953 778 1032 818 per
1055 763 1254 803 “referre
1276 774 1440 814 panem
1462 759 1660 812 pondere
1672 759 1692 773 ''

213 831 491 885 significatur
520 828 720 871 defectus
758 835 805 869 et
842 827 1027 881 penuria
1061 825 1220 866 talium
1255 837 1371 877 quae
1402 821 1695 876 spiritualiter

214 895 430 936 nutriunt.
490 892 628 946 Apud
654 890 934 938 Sachariam,

280 989 461 1021 “Venient
483 988 603 1029 populi
627 987 728 1018 multi
750 993 786 1018 et
807 992 933 1026 gentes
957 994 1168 1016 numerosae
1191 983 1236 1014 ad
1259 983 1500 1023 quaerendum
1518 981 1694 1023 Jehovam
1736 1008 1739 1010 .

387 1031 546 1063 Zebaoth
564 1031 601 1061 in
623 1030 885 1069 Hierosolyma,
902 1034 938 1059 et
955 1028 1000 1059 ad
1018 1027 1278 1067 deprecandum
1298 1026 1406 1057 facies
1425 1025 1583 1067 Jehovae
1598 1035 1623 1056 :.
1637 1049 1646 1056 .
1658 1049 1667 1055 .
1681 1049 1689 1056 .

387 1076 424 1106 in
444 1075 567 1106 diebus
591 1074 660 1105 illis
682 1073 951 1113 apprehendent
968 1072 1090 1102 decem
1110 1071 1176 1101 viri
1199 1079 1244 1101 ex
1266 1070 1433 1100 omnibus
1457 1069 1588 1107 linguis
1610 1078 1697 1106 gen-

388 1118 487 1155 tium,
507 1118 601 1148 alam
621 1117 687 1148 viri
706 1116 887 1157 Jehudaei,
905 1115 1066 1151 dicendo,
1092 1113 1226 1145 Ibimus
1245 1113 1439 1150 vobiscum,
1459 1113 1541 1153 quia
1562 1111 1697 1142 audivi-

388 1171 468 1192 mus
486 1160 601 1191 Deum
618 1160 801 1191 vobiscum
816 1158 835 1170 ''
850 1158 934 1198 (viii.
951 1166 1003 1196 22,
1021 1158 1095 1196 23):

217 1256 330 1298 haec
368 1254 488 1296 dista
520 1260 625 1294 sunt
662 1254 719 1294 de
756 1253 1087 1294 convocatione
1118 1257 1166 1292 et
1196 1251 1458 1291 accessione
1488 1250 1696 1302 gentium

219 1319 278 1360 ad
299 1317 538 1359 ecclesiam
564 1330 591 1357 a
617 1316 841 1365 Domino;
873 1322 921 1355 et
947 1328 1026 1367 per
1048 1314 1244 1354 “decem
1266 1314 1385 1353 viros
1408 1327 1467 1353 ex
1490 1312 1697 1352 omnibus

221 1380 416 1434 1inguis”
445 1378 755 1432 significantur
783 1391 941 1418 omnes
971 1391 1031 1417 ex
1061 1389 1326 1430 quacunque
1356 1375 1590 1427 religione,
1622 1375 1697 1427 qui

219 1457 381 1496 nempe
423 1442 645 1482 “veniunt
689 1441 747 1480 ad
790 1439 1095 1493 quaerendum
1132 1438 1355 1491 jehovam
1401 1437 1608 1477 Zebaoth
1652 1438 1698 1476 in

222 1504 578 1557 Hierosolyma,”
602 1503 688 1544 hoc
716 1509 800 1550 est,
828 1503 901 1556 qui
926 1502 1143 1542 accedere
1168 1501 1225 1541 ad
1251 1500 1491 1541 ecclesiam
1517 1507 1564 1540 et
1586 1513 1697 1540 con-

221 1568 337 1609 fiteri
368 1567 611 1607 Dominum
642 1565 827 1615 volunt;
865 1579 1000 1617 quare
1034 1564 1230 1604 “decem
1260 1563 1373 1603 viri'’
1403 1570 1508 1603 sunt
1540 1576 1699 1603 omnes

220 1629 299 1677 illi,
331 1636 379 1670 et
411 1629 631 1681 “linguae
661 1628 864 1680 gentium
878 1627 898 1641 ”
929 1633 1033 1666 sunt
1063 1626 1297 1678 religiosa:
1340 1626 1420 1666 sed
1452 1625 1564 1666 haec
1596 1638 1700 1665 cum

220 1690 402 1743 reliquis
422 1689 664 1728 videantur
684 1701 819 1740 supra
842 1697 1064 1738 (n.433[d])
1091 1686 1339 1738 explicata,
1362 1686 1437 1726 ubi
1461 1693 1699 1726 ostensum

222 1751 343 1804 quod
374 1764 453 1803 per
479 1749 882 1800 “Hierosolymam
894 1748 914 1762 ”
939 1761 1030 1787 non
1055 1747 1337 1799 intelligatur
1363 1747 1698 1799 Hierosolyma,

222 1826 305 1854 nec
331 1827 410 1866 per
437 1812 692 1864 “Judaeum
704 1811 724 1825 ”
748 1810 906 1863 aliquis
929 1810 1138 1862 judaeus.
1199 1810 1336 1862 Apud
1362 1809 1592 1857 Amosum,

287 1908 307 1922 “
318 1907 414 1939 Dixit
424 1905 595 1948 Jehovah,
604 1931 611 1937 .
625 1930 633 1937 .
647 1931 654 1938 .
663 1905 870 1945 snperbiam
881 1905 1003 1946 Jacobi
1017 1910 1053 1935 et
1066 1904 1197 1944 palatia
1207 1904 1284 1943 ejus
1298 1905 1358 1935 odi
1372 1914 1380 1939 :
1399 1905 1481 1935 inde
1491 1904 1701 1935 concludam

394 1951 516 1981 urbem
530 1956 566 1980 et
581 1949 836 1988 plenitudinem
849 1948 927 1988 ejus
940 1957 964 1985 ;.
978 1972 986 1979 .
999 1948 1046 1979 .si
1057 1946 1170 1978 relic‘ti
1183 1947 1314 1978 fuerint
1325 1948 1447 1978 decem
1458 1948 1524 1978 viri
1540 1949 1577 1979 in
1593 1949 1702 1979 domo

394 2003 475 2031 una,
492 1991 716 2023 morientur”
731 1992 789 2030 (vi.
807 1991 837 2029 8,
854 1993 908 2031 9):

224 2101 303 2142 per
325 2086 616 2139 “superbiam
640 2085 837 2138 jacobi,”
858 2091 905 2125 et
931 2098 1009 2137 per
1025 2084 1245 2137 f‘palatia
1271 2083 1404 2136 ejus,”
1425 2098 1539 2137 quae
1562 2084 1701 2137 Jeho-

223 2150 312 2190 vah
337 2150 447 2197 odit,
474 2148 752 2201 significatur
776 2161 902 2188 amor
927 2154 973 2187 et
1005 2146 1116 2187 fides
1141 2146 1239 2187 falsi
1264 2147 1382 2200 apud
1412 2147 1515 2188 illos
1540 2149 1615 2201 qui
1643 2148 1701 2188 ab

226 2211 444 2261 ecclesia3
487 2225 565 2264 per
597 2210 888 2262 “superbiam
902 2209 921 2223 ”
956 2223 1083 2249 amor
1117 2209 1230 2257 falsi,
1269 2216 1315 2250 et
1352 2223 1431 2262 per
1464 2210 1703 2263 “palatia”

225 2274 322 2326 ipsa
351 2273 477 2321 falsa,
511 2286 625 2326 quae
659 2271 896 2325 “palatia”
926 2272 1135 2311 dicuntur
1164 2272 1266 2324 quia
1296 2278 1400 2312 sunt
1431 2273 1622 2324 superbi,
1655 2279 1703 2314 et

224 2336 327 2388 quia
350 2335 462 2375 falsa
483 2348 636 2375 eorum
658 2335 701 2374 in
725 2333 917 2374 externa'
936 2333 1079 2374 forma
1100 2340 1324 2374 exornata
1345 2341 1464 2381 sunt,
1490 2341 1537 2375 ut
1563 2349 1702 2388 appa-

222 2403 351 2437 reant
373 2396 626 2449 magnifica,
650 2396 837 2436 tametsi
863 2402 967 2436 sunt
994 2395 1221 2443 vilissima,
1245 2397 1360 2436 sicut
1387 2409 1519 2436 casae
1542 2396 1703 2449 plenae

225 2458 468 2512 quisquiliis
494 2465 540 2499 et
565 2458 883 2498 immunditiis:
917 2471 995 2510 per
1019 2461 1044 2476 ‘⁴
1060 2457 1328 2498 concludere
1354 2458 1508 2498 urbem
1534 2465 1580 2498 et
1606 2458 1702 2511 ple-

228 2521 477 2561 nitudinem
499 2520 623 2572 ejus”
640 2519 917 2572 significatur
938 2520 1151 2560 damnare
1172 2518 1422 2560 d0&rinam
1445 2521 1546 2574 quia
1569 2521 1703 2573 plena

223 2587 271 2621 et
292 2581 478 2621 obsessa
498 2580 622 2620 salsis
638 2580 746 2620 mali
764 2594 773 2630 ;
808 2584 833 2600 “
846 2580 951 2620 urbs
965 2580 984 2594 ”
1002 2587 1072 2620 est
1090 2579 1308 2627 doetrina,
1327 2588 1374 2621 et
1394 2586 1419 2600 ‘⁴
1433 2581 1703 2633 plenitud0”

224 2648 329 2682 sunt
358 2642 472 2682 falsa
501 2642 633 2682 mali:
670 2655 808 2694 quare
838 2655 917 2694 per
950 2641 1034 2682 “Si
1063 2641 1207 2682 relicti
1235 2642 1400 2682 suerint
1431 2643 1590 2682 decern
1621 2644 1702 2682 viri

223 2704 268 2744 in
304 2703 441 2743 domo
476 2717 579 2750 una,
606 2703 896 2750 morientur,''
922 2703 1202 2756 significatur
1230 2704 1351 2756 quod
1384 2705 1582 2757 peritura
1612 2706 1702 2744 sint

224 2766 377 2805 omnia
401 2778 507 2805 vera
537 2765 645 2804 boni
674 2765 795 2818 apud
825 2766 1196 2818 unumquemvis;
1235 2766 1432 2806 “decem
1458 2767 1538 2806 viri
1552 2766 1571 2779 '’
1596 2773 1701 2806 sunt

224 2827 376 2866 omnia
400 2840 521 2873 vera,
547 2826 776 2866 “domus''
799 2833 868 2866 est
894 2827 1032 2867 homo
1057 2828 1205 2880 quoad
1231 2828 1414 2875 bonum,
1442 2835 1487 2868 et
1518 2829 1669 2868 “mori
1682 2827 1702 2841 ''

224 2894 295 2928 est
321 2889 477 2941 perire.
536 2888 674 2941 Apud
702 2887 983 2937 Samariam,
