1962 3334
606 268 711 317 c‘Ap.
734 284 816 324 1x.,
840 283 978 316 VERS.
1001 274 1146 315 8.-Ν,
1173 272 1339 327 556[a].
1441 285 1447 290 ’
1609 282 1715 326 1397

225 399 368 441 tualia
405 405 451 440 et
487 398 737 448 naturalia;
780 412 887 439 vera
922 396 1169 450 spiritualia
1204 402 1310 437 sunt
1350 395 1427 436 illa
1462 409 1576 449 quae
1613 400 1718 436 sunt

228 476 385 503 sensus
407 461 648 516 spiritualis
670 460 826 509 Verbi,
850 467 896 502 et
919 474 1025 501 vera
1050 459 1272 500 naturalia
1294 472 1407 513 quae
1434 464 1538 499 sunt
1560 471 1718 498 sensus

227 524 414 565 litterae
456 523 564 576 ejus.
636 533 807 571 (Videatur
825 533 919 562 etiam
938 541 1046 570 supra,
1065 540 1097 561 n.
1115 531 1264 572 403[b],
1277 531 1332 560 ubi
1350 531 1414 560 hoc
1432 530 1626 568 explioetum
1645 530 1717 566 est.)

228 585 312 627 Per
335 585 534 626 “dentes
559 584 739 625 leonum
752 584 772 599 '’
793 585 837 624 in
862 584 930 624 his
956 583 1066 624 locis
1092 582 1253 624 similia
1274 581 1585 635 significantur
1604 594 1719 635 quae

227 649 533 701 per·“dentes
555 648 668 688 sicut
701 646 881 687 leonum
895 646 915 662 '¹
940 646 1011 687 hic
1042 646 1086 686 in
1111 644 1398 698 Apocalypsi.
1458 645 1542 685 Per
1568 644 1718 684 “den-

227 710 329 753 tes”
350 711 526 764 proprie
552 709 861 763 significantur
885 709 963 750 illa
987 722 1100 763 quae
1126 708 1273 750 solum
1299 709 1540 749 memoriae
1566 707 1719 748 insunt

228 780 276 815 et
296 774 401 814 inde
426 774 763 826 depromuntur,
790 785 896 813 nam
926 771 1003 813 illa
1028 785 1142 826 quae
1166 771 1319 812 insunt
1345 771 1588 812 memoriae
1614 783 1718 811 sen-

228 836 363 878 sualis
394 837 586 877 hominis
617 835 974 888 correspondent
1005 835 1179 876 ossibus
1215 840 1263 876 et
1294 834 1520 875 dentibus.
1579 832 1719 886 Apud

227 898 470 948 Danielem,

300 994 473 1027 Ascendit
489 1005 508 1026 e
526 995 614 1026 mari
628 994 769 1025 “bestia
780 993 937 1025 secunda
949 993 1077 1025 similis
1090 1003 1174 1025 urso
1189 1002 1213 1030 ;.
1228 1018 1236 1025 .
1250 1018 1257 1025 .
1271 1000 1361 1025 ,tres
1374 998 1494 1024 costae
1509 992 1544 1024 in
1562 1001 1624 1023 ore
1640 991 1720 1032 ejus

401 1039 494 1070 inter
512 1039 638 1070 dentes
662 1038 763 1078 ejus:
792 1038 847 1069 cui
871 1038 1064 1075 dicebatur,
1085 1037 1207 1077 Surge,
1228 1036 1375 1068 comede
1394 1046 1539 1067 carnem
1561 1035 1719 1067 multam.

408 1107 416 1113 .
430 1107 438 1114 .
452 1107 458 1114 .
474 1081 622 1114 ‚Postea
639 1081 799 1112 ascendit
819 1081 933 1112 bestia
953 1087 1087 1121 quarta,
1108 1080 1275 1112 terribilis
1294 1086 1330 1111 et
1348 1079 1585 1111 formidabilis
1605 1085 1640 1111 et
1663 1088 1721 1110 ro-
1742 1098 1753 1106 .

401 1126 506 1157 busta
524 1125 637 1161 valde,
657 1125 712 1156 cui
736 1125 862 1156 dentes
886 1124 970 1155 ferri
995 1124 1128 1164 magni,
1148 1123 1303 1155 comedit
1326 1130 1362 1155 et
1381 1123 1559 1161 contrivit,
1579 1129 1616 1154 et
1640 1122 1721 1154 reli-

403 1179 509 1210 quum
528 1169 676 1209 pedibus
694 1168 915 1200 conculcavit
925 1167 943 1179 ’'
961 1167 1034 1208 (vii.
1053 1175 1081 1206 5,
1100 1168 1151 1208 7):

229 1285 308 1326 per
335 1271 565 1312 “bestiam
591 1284 614 1311 e
642 1271 751 1310 mari
763 1267 783 1285 '³
808 1269 1076 1323 intelligitur
1102 1282 1228 1310 amor
1252 1269 1451 1318 dominii,
1478 1269 1547 1310 cui
1578 1269 1719 1309 inser-

228 1335 355 1375 viunt
379 1332 537 1375 sancta
562 1347 642 1386 pro
668 1332 852 1383 mediis;
889 1338 935 1374 et
962 1346 1040 1386 per
1067 1335 1297 1386 “quatuor
1322 1332 1491 1373 bestias
1505 1332 1525 1347 ’²
1550 1331 1719 1385 signifi-

229 1403 388 1439 cantur
423 1397 704 1437 incrementa
735 1395 826 1448 ejus
857 1396 1135 1436 successiva:
1180 1408 1259 1448 per
1286 1394 1569 1436 “secundam
1600 1395 1717 1435 hanc

228 1461 419 1502 bestiam
445 1459 635 1500 similem
658 1473 759 1499 urso
770 1458 789 1473 ''
811 1458 1086 1512 significatur
1107 1458 1328 1499 secundus
1351 1464 1512 1505 status,
1536 1457 1719 1511 quando

229 1523 476 1564 dominium
507 1522 616 1562 illud
648 1520 938 1562 confirmatur
967 1534 1047 1574 per
1077 1521 1306 1570 Verbum;
1348 1521 1421 1574 qui
1456 1520 1500 1560 id
1536 1520 1719 1568 faciunt,

230 1587 366 1627 etiam
402 1586 446 1626 in
482 1585 652 1625 mundo
689 1583 906 1637 spirituali
942 1589 1164 1637 apparent
1200 1583 1367 1624 similes
1404 1584 1544 1623 ursis:
1591 1586 1721 1624 “tres

230 1655 386 1690 costae
422 1649 466 1688 in
502 1662 577 1688 ore
614 1648 732 1688 inter
763 1647 925 1688 dentes
941 1646 960 1662 '’
991 1646 1216 1700 significat
1247 1647 1398 1687 omnia
1429 1645 1570 1686 Verbi
1606 1660 1720 1699 quae

230 1710 474 1764 applicant,
507 1724 620 1764 quae
657 1723 747 1750 non
786 1709 1049 1762 intelligunt
1090 1710 1173 1750 nisi
1209 1709 1455 1750 secundum
1493 1708 1719 1759 litteram;

233 1777 367 1815 “tres
392 1780 546 1814 costae
559 1773 578 1787 ”
604 1779 707 1813 sunt
734 1773 884 1813 omnia
909 1772 1063 1820 Verbi,
1093 1773 1175 1812 “in
1207 1785 1283 1812 ore
1296 1771 1315 1786 '’
1342 1778 1411 1812 est
1438 1785 1551 1824 quae
1576 1770 1721 1824 appli-

231 1842 338 1877 cant
377 1836 599 1883 docendo,
641 1836 797 1876 “inter
836 1835 1029 1876 dentes”
1066 1841 1136 1875 est
1176 1849 1291 1888 quae
1331 1848 1422 1875 non
1459 1834 1721 1887 intelligunt

231 1899 313 1939 nisi
357 1899 504 1952 quoad
550 1898 766 1945 litteram,
805 1897 891 1938 hoc
935 1904 1020 1946 est,
1062 1897 1256 1951 qualiter
1298 1897 1437 1938 homo
1475 1897 1719 1937 sensualis:

232 1962 338 2002 “cui
364 1962 612 2009 dicebatur,
637 1960 795 2013 Surge,
823 1960 1011 2001 comede
1037 1973 1217 2001 carnem
1245 1960 1473 2009 multam,’'
1498 1959 1722 2013 significat

230 2024 351 2078 quod
374 2023 517 2065 multa
542 2023 837 2076 applicarent,
862 2029 907 2064 et
934 2036 1013 2075 per
1037 2023 1081 2063 id
1106 2024 1350 2076 genuinum
1377 2036 1557 2064 sensum
1580 2022 1720 2064 Verbi

231 2087 498 2140 perderent:
543 2100 622 2140 per
662 2091 903 2140 “quartam
943 2086 1134 2126 bestiam
1171 2087 1494 2127 ascendentem
1530 2100 1555 2127 e
1595 2087 1718 2134 mari,

231 2149 489 2198 terribilem,
527 2149 854 2190 formidabilem
893 2155 939 2189 et
974 2149 1206 2190 robustam
1242 2149 1415 2198 valde,'’
1445 2148 1721 2202 significatur

231 2218 414 2265 quartus
439 2219 486 2253 et
507 2212 692 2253 ultimus
714 2218 874 2260 status,
899 2211 1079 2265 quando
1101 2225 1180 2264 per
1204 2210 1360 2253 sancta
1383 2218 1432 2253 ut
1457 2212 1605 2252 media
1626 2218 1720 2252 sta-

230 2275 471 2317 biliverunt
507 2276 588 2316 sibi
621 2275 868 2316 dominium
905 2288 1038 2327 super
1073 2274 1249 2316 caelum
1311 2279 1358 2315 et
1398 2279 1595 2323 terram;
1646 2274 1719 2326 qui

231 2344 392 2387 status,
415 2339 516 2391 quia
538 2338 747 2390 profanus
769 2344 816 2378 et
842 2337 1013 2385 valens,
1038 2337 1199 2378 dicitur
1222 2337 1484 2386 “terribilis,
1506 2337 1719 2378 formida-

230 2400 331 2442 bilis
347 2406 393 2441 et
411 2400 618 2441 robustus
636 2399 767 2440 valde
784 2400 818 2440 :”
851 2403 876 2420 ‘⁴
889 2400 958 2441 cui
980 2400 1143 2441 dentes
1164 2400 1266 2442 ferri
1286 2401 1440 2454 magni
1457 2400 1478 2415 ''
1494 2399 1720 2454 significat

231 2463 300 2504 cui
321 2462 432 2503 salsa
456 2476 479 2503 e
502 2462 695 2503 sensuali
717 2463 897 2504 homine
920 2463 1030 2503 dura
1051 2470 1212 2504 contra
1231 2477 1338 2504 vera
1359 2470 1406 2504 et
1431 2464 1551 2504 bona
1572 2463 1719 2504 eccle-

231 2526 350 2566 siae:
395 2526 631 2566 “comedit
672 2533 718 2566 et
755 2525 1001 2566 contrivit”
1037 2525 1261 2579 significat
1298 2527 1516 2579 pervertit
1552 2533 1599 2568 et
1640 2526 1720 2567 de-

231 2589 424 2630 struxit:
459 2591 543 2629 “et
569 2589 786 2642 reliquum
809 2589 995 2641 pedibus
1017 2589 1300 2631 conculcavit
1318 2590 1337 2605 ”
1359 2589 1582 2643 significat
1605 2603 1720 2643 quae

232 2664 323 2692 non
345 2658 599 2703 pervertere
622 2658 668 2692 et
691 2652 922 2692 destruere
944 2658 1156 2704 poterant
1181 2653 1301 2706 quod
1322 2653 1720 2706 conspurcaverint

231 2721 278 2755 et
299 2713 549 2755 deleverint
571 2728 650 2768 per
671 2714 788 2755 mala
806 2727 1007 2756 amorum
1026 2715 1294 2756 naturalium
1316 2722 1363 2757 et
1385 2729 1717 2769 corporeorum.

233 2786 384 2825 (Reliqua
397 2787 438 2815 de
451 2786 500 2815 his
513 2787 619 2815 bestiis
634 2786 800 2815 videantur
814 2787 971 2824 explicata
984 2795 1090 2825 supra,
1104 2796 1137 2817 n.
1154 2776 1314 2829 316[c].)
1371 2777 1513 2830 Apud
1543 2777 1717 2827 Mosen,

297 2876 479 2961 “DengeDm
503 2878 695 2909 bestiarum
721 2879 910 2961 i)mrnittam
939 2879 973 2910 in
1003 2889 1066 2912 eos
1096 2889 1176 2911 cum
1204 2890 1347 2912 veneno
1370 2880 1548 2922 reptilium
1572 2878 1719 2912 terrae’'

456 2925 539 2953 eutr.
559 2922 663 2953 xxxii.
683 2930 724 2961 24
752 2933 758 2954 ε
