1962 3334
311 257 418 298 1880
720 267 1053 300 APOCALYPSIS
1085 268 1384 301 EXPLICATA.

305 393 411 419 vera
449 386 553 420 sunt
592 379 740 433 qualia
777 394 883 421 vera
923 395 1080 422 sensus
1119 381 1332 423 litteralis
1366 380 1534 432 Verbi;
1579 394 1683 422 nam
1721 380 1799 422 illa

305 443 444 483 etiam
467 444 658 496 primum
685 443 1005 484 introducunt:
1044 445 1103 485 ibi
1129 451 1281 486 autem
1308 458 1387 498 per
1415 444 1725 497 “Jordanem'’
1751 451 1798 486 et

305 504 397 557 ejus
421 519 559 559 aquas
583 506 893 559 significantur
914 507 1026 548 falsa
1049 507 1154 548 mali
1177 521 1291 561 quae
1313 507 1460 548 ferunt
1483 507 1539 547 ad
1562 507 1797 556 infernum,

304 581 363 608 ex
401 581 537 608 causa
573 570 675 622 quia
713 575 832 610 terra
871 569 1056 611 Canaan
1095 577 1202 611 tunc
1242 569 1429 623 oppleta
1466 570 1547 610 fuit
1584 571 1799 623 gentibus

302 630 572 680 idololatris,
608 646 686 685 per
722 646 832 686 quas
867 632 1179 685 significantur
1211 633 1357 674 omnis
1389 633 1568 686 generis
1601 632 1720 673 mala
1751 639 1799 674 et

302 693 428 743 salsa,
457 708 570 748 quae
599 695 767 736 faciunt
800 695 1047 746 infernum;
1088 695 1146 736 ob
1177 709 1311 749 quam
1339 708 1522 736 causam
1549 696 1688 736 etiam
1715 710 1799 736 ex-

303 756 543 811 pellendae
575 764 719 807 erant,
748 765 796 799 ut
830 758 955 799 locus
987 759 1172 800 daretur
1203 758 1525 799 instaurandae
1551 758 1796 801 ecclesiae:

302 826 348 862 et
388 821 491 874 quia
525 824 706 874 “aquae
736 821 978 874 Jordanis’'
1011 835 1130 863 nunc
1170 822 1282 863 falsa
1319 821 1426 862 mali
1464 821 1797 875 significabant,

301 884 404 924 ideo
436 884 650 924 discissae
683 891 788 925 sunt
826 891 873 925 et
908 891 1127 934 remotae,
1161 891 1210 926 ut
1249 885 1433 925 daretur
1470 884 1570 925 filiis
1603 885 1796 935 Israelis,

301 960 379 1000 per
404 961 516 1000 quos
543 954 962 1000 repraesentaretur
988 948 1194 996 ecclesia,
1224 948 1459 989 transitus.
1522 947 1652 989 Nunc
1685 963 1797 1002 quo·

301 1010 421 1050 niam
450 1010 670 1050 Dominus
703 1010 825 1051 solus
858 1017 1063 1051 removet
1096 1017 1142 1052 et
1175 1011 1363 1064 dissipat
1401 1010 1513 1051 falsa
1544 1010 1651 1052 mali
1682 1026 1796 1065 quae

300 1073 358 1114 ab
389 1073 575 1122 inferno,
609 1080 655 1114 et
694 1087 772 1127 per
810 1074 975 1114 Divina
1013 1088 1092 1114 sua
1130 1088 1236 1115 vera
1272 1074 1520 1115 introducit
1557 1073 1714 1115 fideles
1751 1076 1796 1116 in

301 1136 542 1178 ecclesiam
574 1144 620 1178 et
658 1138 702 1177 in
735 1137 927 1186 caelum,
961 1144 1007 1178 et
1044 1138 1147 1191 quia
1180 1152 1258 1191 per
1289 1150 1440 1178 arcam
1473 1143 1519 1178 et
1552 1137 1725 1191 Legem
1757 1139 1797 1180 ei

299 1199 520 1241 inclusam
546 1206 919 1253 repraesentatus
946 1207 1016 1241 est
1045 1201 1266 1241 Dominus
1289 1201 1437 1255 quoad
1462 1201 1674 1242 Divinum
1702 1202 1796 1244 Ve-

299 1276 410 1312 rum,
431 1263 533 1304 ideo
551 1263 722 1316 jussum
746 1269 816 1304 est
842 1270 891 1304 ut
914 1277 1018 1304 arca
1038 1265 1232 1317 praeiret
1252 1263 1434 1318 populo,
1454 1270 1501 1305 et
1524 1265 1586 1305 sic
1610 1265 1797 1307 duceret

298 1325 438 1367 illum.
502 1325 652 1379 Quare
689 1325 855 1367 fa&um
895 1333 980 1375 est,
1015 1328 1149 1380 quod,
1191 1332 1278 1368 “ut
1311 1328 1502 1380 primum
1535 1329 1797 1370 sacerdotes

299 1395 538 1442 portantes
562 1403 712 1430 arcam
736 1390 1015 1442 intingerent
1037 1391 1176 1443 pedes
1199 1390 1242 1430 in
1265 1390 1391 1443 aquis
1407 1389 1630 1443 JordaniS‚
1651 1405 1794 1444 aquae

298 1452 402 1493 illae
435 1453 796 1493 discinderentur
827 1459 874 1493 et
907 1453 1254 1501 descenderent,
1289 1466 1341 1493 ac
1374 1452 1566 1506 populus
1598 1453 1642 1493 in
1674 1454 1795 1495 sicco

298 1515 554 1563 transiret‚''
581 1522 627 1556 et
654 1515 789 1569 quod,
818 1522 1061 1569 postquam
1093 1515 1178 1556 hoc
1207 1514 1372 1556 fa&um
1395 1522 1481 1564 est,
1509 1530 1651 1570 aquae
1677 1517 1795 1557 redi-

297 1585 422 1619 rent:
457 1585 505 1619 at
533 1584 640 1619 tunc
664 1578 852 1619 eaedem
874 1578 978 1619 illae
1005 1592 1147 1632 aquae
1171 1578 1489 1631 significabant
1515 1593 1622 1619 vera
1648 1580 1794 1620 intro-

297 1641 537 1692 ducentia;
590 1647 687 1682 erat
734 1642 853 1682 enim
898 1641 1121 1694 Jordanes
1168 1642 1335 1694 primus
1381 1642 1600 1682 terminus
1647 1648 1794 1684 terrae

298 1704 537 1753 Canaanis,
558 1719 636 1758 per
654 1717 803 1758 quam,
826 1712 1069 1758 postquam
1093 1704 1168 1745 filii
1193 1704 1372 1745 Israelis
1395 1705 1439 1745 in
1462 1704 1586 1745 illam
1603 1706 1794 1758 ingressi

297 1775 417 1817 sunt,
442 1768 875 1822 repraesentabatur
897 1768 1103 1817 ecclesia,
1129 1774 1174 1809 et
1199 1782 1278 1822 per
1299 1768 1425 1809 illum
1448 1768 1628 1809 fluvium
1650 1770 1793 1810 intro-

297 1830 449 1873 ductio
486 1833 529 1872 in
561 1831 699 1871 illam.
763 1830 989 1884 Quoniam
1028 1846 1107 1885 per
1141 1835 1318 1885 “aquas
1348 1831 1590 1884 Jordanis’‘
1622 1831 1792 1885 signifi-

297 1894 518 1935 cabantur
544 1908 650 1934 vera
677 1894 1031 1943 introducentia,
1056 1894 1159 1934 ideo
1186 1895 1324 1934 etiam
1352 1894 1619 1934 mandatum
1645 1901 1716 1936 est
1743 1901 1792 1936 ut

296 1972 355 1999 ex
388 1958 538 1998 medio
570 1957 663 2009 ejus
691 1956 910 1998 tollerent
943 1957 1184 1998 duodecim
1214 1957 1401 2010 lapides,
1430 1964 1476 1998 et
1508 1957 1610 1998 illos
1642 1963 1791 1999 trans—

296 2021 463 2062 ferrent
495 2022 539 2061 in
572 2021 764 2073 primum
797 2020 947 2061 locum
982 2021 1057 2061 ubi
1090 2019 1439 2073 perno&arent;
1482 2026 1528 2061 et
1566 2020 1652 2061 hoc
1689 2021 1793 2074 quia

299 2083 542 2137 “lapides”
575 2082 834 2136 significant
866 2097 986 2131 vera,
1022 2089 1068 2124 et
1105 2083 1384 2141 “duodecim
1419 2083 1593 2137 lapides
1630 2097 1791 2124 secun-

296 2147 403 2188 dum
430 2160 663 2187 numerum
691 2146 888 2186 tribuum
918 2146 1131 2187 Israelis”
1158 2146 1475 2199 significabant
1507 2160 1614 2187 vera
1644 2146 1791 2188 eccle-

296 2211 414 2251 siae.-
464 2209 598 2262 Quod
628 2209 865 2262 “Joschua
892 2210 1089 2250 erexerit
1122 2209 1225 2250 illos
1252 2209 1425 2262 lapides
1457 2210 1501 2250 in
1529 2209 1708 2263 Gilgale
1734 2211 1793 2252 ab

296 2274 471 2314 oriente
502 2272 817 2326 Jerichuntis‚'’
844 2279 942 2313 erat
974 2273 1077 2326 quia
1112 2272 1337 2325 “Gilgal”
1363 2272 1649 2325 significabat
1681 2273 1791 2314 doc-

296 2337 462 2378 trinam
507 2337 599 2376 veri
646 2335 863 2376 naturalis
909 2336 1195 2376 inservientis
1241 2350 1321 2389 pro
1366 2334 1701 2377 introductione
1746 2337 1791 2377 in

296 2399 549 2440 ecclesiam.
612 2399 687 2439 Ex
724 2398 794 2439 his
833 2399 987 2452 paucis
1025 2405 1154 2452 patet
1192 2399 1298 2453 quid
1337 2399 1450 2440 caeli
1487 2406 1534 2440 et
1571 2399 1791 2440 ecclesiae

296 2477 375 2516 per
411 2463 454 2503 id
493 2462 756 2504 miraculum
794 2469 1188 2516 repraesentatum
1226 2469 1311 2512 est,
1350 2469 1395 2503 et
1433 2463 1553 2516 quod
1590 2476 1694 2504 arca
1731 2477 1791 2503 ex
1840 2504 1843 2507 ,

296 2526 422 2579 Lege
454 2526 496 2566 in
530 2525 607 2566 illa
639 2525 962 2578 significaverit
991 2526 1239 2566 Dominum
1272 2525 1421 2579 quoad
1454 2525 1667 2566 Divinum
1694 2526 1789 2567 Ve-

295 2602 419 2640 rum;
457 2603 594 2642 quare
627 2590 765 2630 etiam
798 2596 988 2630 vocatur
1018 2589 1182 2630 “Arca
1207 2589 1399 2630 foederis
1432 2589 1616 2630 Domini
1647 2590 1789 2633 totius

296 2652 482 2701 terrae,'’
501 2667 559 2692 ex
580 2651 897 2705 conjunctione
919 2666 1019 2693 cum
1045 2653 1242 2693 Domino
1265 2667 1343 2706 per
1367 2653 1580 2694 Divinum
1598 2653 1786 2702 Verum,

297 2729 402 2756 nam
435 2729 513 2768 per
544 2714 654 2755 illud
686 2722 756 2756 est
790 2715 1062 2768 conjunctio,
1097 2730 1210 2769 quae
1243 2715 1520 2769 significatur
1551 2730 1630 2769 per
1658 2716 1788 2757 “foe-

296 2780 378 2820 dus
396 2779 429 2830 ;”
462 2786 507 2820 et
535 2778 645 2819 illud
673 2786 744 2820 est
772 2780 892 2833 quod
920 2780 1025 2820 facit
1049 2779 1223 2820 caelum
1251 2786 1297 2820 et
1325 2779 1578 2828 ecclesiam,
1604 2793 1717 2833 quae
1744 2780 1787 2820 in

296 2844 444 2896 specie
477 2857 555 2896 per
584 2847 771 2883 “totam
805 2842 1004 2884 terram‘'
1031 2842 1355 2895 significantur,
1387 2844 1525 2883 immo
1557 2857 1635 2896 per
1666 2843 1786 2896 quod

299 2907 489 2948 “omnia
511 2905 627 2948 faeta
651 2913 696 2948 et
720 2914 873 2949 creata
896 2913 1000 2948 sunt
1017 2907 1035 2957 ’ἶ
1058 2907 1308 2948 secundum
1333 2907 1515 2947 Domini
1538 2906 1675 2947 verba
