1962 3334
595 311 701 344 CAP.
724 311 806 352 XL,
828 311 966 343 VERS.
989 303 1136 343 8.—N.
1156 302 1210 355 65
1217 301 1327 356 5[a].
1489 275 1491 277 Ι
1598 313 1672 356 175
1681 312 1701 355 5

292 423 397 466 Quod
420 424 520 456 ulcus
539 424 766 456 efflorescens
790 424 942 464 pustulis
965 422 1099 455 factum
1124 424 1171 456 sit
1194 433 1300 464 super
1322 423 1506 456 hominem
1530 430 1566 456 et
1596 434 1704 464 super

394 468 568 499 bestiam:
597 468 692 508 quod
712 468 834 508 pluvia
850 467 1036 507 grandinis
1054 467 1176 507 gravis
1195 467 1413 498 commixtae
1433 467 1507 508 igni
1527 468 1704 508 depluerit

393 521 500 551 snper
517 511 722 551 Aegyptum
746 511 868 548 (Exod.
885 511 965 549 ix.):

294 554 399 596 Quod
415 554 556 586 locusta
568 554 731 585 immissa
743 554 791 585 sit
803 563 910 593 super
922 561 1064 592 terram,
1075 564 1166 594 quae
1179 554 1336 585 comedit
1348 554 1496 586 herbam
1509 561 1545 585 et
1556 563 1703 585 omnem

393 596 548 629 fructum
568 598 726 629 arboris:
755 598 851 637 quod
869 597 985 637 caligo
1006 598 1235 628 tenebrarum
1254 595 1352 628 facta
1370 598 1416 629 sit
1434 597 1471 628 in
1488 598 1590 629 omni
1609 604 1705 629 terra

393 641 551 681 Aegypti
569 641 692 680 (Exod.
709 642 779 677 x.):

325 684 398 716 uod
414 685 538 715 omnia
555 684 795 724 primogenita
811 684 847 714 in
865 690 961 715 terra
975 683 1133 725 Aegypti
1150 691 1295 716 mortua
1312 684 1387 716 sint
1405 683 1529 723 (Exod.
1546 684 1627 723 xi.):

336 737 456 759 emum
473 727 568 768 quod
584 727 766 767 Aegyptii,
782 734 973 767 postquam
991 727 1052 758 filii
1073 726 1218 759 Israelis
1235 734 1360 759 mutuo
1377 728 1544 768 petierint
1559 728 1604 759 ab
1621 727 1703 765 iuis,

394 777 431 802 et
449 770 501 802 sic
520 770 758 810 surripuerint
776 771 847 802 illis
864 780 953 802 vasa
971 771 1048 802 auri
1064 777 1101 802 et
1119 771 1270 810 argenti,
1290 780 1331 802 ac
1348 778 1468 802 vestes
1490 769 1627 813 [(Exod.
1644 771 1703 803 xii.

394 821 446 852 35,
466 811 549 855 36)],
573 813 651 854 (per
676 823 767 854 quae
796 814 1042 854 significantur
1063 814 1290 854 cognitiones
1320 814 1407 845 boni
1435 821 1471 846 et
1497 815 1597 853 veri,)
1620 816 1703 846 sub-

390 857 499 888 mersi
523 857 597 888 sint
620 857 656 888 in
682 856 775 888 Mari
799 857 895 897 Suph
921 855 1060 899 [OExod.
1077 858 1147 889 xiv.
1168 855 1239 899 28)]
1268 859 1346 898 (per
1365 858 1460 898 quod
1484 858 1703 898 significatur

390 900 595 939 infernum).

216 1004 300 1046 Per
338 1005 490 1046 omnia
532 1004 610 1045 illa
653 1005 920 1046 describitur
960 1005 1191 1059 quomodo
1229 1011 1436 1046 vastatur
1482 1005 1701 1046 naturalis

215 1068 367 1116 homo,
399 1068 519 1121 quod
554 1067 605 1108 fit
635 1068 816 1121 quando
849 1081 875 1108 a
906 1081 954 1108 se
989 1067 1131 1120 rejicit
1170 1069 1321 1108 omnia
1354 1082 1462 1108 vera
1498 1075 1544 1108 et
1581 1068 1702 1108 bona

215 1130 449 1178 ecclesiae,
481 1137 528 1171 et
569 1131 728 1171 imbuit
768 1130 880 1171 falsa
920 1138 967 1171 et
1009 1131 1143 1178 mala,
1177 1145 1316 1184 usque
1357 1131 1464 1171 dum
1505 1131 1700 1184 amplius

216 1206 307 1240 non
346 1193 528 1247 aliquod
568 1207 723 1234 verum
767 1200 814 1234 et
859 1194 1027 1234 bonum
1073 1194 1293 1234 ecclesiae
1337 1194 1562 1234 residuum
1611 1201 1698 1235 est.

218 1258 298 1296 (Sed
315 1258 369 1287 illa
381 1259 490 1287 omnia
502 1259 610 1295 ample
623 1259 732 1295 quoad
750 1267 879 1287 sensum
893 1259 1088 1296 spiritualem
1103 1259 1135 1287 in
1150 1259 1289 1287 Arcanis
1304 1259 1490 1288 Caelestibus
1508 1268 1591 1296 quae
1604 1268 1702 1296 super

216 1311 516 1348 Exodo,explioeta
533 1311 725 1349 videamur.)
783 1301 897 1341 Inde
932 1306 1148 1341 constare
1189 1307 1347 1354 potest
1382 1302 1488 1354 quid
1527 1301 1698 1354 signifi-

217 1367 346 1403 catur

289 1458 359 1490 Per
377 1459 534 1499 “plagas
550 1465 587 1490 et
602 1460 750 1490 morbos
766 1458 922 1499 Aegypti
933 1458 952 1470 ’'
969 1458 1104 1498 (Deutr.
1121 1459 1181 1490 vii.
1201 1467 1239 1498 15
1254 1469 1261 1494 ;
1285 1468 1361 1499 cap.
1379 1458 1501 1490 xxviii.
1518 1458 1594 1498 6o);

287 1502 383 1544 Quid
399 1512 463 1543 per
479 1502 689 1542 “submergi
707 1502 853 1533 flumine
870 1502 1025 1543 Aegypti
1036 1501 1054 1513 '’
1070 1502 1190 1542 (Amos
1205 1502 1278 1534 viii.
1295 1503 1335 1540 8;
1367 1511 1443 1542 cap.
1462 1502 1507 1533 ix.
1525 1499 1613 1542 [¹¹5):

213 1595 262 1630 et
287 1589 406 1629 unde
431 1595 502 1630 est
527 1589 648 1642 quod
674 1588 919 1642 Aegyptus
946 1588 1122 1628 dicatur

496 1677 639 1709 “Terra
654 1677 836 1709 servitutis
846 1677 866 1689 ''
882 1676 1004 1715 (Mich.
1021 1677 1067 1708 vi.
1084 1677 1138 1715 4);

503 1721 597 1752 Tum
616 1722 739 1752 “terra
756 1720 883 1752 Chami
896 1720 915 1732 '’
931 1720 1077 1759 (Psalm.
1095 1718 1184 1751 [²]cv.
1202 1720 1278 1759 219:

503 1764 558 1796 Ac
575 1764 732 1795 “fornax
746 1764 833 1795 ferri
841 1763 860 1775 '¹
877 1764 1013 1803 (Deutr.
1034 1764 1080 1795 iv.
1097 1772 1160 1801 20;
1190 1772 1205 1795 1
1223 1765 1304 1805 Reg.
1322 1764 1395 1796 viii.
1412 1761 1513 1804 [3150.

216 1867 344 1910 Haec
389 1869 447 1909 de
491 1868 712 1921 Aegypto
736 1882 745 1915 ;
797 1882 855 1908 ex
902 1867 1060 1921 quibus
1108 1868 1347 1909 manifeste
1396 1875 1526 1921 patet
1576 1869 1697 1922 quod

216 1930 500 1984 “Aegyptus
518 1930 538 1945 ’'
579 1929 803 1983 significet
849 1930 1103 1971 naturalem
1147 1930 1379 1971 hominem
1419 1932 1464 1971 in
1506 1937 1697 1985 utroque

213 2007 362 2035 sensu.

293 2059 510 2115 655[α].
548 2060 653 2101 “vbi
680 2064 724 2101 et
754 2060 942 2101 Dominus
973 2064 1116 2101 nostor
1142 2061 1364 2101 crucifixus
1396 2059 1697 2114 exist—Quod

215 2121 439 2175 significet
470 2136 499 2163 a
522 2121 693 2175 quibus,
722 2129 871 2174 nempe
895 2122 1027 2163 malis
1047 2129 1090 2163 et
1118 2122 1220 2162 inde
1235 2123 1384 2174 salsis
1409 2123 1613 2163 oriundis
1642 2137 1698 2163 ex

213 2198 366 2226 amore
397 2184 623 2236 infernali,
661 2185 845 2238 rqjec‘lus
880 2191 923 2225 et
955 2185 1263 2226 condemnatus
1298 2185 1372 2234 sit,
1411 2192 1595 2226 constat
1636 2200 1696 2227 ex

214 2261 285 2296 eo,
311 2247 431 2301 quod
463 2247 560 2300 ipsa
590 2246 710 2287 mala
740 2253 787 2288 et
819 2248 923 2288 inde
950 2247 1061 2288 falsa
1086 2248 1274 2288 oriunda
1299 2262 1358 2288 ex
1383 2261 1537 2289 amore
1562 2248 1695 2289 infer-

214 2309 306 2351 nali
332 2309 576 2350 Dominum
602 2309 803 2362 rejiciant
830 2317 876 2350 et
903 2311 1210 2352 condemnent
1231 2325 1240 2351 :
1274 2311 1351 2351 illa
1373 2311 1493 2352 mala
1519 2318 1565 2352 et
1592 2313 1697 2353 inde

213 2372 326 2413 falsa
355 2368 666 2425 significantur
696 2386 775 2425 per
808 2372 1096 2413 “Sodomam
1127 2380 1173 2414 et
1206 2373 1472 2427 Aegyptum
1490 2374 1524 2424 ;”
1560 2389 1697 2427 quare

214 2435 379 2476 dicitur
394 2435 451 2475 de
473 2435 580 2475 urbe
604 2434 938 2487 Hierosolyma.
958 2436 1078 2489 quod
1099 2443 1287 2477 vocetur
1308 2437 1372 2477 ita
1389 2437 1695 2489 spiritualiter,

215 2510 319 2538 nam
345 2498 532 2538 “vocari
558 2497 851 2550 spiritualiter
864 2497 884 2512 '¹
906 2497 1130 2551 significat
1156 2499 1300 2552 ipsum
1326 2499 1494 2539 malum
1520 2506 1566 2540 et
1593 2500 1696 2540 inde

214 2559 389 2601 salsum.
463 2559 579 2601 Sunt
615 2561 786 2601 inferna
826 2559 1042 2601 distincta
1081 2562 1125 2602 in
1165 2562 1255 2602 duo
1293 2575 1447 2615 regna,
1487 2564 1697 2615 opposita

214 2622 388 2663 duobus
410 2623 560 2675 regnis
582 2623 625 2663 in
652 2623 815 2663 caelis:
847 2636 1037 2676 regnum
1059 2625 1316 2677 oppositum
1342 2638 1485 2678 regno
1510 2625 1696 2666 caelesti

216 2691 287 2725 est
312 2698 339 2725 a
364 2692 510 2738 tergo,
534 2692 580 2726 et
606 2685 669 2726 illi
695 2687 768 2739 qui
795 2686 852 2726 ibi
879 2693 983 2726 sunt
1011 2694 1230 2727 vocantur
1255 2688 1374 2740 genii
1395 2702 1404 2737 ;
1437 2688 1480 2727 id
1507 2701 1696 2740 regnum

215 2753 287 2788 est
317 2747 437 2800 quod
472 2748 516 2788 in
548 2747 703 2788 Verbo
734 2748 1004 2800 intelligitur
1034 2762 1113 2801 per
1146 2749 1466 2790 “diabolum:''
1506 2763 1695 2803 regnum

215 2815 368 2850 autem
404 2810 662 2863 oppositum
698 2823 840 2862 regno
876 2810 1095 2863 spirituali
1131 2818 1201 2852 est
1238 2819 1508 2858 antrorsum,
1549 2820 1595 2853 et
1633 2813 1695 2852 illi

11 2863 14 2915 ζ
71 2862 85 2902 ἦ
144 2909 149 2911 Δ
215 2871 290 2924 qui
319 2871 379 2911 ibi
410 2878 515 2912 sunt
545 2879 766 2913 vocantur
797 2872 902 2913 mali
934 2874 1141 2926 spiritus;
1178 2875 1222 2914 id
1252 2888 1440 2927 regnum
1473 2882 1542 2915 est
1575 2876 1695 2928 quod

215 2934 261 2975 in
291 2933 447 2976 Verbo
476 2934 747 2988 intelligitur
777 2949 856 2989 per
889 2937 1171 2978 “satanam.'’
1233 2937 1359 2978 Haec
1397 2938 1582 2986 inferna,
1615 2952 1693 2979 seu
