1962 3334
642 264 749 304 CAP.
772 271 856 311 XL,
874 269 1016 322 ‚VERs
1045 270 1213 313 13.—N.
1235 261 1331 314 674.
1472 279 1474 281 ·
1620 267 1722 312 1791

245 385 378 427 malis
410 385 662 433 laedantur,
696 391 804 426 tunc
846 398 871 425 e
910 378 1206 424 societatibus
1241 383 1300 424 ibi
1331 383 1590 424 auferuntur
1618 384 1726 424 boni

245 455 294 490 et
324 449 635 503 relinquuntur
659 447 780 497 mali,
807 447 1055 488 secundum
1082 446 1265 487 Domini
1289 446 1427 486 verba
1458 446 1577 499 apud
1601 446 1725 486 Mat-

244 511 433 561 thaeum,

307 612 327 626 ‘⁸
339 611 419 643 Duo
435 617 539 642 erunt
554 612 590 642 in
607 620 706 651 agro,
723 620 819 641 unus
834 615 1043 647 assumetur,
1061 609 1150 640 alter
1165 609 1427 649 derelinquetur
1441 620 1448 640 :
1481 609 1571 640 duae
1588 609 1727 640 molen-

414 661 483 686 tes.
497 679 505 686 .
518 679 543 693 .‚
559 664 632 686 una
646 660 856 691 assumetur,
873 654 985 684 altera
999 652 1291 693 derelinquetur''
1307 653 1414 690 (xxiv.
1429 661 1484 691 40,
1502 653 1558 692 41)
1572 662 1579 690 ;

240 777 340 815 (quae
357 778 525 807 vidoentur
537 777 694 815 explicata
711 777 745 805 in
762 776 901 805 Arcanis
919 776 1113 810 Caelestibus,
1128 785 1160 805 n.
1175 784 1265 813 4334.
1280 782 1359 812 4335
1370 775 1394 813 ς)
1424 770 1471 805 et
1493 778 1594 805 cum
1616 765 1724 805 boni

242 826 387 867 ablati
416 833 537 875 sunt,
569 832 678 866 tunc
712 826 757 865 in
792 825 1089 865 societatibus
1122 824 1167 864 in
1198 824 1359 877 quibus
1393 824 1501 864 boni
1535 830 1582 864 et
1617 824 1725 864 mali

244 887 374 928 simul
402 888 592 935 suerunt,
619 887 670 928 fit
701 888 888 940 insignis
919 887 1113 927 mutatio
1143 886 1291 940 quoad
1322 885 1399 926 illa
1429 899 1544 939 quae
1575 885 1724 938 eccle-

242 951 334 991 siae
358 957 476 991 sunt.
536 950 625 991 Sed
651 963 786 991 causa
816 949 934 989 illius
967 949 1231 989 mutationis
1257 948 1443 989 ulterius
1468 948 1724 1000 detegetur.

242 1012 296 1053 In
318 1013 486 1054 mundo
508 1013 725 1066 spirituali
742 1019 812 1053 est
830 1012 1182 1052 communicatio
1200 1012 1399 1052 omnium
1421 1009 1723 1059 affectionum,

240 1081 287 1116 et
317 1076 587 1129 quandoque
618 1075 975 1128 cogitationum;
1012 1080 1058 1114 et
1089 1075 1207 1114 intra
1238 1087 1552 1127 quamcunque
1579 1074 1724 1114 socie-

226 1144 384 1178 ·tatem
407 1144 477 1178 est
499 1138 850 1179 communicatio
876 1137 1142 1185 communis,
1167 1150 1215 1177 se
1237 1136 1495 1177 extendens
1521 1150 1545 1176 e
1573 1136 1724 1177 medio

240 1199 334 1252 ejus
358 1213 713 1254 quaquaversum
739 1213 877 1253 usque
908 1199 965 1239 ad
996 1199 1121 1247 fines,
1150 1213 1293 1252 paene
1319 1199 1434 1238 sicut
1466 1198 1545 1238 lux
1572 1212 1595 1239 e
1628 1212 1723 1240 me-

239 1262 314 1302 dio
339 1263 395 1303 ad
421 1263 719 1316 peripherias:
754 1263 1028 1303 variationes
1054 1268 1100 1302 et
1127 1262 1405 1302 mutationes
1432 1259 1720 1302 affectionum

241 1324 524 1365 oriundarum
556 1339 615 1365 ex
642 1325 1052 1366 communicatione
1077 1331 1124 1365 et
1155 1324 1248 1376 ejus
1280 1324 1565 1372 extensione,
1599 1325 1722 1364 exis-

242 1392 346 1427 tunt
376 1401 435 1427 ex
461 1387 630 1428 influxu
655 1386 938 1428 affectionum
966 1401 1024 1427 ex
1050 1387 1148 1427 aliis
1174 1387 1483 1434 societatibus,
1511 1400 1625 1439 quae
1650 1388 1722 1428 vel

239 1442 372 1503 supra
393 1457 512 1499 sunt,
535 1450 607 1491 vel
629 1450 686 1491 ad
709 1450 867 1499 latera,
892 1457 988 1491 tum
1013 1464 1072 1490 ex
1096 1451 1223 1491 novis
1245 1450 1432 1490 advenis
1455 1451 1526 1503 qui
1550 1451 1723 1492 intrant

239 1514 522 1562 societatem,
555 1520 602 1554 et
633 1527 809 1567 quoque
846 1527 904 1554 ex
941 1527 995 1554 eo
1032 1514 1152 1567 quod
1188 1514 1317 1566 pauci
1353 1519 1430 1553 aut
1462 1513 1592 1554 multi
1624 1515 1723 1555 exi-

239 1582 419 1616 mantur
444 1590 468 1616 e
499 1577 732 1617 societate.
793 1575 1048 1617 Societates
1079 1590 1212 1629 super
1236 1590 1345 1629 quas
1372 1576 1579 1617 ultimum
1606 1576 1722 1629 judi-

239 1639 356 1679 cium
387 1640 583 1687 exstitit,
611 1640 913 1680 constiterunt
947 1645 1042 1679 tarn
1073 1653 1133 1679 ex
1159 1639 1288 1679 bonis
1319 1652 1452 1692 quam
1485 1653 1543 1680 ex
1576 1640 1720 1689 malis,

241 1701 320 1741 sed
352 1716 411 1742 ex
442 1702 608 1742 talibus
640 1702 769 1742 malis
800 1702 874 1755 qui
912 1703 1097 1742 interius
1128 1708 1289 1743 contra
1324 1702 1444 1742 bona
1475 1704 1639 1744 amoris
1675 1712 1722 1745 et

238 1777 345 1804 vera
366 1762 596 1805 doctrinae
618 1764 810 1812 suerunt,
834 1778 923 1804 non
947 1771 1099 1805 autem
1122 1765 1347 1814 exterius;
1380 1766 1580 1805 exterius
1602 1767 1721 1808 enim

238 1832 482 1879 potuerunt
505 1825 675 1867 reustum
699 1833 745 1867 et
762 1826 930 1879 justum
953 1840 1102 1879 agere,
1121 1840 1173 1867 ac
1197 1828 1316 1880 pium
1339 1834 1385 1867 et
1407 1841 1560 1868 verum
1584 1828 1719 1882 loqui,

238 1901 329 1928 non
366 1895 551 1941 propter
586 1889 728 1941 ipsum
765 1887 949 1937 rectum,
978 1888 1163 1940 justum,
1197 1890 1317 1942 pium
1355 1896 1402 1930 et
1439 1903 1607 1939 verum,
1641 1892 1721 1931 sed

217 1964 299 1991 -ex
335 1950 494 1991 habitu
528 1952 572 1991 in
604 1951 785 1998 mundo,
819 1958 1004 2004 propter
1032 1951 1212 2000 famam,
1246 1951 1451 2004 gloriam,
1485 1952 1719 2002 honorem,

242 2011 426 2060 lucrum,
460 2014 582 2053 varia
612 2013 809 2065 jucunda
844 2027 1046 2054 amorum
1084 2014 1369 2061 naturalium,
1403 2021 1499 2055 tum
1536 2023 1722 2070 propter

242 2073 367 2127 leges
385 2082 431 2116 et
449 2089 600 2116 earum
619 2089 788 2128 poenas
804 2089 814 2126 ;
846 2077 949 2116 inde
966 2076 1025 2124 hi,
1041 2077 1226 2116 tametsi
1243 2077 1427 2117 interius
1446 2078 1564 2124 mali,
1582 2093 1721 2132 usque

236 2143 480 2189 potuerunt
507 2137 636 2177 simul
659 2152 758 2178 esse
785 2151 885 2178 cum
912 2138 998 2178 illis
1025 2139 1098 2191 qui
1130 2152 1219 2179 non
1246 2140 1383 2180 modo
1410 2141 1611 2180 exterius
1637 2143 1718 2182 sed

237 2199 374 2240 etiam
401 2200 586 2240 interius
611 2200 716 2240 boni
742 2200 933 2241 suerunt.
995 2200 1190 2254 Quando
1216 2202 1368 2255 itaque
1400 2203 1506 2243 boni
1538 2217 1719 2256 separa-

237 2269 442 2302 rarentur
466 2263 524 2302 ab
549 2263 636 2303 illis
661 2263 734 2316 qui
765 2263 809 2303 in
837 2269 1030 2304 externa
1055 2264 1197 2304 forma
1222 2264 1368 2305 solum
1394 2265 1500 2306 boni
1526 2280 1718 2319 apparu-

236 2330 381 2372 erunt,
406 2331 512 2365 tunc
539 2325 705 2365 bonum
733 2331 975 2365 externum
1001 2327 1199 2375 evanuit,
1224 2333 1270 2367 et
1296 2327 1464 2368 malum
1491 2329 1719 2370 internum

236 2387 469 2439 apparuit;
506 2400 610 2427 nam
641 2388 685 2427 in
711 2393 905 2428 externo
930 2387 1008 2428 illo
1039 2388 1159 2429 bono
1185 2389 1459 2430 tenebantur
1484 2404 1563 2443 per
1593 2404 1718 2432 com-

237 2449 586 2489 municationem
613 2462 713 2489 cum
745 2449 831 2489 iliis
863 2450 982 2490 intra
1007 2451 1197 2491 eandem
1224 2453 1493 2493 societatem
1521 2455 1593 2506 qui
1626 2467 1717 2494 non

237 2510 373 2551 modo
398 2512 599 2551 exterius
621 2512 699 2552 sed
726 2512 863 2552 etiam
886 2513 1071 2552 interius
1096 2513 1201 2553 boni
1223 2521 1367 2563 erant,
1392 2521 1439 2555 ut
1463 2529 1596 2568 supra
1622 2517 1716 2557 dic-

237 2579 334 2614 tum
359 2580 456 2623 est;
494 2587 629 2627 quare
655 2587 755 2614 cum
782 2574 949 2614 bonurn
976 2582 1216 2616 externum
1243 2576 1372 2617 malis
1399 2577 1601 2618 ablatum
1628 2586 1714 2627 est,

236 2642 395 2688 aperta
426 2642 530 2676 sunt
562 2636 775 2676 interiora
806 2650 974 2684 eorum,
1003 2651 1117 2690 quae
1148 2651 1269 2679 mere
1300 2639 1429 2680 malis
1461 2647 1507 2680 et
1540 2638 1716 2682 [¹¹foedis

237 2703 527 2747 scatuerunt;
559 2698 663 2738 inde
685 2699 832 2751 patuit
855 2698 1010 2751 quales
1036 2701 1079 2740 in
1106 2713 1153 2740 se
1178 2708 1346 2742 essent.
1410 2702 1535 2743 Haec
1563 2704 1716 2756 itaque

238 2765 342 2799 sunt
365 2773 478 2812 quae
504 2761 548 2800 in
575 2761 723 2813 specie
748 2760 1064 2813 intelliguntur
1086 2776 1164 2815 per
1189 2764 1308 2816 quod
1334 2765 1462 2804 “bini
1489 2772 1633 2806 testes
1656 2780 1716 2806 ex

238 2821 455 2862 mandato
481 2823 766 2862 ascenderint
794 2823 836 2862 in
863 2823 1036 2864 caelum
1068 2825 1112 2864 in
1139 2826 1270 2873 nube,
1298 2833 1344 2867 et
1377 2827 1496 2880 quod
1521 2828 1715 2869 viderint

237 2883 338 2925 illos
364 2884 527 2925 inimici
553 2898 704 2926 eorum
721 2885 755 2937 ;¹'
786 2891 832 2927 et
860 2899 975 2928 nunc
1002 2887 1121 2941 quod
1146 2889 1227 2930 “in
1253 2888 1330 2930 illa
1355 2889 1466 2931 hora
1491 2889 1632 2932 faetus
1657 2891 1716 2933 sit
