1962 3334
0 3282 15 3334 μ’
0 3169 7 3258 «,-,--.
0 3134 4 3143 ἡ

531 275 637 307 CAP.
660 275 742 315 XL,
764 274 903 307 VERS.
930 266 1098 306 18.—N.
1119 264 1280 319 696[c].
1458 266 1463 269 ’
1542 264 1648 317 1863

166 386 286 428 enim
312 385 539 439 significat
566 385 738 427 cultum
769 400 828 427 ex
861 386 1027 427 Divino
1052 386 1284 440 spirituali,
1312 385 1447 439 quod·
1465 391 1535 426 est
1567 385 1649 426 Di-

164 448 319 488 vinum
355 447 527 488 Verum
546 461 555 497 ;
600 458 703 495 (quod
717 459 750 487 id
763 455 996 496 per‘¹suffire”
1011 458 1214 495 significetur,
1230 458 1375 486 videatur
1387 467 1493 495 supra,
1508 467 1539 486 n.
1557 457 1651 498 324,

163 516 260 557 491,
287 515 383 557 492,
410 517 506 556 494.
543 505 660 556 567:)
710 506 875 545 dicitur
922 505 1144 557 “spiritus
1195 505 1462 557 sapientiae,
1501 504 1649 544 ‚intel-

165 566 396 619 ligentiac,
424 566 639 606 scientiae
670 573 717 606 et
749 565 963 614 timoris,‘’
987 579 1039 606 ac
1073 579 1151 619 per
1179 564 1456 619 “spiritum’'
1481 565 1649 606 intelli-

164 629 286 681 gitur
325 628 536 668 Divinum
573 628 836 681 procedens,
876 634 922 669 et
963 642 1042 681 per
1085 629 1328 682 “spiritum
1369 627 1651 681 sapientiae'’

164 690 434 743 intelligitur
456 691 667 731 Divinum
689 691 903 739 caeleste,
923 691 1042 744 quod
1069 698 1139 732 est
1163 691 1375 731 Divinum
1398 691 1651 744 procedens

164 760 398 806 receptum
414 753 472 793 ab
493 754 668 806 angelis
686 751 832 794 fflcaeli
855 754 999 794 intimi
1021 768 1099 794 seu
1123 754 1271 803 tertii;
1304 768 1382 807 per
1406 754 1649 807 “spiritum

163 815 494 867 intelligentiae
506 815 526 830 ”
565 815 835 869 intelligitur
876 816 1088 856 Divinum
1131 816 1375 870 spirituale,
1418 816 1537 870 quod
1579 822 1649 856 est

136 898 139 902 ·
166 877 377 918 Divinum
400 879 649 931 procedens
671 885 904 932 receptum
926 879 984 919 ab
1005 879 1180 931 angelis
1203 880 1338 919 medii
1364 893 1443 919 seu
1464 878 1650 919 secundi

165 939 306 990 caeli;
338 954 416 994 per
443 941 683 993 “spiritum
709 942 925 982 scientiae
940 941 959 955 ”
981 940 1252 994 intelligitur
1277 941 1490 981 Divinum
1517 947 1649 981 natu-

164 1002 271 1051 rale,
310 1003 430 1056 quod
466 1010 536 1044 est
574 1003 784 1044 Divinum
822 1004 1075 1056 procedens
1113 1010 1346 1057 receptum
1383 1005 1440 1044 ab
1475 1004 1650 1057 angelis

165 1064 310 1105 ultimi
335 1079 412 1106 seu
438 1067 566 1119 primi
591 1066 729 1116 caeli;
774 1073 820 1107 et
846 1080 925 1120 per
952 1067 1194 1120 “spiritum
1221 1067 1394 1107 timoris
1418 1067 1651 1119 Jehovae'’

164 1128 433 1181 intelligitur
461 1142 595 1170 omne
626 1128 831 1170 sanctum
863 1129 1012 1170 cultus
1049 1144 1108 1170 ex
1141 1130 1229 1169 illis
1262 1130 1449 1170 Divinis.
1510 1130 1650 1184 Apud

165 1191 424 1241 Jeremiam,

231 1280 365 1312 “Dabo
386 1281 454 1312 illis
473 1291 534 1312 cor
551 1291 661 1312 unum
681 1287 715 1312 et
732 1281 827 1312 viam
846 1291 955 1312 unam
975 1282 1020 1312 ad
1041 1282 1235 1312 timendum
1259 1281 1320 1312 Me
1339 1282 1507 1313 omnibus
1526 1282 1651 1313 diebus

340 1325 375 1355 in
399 1325 532 1355 bonum
558 1325 653 1362 illis„
667 1350 676 1356 .
689 1349 697 1356 .
711 1331 762 1356 .et
785 1325 909 1355 feriam
939 1325 1009 1356 illis
1038 1321 1176 1356 foedus‘
1189 1325 1348 1363 saeculi„
1362 1350 1370 1357 .
1384 1351 1391 1356 .
1406 1332 1457 1356 .et
1485 1326 1650 1356 timorem

340 1377 463 1450 meum)
477 1368 571 1399 dabo
594 1369 630 1399 in
654 1378 715 1399 cor
737 1378 871 1406 eorum,
891 1374 930 1399 ut
949 1378 1021 1399 non
1042 1369 1210 1400 recedant
1229 1370 1275 1399 ab
1298 1369 1393 1409 apud
1419 1368 1479 1400 Me
1493 1369 1510 1380 ''
1529 1369 1650 1409 (xxxii.

338 1419 391 1451 39,
407 1419 451 1450 40
476 1422 483 1443 :

168 1501 194 1519 ‘⁸
207 1498 340 1539 Dabo
356 1498 444 1538 illis
458 1511 536 1539 cor
550 1512 685 1539 unum
704 1505 750 1539 et
767 1499 885 1539 viam
901 1512 1034 1539 unam
1049 1499 1105 1539 ad
1124 1500 1373 1540 timendum
1390 1499 1465 1540 Me
1477 1500 1497 1514 ”
1510 1500 1649 1552 signi-

166 1560 273 1602 ficat
298 1574 433 1602 unam
459 1561 745 1602 voluntatem
772 1568 818 1602 et
850 1575 986 1601 unum
1012 1560 1293 1602 intellectum
1325 1563 1382 1602 ad
1409 1562 1650 1603 colendum

167 1623 438 1672 Dominum;
478 1623 625 1664 “cor”
656 1623 879 1676 significat
911 1625 1079 1664 bonum
1111 1625 1375 1672 voluntatis,
1406 1625 1547 1665 “via”
1572 1639 1650 1666 ve-

166 1698 263 1726 rum
288 1684 544 1726 intellectus
570 1686 755 1734 ducens,
783 1693 830 1727 et
858 1688 1032 1727 “timor
1045 1687 1064 1701 ”
1090 1685 1294 1727 sanc'tum
1322 1687 1493 1728 cultum
1518 1688 1648 1728 inde:

168 1747 386 1789 “Feriam
418 1748 504 1788 illis
534 1748 689 1789 foedus
726 1749 908 1796 saeculi,
942 1756 988 1789 et
1027 1750 1235 1790 timorem
1274 1764 1422 1790 meum
1455 1751 1574 1791 dabo
1605 1751 1650 1791 in

167 1823 245 1852 cor
265 1811 459 1858 eorum‚”
481 1811 705 1863 significat
728 1810 1090 1864 conjunctionem
1117 1813 1386 1865 perbonum
1414 1814 1577 1853 amoris
1604 1820 1651 1854 et

167 1885 247 1927 per
275 1886 429 1914 verum
461 1873 577 1913 illius
608 1873 714 1914 boni
745 1874 789 1913 in
821 1873 972 1923 cultu;
1018 1874 1211 1914 “foedus
1226 1875 1245 1888 ”
1277 1882 1346 1915 est
1379 1874 1648 1927 conjunctio,

169 1935 342 1976 “timor
377 1936 421 1976 in
458 1936 625 1983 corde‘’
661 1943 732 1977 est
772 1935 978 1977 sanctum
1015 1937 1163 1977 cultus
1202 1951 1261 1978 ex
1301 1952 1408 1978 vero
1448 1939 1491 1978 in
1529 1939 1651 1979 bono

167 1998 356 2038 amoris:
392 2002 479 2039 “ut
506 2012 595 2038 non
618 1999 834 2039 recedant
860 1999 917 2039 ab
940 2000 1058 2052 apud
1085 1999 1191 2039 Me‘’
1216 2000 1440 2052 significat
1467 2008 1652 2054 propter

168 2058 556 2112 conjunctionem:
596 2062 807 2114 quoniam
840 2060 1097 2113 conjunfflo
1129 2075 1230 2102 cum
1263 2063 1460 2103 Domino
1492 2063 1541 2104 fit
1573 2077 1653 2117 per

167 2137 275 2164 vera
290 2137 350 2164 ex
373 2124 507 2171 bono,
527 2130 572 2164 et
597 2137 686 2163 non
710 2138 788 2177 per
804 2138 910 2164 vera
931 2125 1099 2178 absque
1121 2125 1255 2171 bono,
1277 2139 1358 2166 nec
1382 2140 1460 2179 per
1482 2127 1651 2167 bonum

167 2185 338 2239 absque
363 2187 491 2235 veris,
519 2186 620 2226 ideo
645 2187 806 2227 dicitur
830 2187 889 2226 ibi
915 2194 1164 2240 utrumque.
1226 2187 1365 2241 Apud
1391 2189 1626 2238 Davidem,

234 2280 253 2293 “
264 2278 401 2310 Domus
415 2279 604 2316 Aharonis,
618 2280 783 2311 confidite
797 2281 832 2311 in
845 2279 1006 2321 Jehovah
1023 2290 1046 2317 ;.
1060 2305 1068 2312 .
1083 2305 1091 2312 .
1104 2281 1287 2314 .timentes
1298 2282 1469 2324 Jehovae,
1483 2283 1651 2315 confidite

342 2323 376 2354 in
393 2322 554 2364 jehovah
566 2323 583 2334 ’'
601 2323 672 2362 (Ps.
690 2333 765 2354 cxv.
787 2332 835 2360 10,
856 2327 926 2362 11):

169 2422 248 2462 per
275 2409 497 2450 “domum
530 2409 792 2450 Aharonis''
818 2410 1129 2462 significantur
1160 2425 1317 2452 omnes
1349 2414 1421 2466 qui
1453 2414 1497 2453 in
1529 2414 1650 2454 bono

169 2473 334 2512 amoris
378 2480 509 2522 sunt;
561 2479 607 2513 et
652 2487 729 2526 per
773 2474 1027 2514 “timentes
1066 2474 1298 2526 jehovae''
1339 2476 1651 2528 significantur

170 2547 329 2575 omnes
355 2536 427 2588 qui
454 2536 498 2575 in
520 2549 626 2575 vero
653 2550 711 2576 ex
739 2535 816 2576 illo
842 2536 963 2576 bono
989 2544 1106 2577 sunt.
1169 2537 1220 2577 In
1246 2538 1536 2591 Apocalypsi,

241 2628 401 2668 Angelus
419 2629 554 2659 habens
576 2629 806 2668 Evangelium
827 2636 1010 2660 aeternum
1031 2630 1127 2667 dixit,
1147 2630 1315 2662 “Timete
1338 2631 1451 2663 Deum
1472 2639 1506 2663 et
1526 2633 1623 2664 date.
1637 2658 1645 2666 .

341 2672 517 2711 gloriam..
532 2697 539 2703 .
554 2697 560 2703 .
576 2673 735 2703 ‚adorate
755 2672 874 2712 Ipsum
886 2672 904 2683 ''
921 2674 1003 2711 (xiv.
1022 2675 1072 2712 7):

170 2773 248 2813 per
268 2760 462 2800 “timere
487 2759 629 2800 Deum
653 2766 698 2800 et
722 2761 827 2801 dare
852 2760 941 2814 Ipsi
962 2760 1183 2813 gloriam”
1201 2762 1477 2814 significatur
1500 2762 1648 2803 colere

172 2821 414 2862 Dominum
441 2836 499 2862 ex
526 2821 692 2862 sanetis
718 2824 860 2871 veris;
894 2830 939 2864 et
966 2823 1189 2865 “adorare
1219 2825 1401 2878 Ipsum''
1424 2824 1648 2877 significat

171 2898 229 2924 ex
256 2884 375 2924 bono
401 2886 575 2925 amoris.
638 2884 772 2938 Apud
799 2885 1030 2934 Dar-idem,
