1962 3334
628 281 736 315 CAP.
758 279 840 320 XL,
862 253 1003 311 VERs.
1024 269 1173 310 8.-N.
1194 264 1355 320 652[c].
1486 255 1489 257 ’
1631 251 1736 316 1707

245 394 560 449 significentur
585 389 858 433 doctrinalia
878 388 1120 435 ecclesiae,
1145 393 1193 427 et
1222 399 1304 440 per
1326 383 1546 438 “plateas
1568 382 1736 423 Hiero-

248 458 456 511 solymae
468 456 488 471 '‘
513 469 622 496 vera
645 451 1018 504 doctrinaeejus.
1075 450 1218 503 Apud
1242 448 1455 496 eundem,

311 554 332 567 ⁴¹
343 549 475 584 [¹1Num
495 551 596 583 obliti
614 550 702 582 estis
721 549 927 586 malorum„
941 572 949 579 .
963 572 971 579 .
985 556 1091 588 .quae
1110 546 1271 577 fecerunt
1290 544 1326 576 in
1347 549 1442 575 terra
1460 542 1631 584 Jehudae,
1647 548 1683 574 et
1699 541 1736 573 in

419 595 548 636 plateis
566 593 843 634 Hierosolymae
851 591 887 624 ?''
904 589 1038 632 (1²1x1iv.
1055 599 1076 630 9
1089 589 1112 628 :)

245 702 327 742 per
348 692 559 729 “terram
580 686 787 740 Jehudae
801 684 822 700 ”
843 683 1125 737 significatur
1149 681 1346 723 ecclesia
1370 679 1522 734 quoad
1546 679 1735 727 bonum,

245 751 307 791 ibi
336 750 488 804 quoad
513 749 711 798 malum;
747 754 794 789 et
824 761 904 801 per
931 746 1151 799 “plateas
1178 742 1569 796 Hierosolymae”
1594 741 1736 795 signi-

249 812 442 854 ficantur
478 826 587 853 vera
624 810 874 859 doctrinae,
906 809 978 850 hic
1013 808 1130 849 salsa
1159 806 1396 848 doctrinae
1426 805 1535 859 ejus.
1592 804 1734 858 Apud

248 873 534 924 Ezechielem,
544 886 548 889 ·

311 963 331 977 “
343 962 412 994 Per
426 962 580 1003 ungulas
593 970 764 1002 equorum
775 969 921 992 suorum
934 958 1156 991 conculcabit
1168 957 1187 970 ”
1202 954 1505 989 Nebuchadnezar
1515 965 1578 987 rex
1592 955 1737 1005 Babelis

420 1007 581 1055 f‘omnes
606 1006 743 1046 plateas
767 1011 858 1042 tuas,
878 1004 1054 1054 populum.
1069 1002 1190 1052 gladio
1213 1001 1360 1038 occidet,
1370 1006 1416 1056 ,et
1438 1006 1576 1050 statuas
1597 999 1737 1030 roboris

418 1059 455 1080 m
473 1056 585 1081 terras
602 1048 820 1080 descendere
836 1047 964 1083 faciet:
988 1047 1157 1087 diripient
1173 1055 1261 1086 opes
1280 1052 1360 1076 tuas
1406 1043 1514 1084 (xxvi.
1534 1051 1584 1081 11,
1604 1044 1677 1082 12):

248 1154 326 1194 per
351 1139 867 1181 “Nebuchadnezarem
893 1151 1050 1191 regem
1077 1136 1295 1177 Babelis”
1320 1135 1603 1189 significatur
1632 1148 1739 1188 pro-

247 1203 418 1244 fanatio
455 1204 566 1252 veri,
593 1209 640 1244 et
678 1203 785 1243 inde
815 1200 1068 1242 destructio
1098 1200 1218 1253 ejus:
1261 1199 1384 1253 quod
1420 1212 1501 1252 per
1529 1198 1736 1239 fallacias

247 1266 470 1306 sensualis
499 1266 695 1306 hominis
725 1264 1039 1306 destructurus
1075 1265 1133 1305 sit
1169 1264 1323 1304 omnia
1350 1276 1459 1303 vera
1494 1261 1735 1309 ecclesiae,

247 1328 527 1381 significatur
552 1343 632 1382 per
656 1329 777 1382 quod
806 1332 926 1381 “per
950 1327 1144 1380 ungulas
1170 1339 1389 1380 equorum
1415 1338 1599 1365 suorum
1622 1337 1735 1365 con-

247 1391 447 1432 culcabit
486 1405 647 1432 omnes
685 1390 865 1444 plateas
904 1397 1007 1431 tuas
1025 1390 1060 1430 :”
1104 1390 1226 1443 quod
1265 1389 1474 1429 destruet
1512 1401 1621 1428 vera
1655 1401 1737 1440 per

247 1453 374 1502 falsa,
406 1453 688 1507 significatur
726 1467 807 1506 per
845 1453 967 1506 quod
1009 1452 1205 1506 “gladio
1244 1451 1424 1492 occidet
1463 1450 1682 1504 populum
1701 1449 1737 1490 :”

246 1516 368 1569 quod
398 1517 462 1557 sic
493 1517 635 1557 etiam
665 1529 850 1557 omnem
881 1516 1056 1557 cultum
1087 1529 1147 1556 ex
1181 1515 1315 1563 veris,
1346 1513 1627 1566 significatur
1657 1526 1737 1566 per

247 1579 366 1633 quod
393 1583 605 1620 “statuas
629 1579 801 1620 roboris
830 1580 875 1619 in
906 1585 1048 1619 terras
1073 1578 1348 1619 descendere
1372 1578 1504 1619 faciet
1522 1578 1555 1628 ;’‘
1588 1581 1725 1619 “sta-

246 1649 351 1682 tuae
363 1641 383 1656 ’'
408 1643 526 1682 enim
557 1641 811 1695 significant
841 1639 1046 1682 sanctum
1076 1641 1248 1682 cultum
1278 1655 1338 1681 ex
1367 1641 1510 1691 veris;
1547 1647 1593 1681 et
1623 1642 1727 1695 quia

244 1707 390 1747 omnis
412 1708 623 1760 potentia
648 1714 719 1748 est
741 1708 835 1747 veri
859 1720 920 1747 ex
942 1707 1080 1754 bono,
1103 1712 1327 1746 vocantur
1350 1710 1572 1745 “statuae
1594 1705 1732 1744 robo-

243 1768 304 1809 ris
319 1768 356 1809 :”
380 1769 503 1822 quod
525 1771 666 1810 etiam
681 1770 895 1810 'destruet
912 1769 1203 1822 cognitiones
1223 1769 1333 1817 veri,
1351 1767 1634 1820 significatur
1654 1780 1735 1820 per

244 1831 367 1884 quod
394 1832 645 1885 “diripient
670 1831 814 1885 opes”
839 1842 943 1879 (quod
958 1839 976 1850 ¹·
987 1842 1094 1880 opes”
1110 1847 1142 1871 et
1155 1840 1341 1870 ‘'divitiae'’
1357 1842 1420 1870 sint
1438 1840 1638 1878 cognitiones
1657 1840 1736 1874 veri,

244 1905 391 1934 videatur
403 1913 435 1935 n.
449 1905 473 1934 2
479 1894 562 1946 36).
619 1895 760 1948 Apud
786 1894 998 1943 eundem,

311 1986 548 2018 “Aedificasti
568 1987 633 2018 tibi
653 1987 845 2025 excelsum,
862 1993 898 2019 et
916 1987 1034 2019 fecisti
1054 1987 1119 2019 tibi
1139 1987 1252 2018 altum
1276 1988 1313 2018 in
1337 1987 1438 2018 omni
1462 1987 1603 2027 platea:
1627 1996 1733 2027 supet

419 2031 520 2062 omni
537 2031 654 2071 capite
674 2031 755 2062 viae
774 2031 893 2063 fecisti
910 2031 974 2062 tibi
993 2031 1178 2062 excelsum
1198 2037 1309 2069 tuum,
1327 2037 1363 2062 et
1381 2030 1665 2062 abominabilem
1684 2030 1736 2062 fe-

417 2074 499 2105 cisti
516 2074 817 2114 pulchritudinem
834 2080 933 2106 tuam
944 2074 963 2086 ’¹
979 2074 1062 2114 (xvi.
1082 2083 1133 2113 24,
1151 2082 1203 2113 25,
1224 2074 1299 2114 31):

245 2177 329 2218 per
367 2164 624 2205 “excelsa”
663 2165 782 2218 apud
823 2166 1038 2219 antiquos
1077 2165 1418 2218 significabatur
1455 2165 1648 2212 caelum,
1686 2170 1734 2205 et

195 2222 200 2229 ’
247 2239 427 2280 quoque
449 2240 528 2280 per
552 2227 736 2268 “altum
754 2227 789 2278 ;”
820 2228 939 2268 unde
964 2228 1076 2268 ritus
1101 2227 1384 2268 sacrificandi
1408 2241 1542 2280 super
1563 2228 1735 2268 monti·

246 2288 331 2328 bus
360 2288 481 2337 altis,
508 2295 555 2330 et
585 2289 688 2330 loco
713 2303 870 2330 eorum
895 2303 1030 2342 super
1055 2290 1253 2330 excelsis
1278 2291 1322 2330 in
1346 2290 1492 2330 altum
1517 2289 1730 2330 aedifica-

245 2351 332 2401 tis;
364 2365 503 2405 quare
528 2351 679 2402 cultus
709 2366 769 2399 ex
795 2352 926 2392 malis
956 2359 1003 2392 et
1033 2352 1158 2393 falsis
1188 2353 1423 2394 doetrinae
1453 2352 1737 2406 significatur

247 2426 328 2466 per
355 2413 541 2454 “facere
571 2414 808 2455 excelsum
840 2421 886 2455 et
918 2415 1063 2455 altum
1093 2416 1138 2455 in
1169 2416 1293 2455 omni
1323 2416 1494 2469 platea,
1522 2422 1568 2456 et
1601 2429 1737 2468 super

240 2476 370 2516 *omni
394 2477 544 2529 capite
569 2477 668 2517 viae
686 2477 721 2517 :’'
757 2483 803 2517 et
834 2477 940 2530 quia
966 2477 1117 2518 cultus
1147 2478 1224 2518 ille
1249 2478 1566 2519 idololatricus
1591 2478 1736 2519 faetus

246 2543 333 2586 est,
359 2538 463 2579 ideo
493 2539 657 2579 dicitur
681 2540 803 2592 quod
831 2540 1227 2581 “abominabilem
1256 2540 1447 2582 fecerint
1469 2541 1735 2599 ‘pulchritu-

247 2599 400 2640 dinem
425 2614 578 2651 suam;
611 2615 691 2654 per
718 2602 1144 2654 “pulchritudinem
1157 2602 1176 2617 ’‘
1201 2603 1477 2656 intelligitur
1501 2617 1657 2644 verum
1687 2610 1735 2644 et

246 2661 352 2702 inde
382 2662 709 2716 intelligentia,
741 2665 930 2717 quisque
961 2665 1082 2704 enirn
1122 2665 1166 2705 in
1202 2666 1374 2706 mundo
1404 2666 1627 2719 spirituali
1662 2672 1735 2707 est

251 2723 479 2786 [pulcher]
507 2726 758 2766 secundum
784 2740 890 2767 vera
914 2740 974 2767 ex
1005 2727 1127 2768 bono
1152 2734 1198 2768 et
1229 2729 1334 2769 inde
1359 2728 1733 2782 intelligentiam.

247 2786 388 2840 Apud
413 2787 570 2837 Amos,

313 2877 385 2910 “In
409 2879 576 2911 omnibus
601 2880 729 2920 plateis
753 2879 879 2918 ludius,
897 2888 933 2913 et
957 2882 993 2913 in
1014 2883 1182 2926 omnibus
1206 2884 1295 2916 vicis
1319 2885 1449 2923 dicent,
1469 2885 1562 2922 Heu,
1580 2885 1672 2924 heu;
1700 2891 1735 2917 et

420 2924 602 2955 vocabunt
618 2924 814 2964 agricolam
830 2925 877 2956 ad
894 2923 1058 2958 ludium”
1074 2927 1119 2967 (v.
1140 2928 1211 2969 16):
