1962 3334
330 258 437 311 1650
738 268 1069 305 APOCALYPSIS
1101 273 1401 308 EXPLICATA.

389 381 408 395 ‘⁴
420 380 475 412 Tu
492 381 803 467 calcabisfgliyam),
822 385 885 416 sed
906 395 978 416 non
996 395 1110 427 unges
1128 392 1162 419 te
1180 387 1260 419 oleo
1276 397 1283 427 ;
1309 393 1344 420 et
1362 394 1529 428 mustum,
1547 390 1610 422 sed
1628 400 1700 422 non
1718 391 1818 424 bibes

496 435 620 457 vinum
683 436 727 458 v1.
748 435 785 466 15
817 437 824 466 ;

326 501 445 553 apud
471 501 512 541 A
521 516 627 551 mos,

391 578 411 591 “
425 577 604 610 Percussi.
620 579 782 611 .uredine
799 585 834 611 et
855 581 1018 621 rubigine
1039 582 1211 622 plurimos
1230 583 1355 615 hortos
1372 591 1523 624 vestros,
1541 591 1576 617 et
1595 586 1720 618 vineas
1740 596 1820 618 ves-

495 627 568 653 tras
593 628 628 653 et
657 623 742 654 ficus
767 631 916 662 vestras,
941 631 976 656 et
1001 626 1098 657 oleas
1123 633 1262 658 vestras
1287 629 1442 659 comedit
1465 639 1580 667 eruca,
1605 639 1670 661 nee
1698 635 1818 662 tamen

495 666 628 697 reversi
647 667 734 698 estis
750 667 796 698 ad
815 667 905 699 Me’'
923 668 981 708 (iv.
1000 669 1053 709 9):

320 763 399 803 per
427 751 623 792 “hortos
637 751 655 766 ''
677 751 986 805 significantur
1011 753 1087 795 illa
1113 769 1226 808 quae
1253 756 1584 810 intelligentiae
1610 758 1818 811 spiritua·

320 812 373 853 lis
399 820 530 865 sunt;
564 828 643 867 per
669 816 939 857 “uredinem
966 823 1012 858 et
1039 818 1324 871 rubiginem'’
1349 820 1628 872 significatur
1651 821 1818 862 malum

319 883 366 918 et
393 877 551 918 falsum
578 879 622 919 in
649 880 882 926 extremis,
911 894 988 920 seu
1019 895 1078 921 ex
1105 882 1300 922 sensuali
1327 896 1574 936 corporeo;
1611 898 1690 938 per
1714 886 1818 927 “vi-

320 953 427 980 neas
439 940 457 955 ’'
483 940 794 994 significantur
819 956 924 983 vera
956 943 1203 996 spiritualia
1234 959 1312 985 seu
1343 946 1556 987 interiora
1581 947 1815 996 ecclesiae,

319 1015 398 1055 per
429 1002 607 1044 “ficus’'
638 1005 757 1045 bona
794 1011 839 1046 et
877 1019 983 1046 vera
1014 1008 1245 1048 exteriora
1282 1022 1395 1061 quae
1427 1010 1563 1050 etiam
1597 1017 1819 1058 vocantur

318 1066 518 1114 moralia,
552 1080 630 1120 per
664 1067 855 1108 “oleas‘'
886 1075 1038 1109 autem
1071 1070 1189 1111 bona
1220 1071 1453 1120 ecclesiae,
1487 1079 1533 1113 et
1565 1086 1645 1125 per
1677 1077 1816 1114 “eru-

319 1129 451 1170 cam‘’
477 1130 757 1183 significatur
788 1131 947 1172 falsum
981 1133 1219 1174 destruens
1251 1134 1433 1176 bonum.
1494 1135 1632 1189 Apud
1658 1136 1815 1177 Haba-

318 1192 418 1241 kuk,

384 1268 516 1300 “Ficus
537 1279 610 1300 non
631 1269 781 1307 florebit,
801 1279 866 1301 nec
883 1276 1080 1310 proventus
1101 1271 1136 1302 in
1155 1271 1297 1310 vitibus,
1316 1273 1508 1304 mentietur
1527 1283 1616 1314 opus
1634 1274 1817 1313 olivetum,

491 1318 526 1344 et
542 1322 628 1352 ager
644 1323 717 1344 non
738 1313 847 1345 faciet
863 1314 979 1345 cibum
992 1313 1010 1325 ’'
1028 1314 1088 1353 (iii.
1110 1315 1162 1354 17)
1176 1326 1182 1347 :

317 1413 396 1453 per
423 1399 607 1441 “ficus”
633 1401 770 1441 etiam
803 1401 875 1442 hie
908 1401 1222 1455 significantur
1253 1409 1447 1444 externa
1479 1404 1712 1454 ecclesiae,
1740 1412 1818 1458 per

319 1463 504 1504 “vites’'
542 1464 719 1504 interna
760 1463 865 1516 ejus,
906 1478 985 1517 per
1023 1465 1310 1506 “olivetum''
1346 1467 1464 1508 bona
1504 1467 1610 1520 ejus,
1651 1475 1697 1509 et
1739 1482 1818 1521 per

319 1526 546 1580 “agrum”
577 1528 673 1580 ipsa
710 1527 903 1569 ecclesia
943 1529 1061 1581 apud
1099 1529 1343 1571 hominem.
1405 1531 1457 1571 In
1493 1530 1629 1572 Libro
1658 1531 1816 1573 Primo

318 1589 554 1639 Samuelis,
1794 1590 1796 1592 V

415 1678 492 1710 Rex
514 1680 649 1719 “agros
670 1685 820 1717 vestrOS,
840 1685 875 1711 et
893 1680 1017 1712 vineas
1035 1686 1183 1718 vestras,
1202 1686 1236 1712 et
1253 1681 1387 1713 oliveta
1403 1688 1537 1714 vestra.
1552 1689 1684 1715 .sumet
1703 1690 1738 1715 et
1756 1684 1817 1715 da-

492 1723 543 1760 bit
561 1723 673 1754 servis
692 1723 764 1755 suis
776 1723 793 1734 ”
811 1723 895 1763 (νὶἰί.
917 1724 988 1763 Ι4);

316 1809 453 1850 etiam
485 1808 555 1849 hic
588 1822 667 1861 per
695 1809 908 1862 “agrOS,”
936 1810 1127 1850 “vineas
1144 1810 1163 1825 ”
1190 1817 1236 1851 et
1265 1810 1510 1860 “oliveta,''
1536 1811 1694 1853 similia
1720 1813 1810 1866 sig-

260 1916 270 1927 ·
317 1871 578 1912 nificantur:
607 1872 754 1924 agitur
772 1873 830 1912 ibi
853 1872 908 1912 de
925 1872 1027 1925 Jure
1052 1872 1205 1926 Regis,
1226 1887 1304 1926 per
1321 1874 1439 1927 quod
1462 1875 1520 1915 ibi
1542 1875 1810 1928 intelligitur

317 1941 364 1975 et
396 1935 664 1975 describitur
693 1935 938 1975 dominium
971 1935 1187 1976 naturalis
1219 1936 1411 1977 hominis
1442 1951 1573 1990 super
1601 1939 1808 1990 spiritua·

316 1997 433 2048 lem;
471 1998 590 2052 quod
618 2011 780 2050 nempe
807 1998 1011 2039 destruet
1036 1999 1187 2039 omnia
1213 2013 1319 2039 vera
1350 2006 1395 2040 et
1423 2000 1542 2040 bona
1573 2001 1805 2049 ecclesiae,

317 2067 365 2102 et
388 2061 465 2101 illa
487 2061 651 2101 servire
673 2061 806 2102 faciet
831 2060 1022 2102 naturali
1045 2061 1228 2110 homini,
1249 2062 1435 2114 proinde
1459 2062 1586 2103 malis
1604 2070 1650 2104 et
1673 2063 1807 2105 salsis.

319 2124 371 2165 In
397 2123 533 2173 Libro
558 2124 786 2172 Juclicum,

386 2212 530 2255 Jotham
556 2213 645 2244 dixit
672 2213 717 2244 ad
745 2213 841 2244 cives
867 2213 1085 2251 Schechemi,
1112 2213 1170 2254 qui
1195 2223 1315 2253 regem
1341 2213 1501 2247 fecerunt
1526 2214 1811 2249 Abimelechum‚

490 2258 508 2271 “
521 2257 668 2288 Iverunt
684 2257 829 2287 arbores
847 2257 891 2288 ad
908 2257 1114 2296 ungendum
1135 2267 1241 2297 super
1258 2267 1295 2288 se
1314 2267 1445 2297 regem,
1463 2264 1498 2289 et
1514 2258 1680 2290 dixerunt
1697 2260 1809 2296 oleae,

490 2300 617 2340 Regna
636 2306 674 2331 tu
694 2310 800 2340 super
820 2310 908 2337 nos;
933 2300 997 2331 sed
1017 2300 1105 2331 dixit
1126 2300 1177 2331 eis
1197 2300 1286 2338 olea,
1309 2300 1401 2331 Num
1423 2311 1563 2332 cessare
1583 2301 1710 2334 faciam
1732 2303 1811 2343 pin-

488 2344 678 2384 guedinem
693 2353 821 2382 meam,
837 2353 941 2384 quam
960 2344 995 2374 in
1011 2353 1067 2374 me
1084 2344 1264 2374 honorant
1280 2343 1376 2375 Deus
1393 2351 1428 2375 et
1445 2345 1620 2383 homines,
1636 2352 1671 2377 et
1688 2346 1746 2377 ibo
1763 2347 1809 2378 ad

489 2387 706 2419 movendum
725 2397 781 2418 me
803 2397 909 2427 super
928 2388 1099 2419 arbores?
1146 2387 1189 2418 Et
1206 2387 1372 2419 dixerunt
1389 2389 1535 2419 arbores
1554 2389 1600 2420 ad
1620 2389 1734 2428 ficum,
1754 2389 1810 2421 Ito

488 2437 535 2469 tu,
551 2438 700 2471 regnato
718 2441 826 2471 super
842 2441 909 2462 nos
924 2440 930 2468 ;
956 2431 1019 2462 sed
1036 2431 1124 2462 dixit
1141 2431 1185 2462 ad
1203 2431 1281 2462 illas
1299 2430 1394 2469 ficus,
1411 2431 1504 2462 Num
1523 2442 1663 2464 cessare
1680 2433 1808 2464 faciam

488 2475 712 2506 dulcedinem
731 2484 859 2512 meam,
878 2481 912 2506 et
933 2480 1145 2514 proventum
1164 2484 1281 2505 meum
1300 2476 1444 2513 bonum,
1463 2481 1498 2506 et
1518 2476 1577 2506 ibo
1597 2477 1641 2507 ad
1662 2486 1808 2508 moven—

488 2518 572 2549 dum
598 2528 654 2549 me
674 2528 780 2558 super
799 2519 970 2550 arbores?
1015 2518 1106 2548 Turn
1127 2517 1292 2549 dixerunt
1312 2519 1457 2550 arbores
1478 2519 1522 2550 ad
1542 2519 1662 2557 vitem,
1685 2519 1740 2551 Ito
1761 2526 1809 2558 tu,

487 2568 637 2601 regnato
657 2571 764 2601 super
783 2571 870 2597 nos;
896 2562 957 2592 sed
978 2562 1066 2592 dixit
1086 2562 1156 2592 illis
1178 2561 1272 2597 vitis,
1291 2562 1385 2592 Num
1406 2572 1546 2593 cessare
1566 2563 1693 2594 faciam
1714 2573 1810 2595 mus-

487 2611 562 2636 tum
581 2615 700 2636 meum
721 2605 915 2636 laetificans
938 2605 1052 2636 Deum
1073 2611 1107 2636 et
1127 2605 1302 2643 homines,
1320 2611 1354 2636 et
1374 2606 1432 2636 ibo
1452 2606 1494 2636 ad
1517 2607 1732 2638 movendum
1752 2617 1809 2638 me

488 2659 595 2688 super
615 2650 787 2681 arbores?
833 2648 877 2679 Et
897 2649 1062 2679 dixerunt
1082 2658 1209 2679 omnes
1229 2650 1375 2679 arbores
1396 2650 1440 2680 ad
1461 2649 1659 2689 rhamnum,
1685 2650 1739 2682 Ito
1759 2657 1807 2688 tu,

487 2698 637 2732 regnato
655 2702 761 2732 super
779 2702 844 2722 nos
861 2702 867 2727 :
887 2698 922 2723 et
939 2692 1026 2723 dixit
1044 2692 1213 2722 rhamnus
1231 2693 1275 2723 ad
1293 2693 1449 2730 arbores,
1468 2693 1503 2724 Si
1520 2693 1555 2724 in
1574 2694 1723 2724 veritate
1742 2704 1806 2725 vos

487 2742 663 2775 ungentes
678 2746 734 2766 me
753 2736 788 2766 in
803 2746 921 2775 regern
937 2745 1043 2775 super
1056 2745 1132 2773 vos,
1147 2736 1265 2766 venite
1280 2742 1314 2766 et
1331 2735 1498 2767 confidite
1516 2736 1551 2767 in
1566 2738 1691 2768 umbra
1705 2746 1785 2768 mea
1799 2746 1806 2775 ;

487 2780 517 2810 si
535 2789 620 2810 vero
640 2789 722 2816 non,
742 2786 844 2810 exeat
863 2777 951 2810 [¹]ira
971 2789 1014 2810 ex
1032 2779 1183 2810 rhamno
1201 2785 1235 2810 et
1252 2779 1415 2811 comedat
1432 2779 1556 2811 cedros
1574 2779 1700 2811 Libani
1713 2780 1731 2792 ''
1748 2781 1806 2821 (ix.

489 2822 587 2862 7—16)
604 2834 609 2854 :

313 2926 392 2967 per
413 2913 522 2954 haec
545 2912 767 2965 Jothamis
790 2912 925 2953 verba
948 2911 1223 2965 significatur
1245 2912 1364 2966 quod
1393 2912 1511 2953 cives
1535 2911 1800 2953 Schechemi

1927 3308 1935 3329 ⁴*
1931 3282 1958 3293 ἡ
1927 3042 1960 3267 ,ε-ὲςὴΰὲήε--ςῐφ
1928 2791 1953 3029 24-4‘2„:„>,„‡.·'2-⁴
1936 2667 1941 2673 ··
1935 2631 1937 2633 ·
1933 2520 1939 2536 ²
1934 2419 1935 2423 ⁴
1937 2291 1940 2295 ’
1940 2251 1941 2254 „
