1962 3334
294 280 398 331 1482
702 288 1036 332 APOCALYPSIS
1067 290 1367 323 EXPLICATA.

287 401 389 442 veri
404 408 446 442 et
459 402 755 454 perceptionis
773 402 883 451 boni,
903 409 945 443 et
960 403 1024 444 sz'c
1039 402 1159 444 nihil
1170 403 1288 444 vitae
1303 403 1572 456 spiritualis,
1592 410 1776 446 constat

287 479 347 506 ex
365 466 699 518 significatione
720 470 745 487 “
758 466 953 515 videre,’'
971 467 1091 520 quod
1114 468 1172 508 sit
1193 467 1454 520 intelligere
1471 481 1627 508 verum
1645 478 1700 517 (de
1714 488 1779 517 qua

285 547 391 575 supra,
421 547 451 567 n.
487 539 547 573 ΙΙ,
578 528 726 577 260[α],
759 538 882 581 529);
927 543 987 570 ex
1018 529 1354 582 significatione
1388 530 1623 578 “audire,’'
1654 532 1776 584 quod
1844 529 1847 533 ’

286 587 345 627 sit
368 587 600 640 percipere
623 594 669 628 et
692 588 879 629 obedire
902 598 956 637 (de
976 609 1041 637 qua
1059 600 1153 628 etiam
1174 609 1279 637 supra,
1299 609 1330 629 n.
1358 600 1420 640 14,
1445 600 1557 642 249),
1581 597 1628 631 et
1654 591 1776 643 quod

286 650 344 690 sit
380 650 550 690 habere
586 650 874 692 intellectum
910 652 967 692 ad
1004 652 1349 705 percipiendum
1386 663 1431 701 (n.
1469 662 1592 704 529);
1634 659 1680 693 et
1716 666 1775 693 ex

285 711 616 763 significatione
646 712 955 761 “ambulare‚”
978 714 1097 766 quod
1129 715 1188 754 sit
1219 714 1369 754 vivere
1395 714 1701 767 spiritualiter,
1730 721 1776 755 et

285 785 387 812 Cum
409 773 466 813 de
490 773 704 822 DOman,
728 774 848 827 quod
875 775 933 814 Sit
964 775 1062 827 ipsa
1092 775 1186 815 Vita
1217 785 1272 823 (de
1295 794 1360 822 qua
1382 786 1477 814 etiam
1496 794 1601 823 supra,
1621 795 1652 816 n.
1676 785 1774 828 97);

285 847 343 874 ex
376 835 536 887 quibus
569 841 781 876 constare
813 842 967 888 potest
1000 836 1120 889 quod
1152 850 1230 889 per
1265 840 1393 876 “non
1424 837 1590 885 videre,
1624 837 1776 877 audire

284 903 330 938 et
368 898 639 947 ambulare,”
676 893 954 951 significetur
990 900 1111 952 quod
1149 913 1239 940 non
1276 900 1333 940 sit
1370 898 1631 940 intelletfftus
1667 901 1773 948 veri,

285 962 518 1014 perceptio
545 961 664 1010 boni,
689 968 735 1002 et
763 961 866 1002 inde
894 961 1043 1015 aliqua
1069 963 1163 1002 vita
1185 962 1443 1015 spiritualis.
1506 961 1640 1014 Quod
1663 962 1774 1003 haec

284 1036 375 1064 non
394 1025 483 1065 sint
502 1026 545 1065 in
564 1024 650 1065 illis
669 1031 715 1065 et
734 1025 791 1065 ab
805 1024 907 1073 illis,
928 1038 1091 1078 nempe
1110 1025 1255 1074 idolis,
1276 1031 1346 1066 est
1364 1026 1466 1079 quia
1488 1039 1566 1078 per
1586 1025 1775 1066 “idola”

283 1086 596 1140 significantur
635 1087 748 1128 falsa
784 1086 1031 1136 doctrinae,
1070 1088 1301 1141 religionis
1338 1094 1384 1129 et
1422 1088 1600 1138 cultus;
1644 1094 1690 1129 et
1730 1089 1774 1129 in

282 1149 405 1190 falsis
432 1150 542 1191 talia
569 1164 659 1191 non
686 1157 805 1198 sunt,
834 1151 913 1191 sed
941 1151 984 1191 in
1011 1152 1127 1191 veris
1154 1165 1268 1204 quae
1294 1165 1353 1191 ex
1380 1151 1528 1201 bono;
1566 1152 1610 1191 in
1637 1151 1705 1191 his
1728 1158 1773 1192 et

283 1227 342 1253 ex
371 1213 439 1253 his
466 1220 535 1254 est
568 1213 714 1254 omnis
741 1211 1014 1262 intellee‘tus,
1044 1214 1277 1267 perceptio
1303 1227 1362 1254 ex
1388 1214 1626 1254 voluntate
1653 1214 1773 1262 boni,

283 1282 329 1317 et
356 1283 688 1330 consequenter
718 1277 813 1316 vita
839 1276 1107 1329 spiritualis:
1143 1277 1306 1317 dicitur
1330 1284 1646 1330 consequenter,
1671 1278 1774 1331 quia

282 1339 378 1379 vita
399 1339 642 1392 spiritualis
666 1340 875 1380 consistit
899 1340 942 1379 in
965 1338 1200 1380 intellefhi
1223 1340 1314 1380 veri
1341 1353 1391 1380 ac
1415 1340 1459 1379 in
1482 1341 1774 1393 perceptione

282 1415 397 1455 quae
424 1416 482 1442 ex
509 1402 748 1443 voluntate
774 1402 909 1453 boni;
952 1416 1058 1443 vera
1090 1403 1208 1443 enim
1241 1403 1284 1443 in
1317 1402 1416 1443 luce
1443 1402 1555 1443 caeli
1582 1409 1701 1452 sunt,
1729 1404 1773 1444 in

283 1472 464 1506 tantum
503 1471 551 1506 ut
584 1466 681 1518 ipsa
711 1479 818 1506 vera
855 1465 1036 1506 luceant
1074 1466 1118 1505 in
1157 1465 1298 1514 caelo,
1333 1472 1379 1506 et
1418 1465 1503 1506 hoc
1542 1480 1600 1506 ex
1639 1479 1775 1507 causa

282 1530 386 1582 quia
418 1529 630 1569 Divinum
664 1528 835 1569 Verum
872 1529 1123 1582 procedens
1156 1542 1182 1568 a
1214 1528 1413 1569 Domino
1449 1528 1554 1569 facit
1592 1541 1773 1570 omnem

282 1592 428 1632 lucem
455 1593 498 1632 in
526 1591 694 1632 mundo
721 1591 955 1644 spirituali,
984 1597 1030 1631 et
1063 1591 1140 1631 illa
1172 1591 1251 1631 lux
1283 1591 1362 1632 dat
1395 1604 1576 1632 omnem
1603 1591 1772 1632 intelli-

281 1656 486 1708 gentiam
513 1661 558 1696 et
582 1655 852 1708 sapientiam
875 1654 1063 1707 angelis.
1127 1653 1243 1706 Quia
1270 1667 1386 1695 nunc
1413 1655 1510 1707 ipsa
1535 1668 1641 1694 vera
1667 1660 1772 1695 sunt

282 1718 407 1767 lucis,
432 1719 633 1771 sequitur
654 1717 774 1771 quod
801 1716 913 1757 falsa
935 1717 1099 1757 nullius
1126 1717 1236 1757 lucis
1262 1718 1367 1765 sint,
1393 1716 1517 1757 illam
1544 1717 1663 1757 enim
1690 1731 1772 1758 ex-

281 1782 519 1834 stinguunt
539 1795 548 1831 ;
581 1787 856 1834 quapropter
873 1779 984 1820 salsa
1007 1780 1050 1820 in
1071 1779 1225 1820 Verbo
1243 1786 1464 1820 vocantur
1484 1780 1737 1821 “tenebrae
1754 1779 1773 1794 ”

281 1853 440 1890 (videatur
458 1862 564 1890 supra,
580 1862 611 1882 n.
637 1842 760 1894 526);
803 1848 850 1882 et
886 1842 990 1894 quia
1027 1847 1133 1881 sunt
1171 1841 1405 1889 tenebrae,
1443 1847 1548 1881 sunt
1585 1841 1772 1882 umbrae

281 1905 441 1945 mortis
465 1903 722 1957 spiritualis.
785 1903 852 1943 At
879 1903 1111 1943 sciendum
1138 1909 1208 1943 est
1240 1903 1360 1956 quod
1386 1902 1497 1943 falsa
1524 1902 1630 1943 mali
1656 1902 1772 1943 tales

280 1968 496 2009 tenebrae
523 1969 628 2016 sint,
657 1980 748 2007 non
774 1973 927 2007 autem
954 1966 1066 2006 falsa
1092 1980 1205 2020 quae
1233 1979 1322 2006 non
1355 1980 1414 2006 ex
1441 1965 1574 2006 malo.
1637 1965 1771 2018 Quod

283 2031 473 2071 “audire
487 2030 505 2045 ”
532 2029 756 2083 significet
790 2030 1132 2083 perceptionem
1159 2043 1272 2082 quae
1300 2043 1358 2069 ex
1385 2029 1623 2070 voluntate
1651 2030 1770 2078 boni,

279 2100 325 2135 et
359 2094 463 2134 inde
496 2093 802 2141 obedentiam,
835 2099 906 2133 est
938 2093 1041 2146 quia
1073 2092 1252 2145 loquela
1283 2093 1423 2132 intrat
1456 2105 1608 2132 aurem
1641 2092 1772 2133 simul

279 2170 380 2197 cum
413 2170 539 2205 sono,
574 2169 624 2196 ac
662 2170 768 2196 vera
806 2155 1013 2209 loquelae
1052 2156 1225 2196 intrant
1263 2153 1547 2196 intellectum
1584 2162 1630 2196 et
1667 2155 1772 2196 inde

279 2220 623 2273 cogitationem,
666 2232 717 2260 ac
764 2219 862 2259 soni
903 2218 1190 2258 voluntatem
1232 2224 1278 2258 et
1323 2218 1427 2258 inde
1473 2216 1770 2263 affectionem.

279 2281 413 2335 Quod
440 2284 485 2323 in
511 2282 680 2322 mundo
706 2280 926 2335 spirituali
960 2282 1058 2321 soni
1091 2281 1257 2321 sistant
1284 2287 1330 2321 et
1354 2281 1609 2334 producant
1637 2281 1770 2322 affec-

278 2347 450 2387 tionem
484 2360 597 2399 quae
635 2352 704 2386 est
742 2345 1008 2393 voluntatis,
1042 2351 1088 2385 et
1124 2358 1260 2385 voces
1304 2345 1402 2384 soni
1440 2345 1771 2397 cogitationem

277 2424 391 2464 quae
418 2400 495 2450 est*
515 2407 789 2457 intelleffcus,
813 2408 1020 2449 videatur
1045 2409 1090 2448 in
1117 2421 1252 2460 opere
1278 2407 1345 2447 Dc
1373 2406 1505 2449 Caelo
1529 2414 1571 2447 et
1590 2407 1772 2460 Inserno

277 2482 322 2519 (n.
340 2482 408 2519 236,
425 2482 512 2519 241),
540 2477 586 2510 et
618 2484 753 2523 supra
778 2480 824 2519 (n.
843 2480 1021 2521 323[a]):
1059 2468 1163 2509 inde
1195 2474 1412 2509 constare
1443 2474 1616 2521 potest,
1651 2469 1770 2508 unde

276 2539 347 2574 est
379 2532 499 2586 quod
534 2532 724 2572 “audire
737 2531 756 2547 ’¹
788 2538 834 2572 et
870 2530 1164 2571 “auscultare
1177 2529 1196 2544 ’'
1227 2531 1366 2571 etiam
1398 2529 1623 2583 significet
1661 2530 1770 2571 obe-

276 2598 384 2645 dire,
413 2609 464 2637 ac
495 2595 680 2636 “auris’'
707 2601 753 2636 et
783 2595 1002 2635 “auditus
1015 2594 1034 2609 ’'
1061 2594 1382 2635 obedientiam.

354 2679 492 2734 589.
523 2690 629 2727 [Vers.
658 2690 721 2727 21.]
753 2679 832 2719 “Et
857 2691 934 2718 non
957 2681 1135 2730 eget-unt
1151 2676 1442 2730 paenitentiam
1471 2690 1526 2717 ex
1550 2676 1772 2717 homietb't'tle

276 2738 598 2791 suss.¹'——Quod
621 2738 849 2790 significet
875 2738 955 2790 qui
979 2751 1061 2777 non
1086 2736 1327 2777 afflualiter
1350 2742 1611 2777 averterunt
1639 2750 1686 2777 se
1713 2735 1769 2776 ab

274 2800 592 2852 exstinguendo
628 2799 709 2840 illa
745 2813 856 2852 quae
885 2798 1129 2839 intelleaeus
1165 2798 1273 2847 veri,
1306 2797 1547 2838 voluntatis
1584 2796 1694 2845 boni,
1727 2803 1769 2837 et

274 2863 374 2903 inde
390 2863 509 2903 vitae
525 2862 783 2914 spiritualis
801 2869 917 2910 sunt,
937 2867 1121 2902 constat
1144 2875 1203 2902 ex
1221 2860 1551 2914 significatione
1572 2864 1597 2880 “
1610 2860 1767 2913 paeni-

275 2924 470 2965 tentiam
507 2923 693 2977 .agere‚’'
729 2923 851 2977 quod
887 2923 945 2964 sit
982 2922 1223 2975 actualiter
1258 2935 1306 2962 se
1337 2928 1554 2974 avertere
1583 2931 1633 2971 (ut
1659 2940 1767 2970 supra,
