<?xml version="1.0" encoding="UTF-8"?>
<!DOCTYPE html PUBLIC "-//W3C//DTD XHTML 1.0 Transitional//EN"
    "http://www.w3.org/TR/xhtml1/DTD/xhtml1-transitional.dtd">
<html xmlns="http://www.w3.org/1999/xhtml" xml:lang="en" lang="en">
 <head>
  <title>
</title>
<meta http-equiv="Content-Type" content="text/html;charset=utf-8" />
  <meta name='ocr-system' content='tesseract 3.04.00' />
  <meta name='ocr-capabilities' content='ocr_page ocr_carea ocr_par ocr_line ocrx_word'/>
</head>
<body>
  <div class='ocr_page' id='page_1' title='image "apocalypsisexpli03sweduoft_0523.png"; bbox 0 0 1962 3334; ppageno 0'>
   <div class='ocr_carea' id='block_1_1' title="bbox 0 0 163 3334">
    <p class='ocr_par' dir='ltr' id='par_1_1' title="bbox 0 0 163 3334">
     <span class='ocr_line' id='line_1_1' title="bbox 0 0 163 3334; baseline 0 0"><span class='ocrx_word' id='word_1_1' title='bbox 0 0 163 3334; x_wconf 95' lang='lat' dir='ltr'> </span> 
     </span>
    </p>
   </div>
   <div class='ocr_carea' id='block_1_2' title="bbox 404 286 1683 339">
    <p class='ocr_par' dir='ltr' id='par_1_2' title="bbox 404 286 1683 339">
     <span class='ocr_line' id='line_1_2' title="bbox 404 286 1683 339; baseline -0.002 -11"><span class='ocrx_word' id='word_1_2' title='bbox 404 296 511 328; x_wconf 85' lang='lat' dir='ltr'><strong>CAP.</strong></span> <span class='ocrx_word' id='word_1_3' title='bbox 537 297 620 337; x_wconf 78' lang='lat' dir='ltr'>XL,</span> <span class='ocrx_word' id='word_1_4' title='bbox 645 296 922 328; x_wconf 76' lang='lat' dir='ltr'>CONTENTA</span> <span class='ocrx_word' id='word_1_5' title='bbox 946 296 1134 329; x_wconf 80' lang='lat' dir='ltr'>vi-:Rsus</span> <span class='ocrx_word' id='word_1_6' title='bbox 1163 287 1332 328; x_wconf 87' lang='lat' dir='ltr'>18.—-N.</span> <span class='ocrx_word' id='word_1_7' title='bbox 1358 286 1455 339; x_wconf 92' lang='lat'>692.</span> <span class='ocrx_word' id='word_1_8' title='bbox 1578 287 1683 338; x_wconf 80' lang='lat'>1837</span> 
     </span>
    </p>
   </div>
   <div class='ocr_carea' id='block_1_3' title="bbox 184 406 1685 2213">
    <p class='ocr_par' dir='ltr' id='par_1_3' title="bbox 184 406 1685 2213">
     <span class='ocr_line' id='line_1_3' title="bbox 199 406 1683 460; baseline 0 -13"><span class='ocrx_word' id='word_1_9' title='bbox 199 406 408 455; x_wconf 84' lang='lat' dir='ltr'>ecclesiae,</span> <span class='ocrx_word' id='word_1_10' title='bbox 446 408 666 448; x_wconf 62' lang='lat' dir='ltr'>destruat&gt;</span> <span class='ocrx_word' id='word_1_11' title='bbox 695 408 848 460; x_wconf 78' lang='lat' dir='ltr'><em>priori</em></span> <span class='ocrx_word' id='word_1_12' title='bbox 877 415 919 448; x_wconf 87' lang='lat' dir='ltr'>et</span> <span class='ocrx_word' id='word_1_13' title='bbox 953 408 1067 448; x_wconf 83' lang='lat' dir='ltr'>caelo</span> <span class='ocrx_word' id='word_1_14' title='bbox 1101 415 1143 448; x_wconf 77' lang='lat' dir='ltr'>et</span> <span class='ocrx_word' id='word_1_15' title='bbox 1176 407 1365 456; x_wconf 83' lang='lat' dir='ltr'>ecclesia,</span> <span class='ocrx_word' id='word_1_16' title='bbox 1405 413 1586 448; x_wconf 87' lang='lat' dir='ltr'>constat</span> <span class='ocrx_word' id='word_1_17' title='bbox 1622 421 1683 447; x_wconf 86' lang='lat' dir='ltr'>ex</span> 
     </span>
     <span class='ocr_line' id='line_1_4' title="bbox 200 469 1683 523; baseline 0 -14"><span class='ocrx_word' id='word_1_18' title='bbox 200 469 526 522; x_wconf 86' lang='lat' dir='ltr'>significatione</span> <span class='ocrx_word' id='word_1_19' title='bbox 555 471 778 523; x_wconf 84' lang='lat' dir='ltr'>“adipisci</span> <span class='ocrx_word' id='word_1_20' title='bbox 810 472 1063 523; x_wconf 88' lang='lat' dir='ltr'>potentiam</span> <span class='ocrx_word' id='word_1_21' title='bbox 1095 484 1220 512; x_wconf 90' lang='lat' dir='ltr'>suam</span> <span class='ocrx_word' id='word_1_22' title='bbox 1252 484 1465 523; x_wconf 87' lang='lat' dir='ltr'>magnam</span> <span class='ocrx_word' id='word_1_23' title='bbox 1496 477 1542 510; x_wconf 93' lang='lat' dir='ltr'>et</span> <span class='ocrx_word' id='word_1_24' title='bbox 1574 471 1683 510; x_wconf 88' lang='lat' dir='ltr'>inire</span> 
     </span>
     <span class='ocr_line' id='line_1_5' title="bbox 184 520 1685 586; baseline 0 -14"><span class='ocrx_word' id='word_1_25' title='bbox 184 520 428 584; x_wconf 82' lang='lat' dir='ltr'>¹x·egnum‚”</span> <span class='ocrx_word' id='word_1_26' title='bbox 457 533 577 586; x_wconf 92' lang='lat' dir='ltr'>quod</span> <span class='ocrx_word' id='word_1_27' title='bbox 610 535 666 573; x_wconf 90' lang='lat' dir='ltr'>sit</span> <span class='ocrx_word' id='word_1_28' title='bbox 703 534 823 586; x_wconf 91' lang='lat' dir='ltr'>quod</span> <span class='ocrx_word' id='word_1_29' title='bbox 855 542 1095 586; x_wconf 87' lang='lat' dir='ltr'>postquam</span> <span class='ocrx_word' id='word_1_30' title='bbox 1128 535 1246 586; x_wconf 90' lang='lat' dir='ltr'>prius</span> <span class='ocrx_word' id='word_1_31' title='bbox 1277 533 1450 574; x_wconf 89' lang='lat' dir='ltr'>caelum</span> <span class='ocrx_word' id='word_1_32' title='bbox 1482 547 1533 573; x_wconf 90' lang='lat' dir='ltr'>ac</span> <span class='ocrx_word' id='word_1_33' title='bbox 1566 534 1685 585; x_wconf 86' lang='lat' dir='ltr'>prior</span> 
     </span>
     <span class='ocr_line' id='line_1_6' title="bbox 200 594 1685 643; baseline 0.001 -9"><span class='ocrx_word' id='word_1_34' title='bbox 200 594 390 635; x_wconf 89' lang='lat' dir='ltr'>ecclesia</span> <span class='ocrx_word' id='word_1_35' title='bbox 426 594 654 635; x_wconf 65' lang='lat' dir='ltr'>destru5ta</span> <span class='ocrx_word' id='word_1_36' title='bbox 690 605 807 643; x_wconf 90' lang='lat' dir='ltr'>sunt,</span> <span class='ocrx_word' id='word_1_37' title='bbox 842 609 1007 636; x_wconf 89' lang='lat' dir='ltr'>novum</span> <span class='ocrx_word' id='word_1_38' title='bbox 1046 597 1219 636; x_wconf 88' lang='lat' dir='ltr'>caelum</span> <span class='ocrx_word' id='word_1_39' title='bbox 1255 603 1301 636; x_wconf 91' lang='lat' dir='ltr'>et</span> <span class='ocrx_word' id='word_1_40' title='bbox 1338 610 1456 636; x_wconf 90' lang='lat' dir='ltr'>nova</span> <span class='ocrx_word' id='word_1_41' title='bbox 1492 595 1685 636; x_wconf 84' lang='lat' dir='ltr'>ecclesia</span> 
     </span>
     <span class='ocr_line' id='line_1_7' title="bbox 199 657 1684 711; baseline 0.001 -15"><span class='ocrx_word' id='word_1_42' title='bbox 199 657 500 698; x_wconf 86' lang='lat' dir='ltr'>instaurentur</span> <span class='ocrx_word' id='word_1_43' title='bbox 520 672 541 707; x_wconf 87' lang='lat'>;·</span> <span class='ocrx_word' id='word_1_44' title='bbox 562 659 682 711; x_wconf 92' lang='lat' dir='ltr'>quod</span> <span class='ocrx_word' id='word_1_45' title='bbox 708 659 792 698; x_wconf 92' lang='lat' dir='ltr'>hoc</span> <span class='ocrx_word' id='word_1_46' title='bbox 817 672 895 711; x_wconf 90' lang='lat' dir='ltr'>per</span> <span class='ocrx_word' id='word_1_47' title='bbox 919 659 1141 711; x_wconf 85' lang='lat' dir='ltr'>“adipisci</span> <span class='ocrx_word' id='word_1_48' title='bbox 1164 660 1415 711; x_wconf 86' lang='lat' dir='ltr'>potentiam</span> <span class='ocrx_word' id='word_1_49' title='bbox 1438 671 1651 711; x_wconf 86' lang='lat' dir='ltr'>magnam</span> <span class='ocrx_word' id='word_1_50' title='bbox 1664 657 1684 672; x_wconf 84' lang='lat'>&#39;’</span> 
     </span>
     <span class='ocr_line' id='line_1_8' title="bbox 199 721 1681 775; baseline 0.001 -16"><span class='ocrx_word' id='word_1_51' title='bbox 199 726 246 759; x_wconf 91' lang='lat' dir='ltr'>et</span> <span class='ocrx_word' id='word_1_52' title='bbox 271 732 350 771; x_wconf 89' lang='lat' dir='ltr'>per</span> <span class='ocrx_word' id='word_1_53' title='bbox 377 721 522 761; x_wconf 88' lang='lat' dir='ltr'>“inire</span> <span class='ocrx_word' id='word_1_54' title='bbox 549 735 736 773; x_wconf 83' lang='lat' dir='ltr'>regnum</span> <span class='ocrx_word' id='word_1_55' title='bbox 749 721 767 735; x_wconf 92' lang='lat'>”</span> <span class='ocrx_word' id='word_1_56' title='bbox 794 721 1087 774; x_wconf 82' lang='lat' dir='ltr'>intelligatur,</span> <span class='ocrx_word' id='word_1_57' title='bbox 1115 730 1185 762; x_wconf 90' lang='lat' dir='ltr'>est</span> <span class='ocrx_word' id='word_1_58' title='bbox 1217 723 1319 775; x_wconf 88' lang='lat' dir='ltr'>quia</span> <span class='ocrx_word' id='word_1_59' title='bbox 1351 722 1548 762; x_wconf 89' lang='lat' dir='ltr'>Domino</span> <span class='ocrx_word' id='word_1_60' title='bbox 1574 728 1681 761; x_wconf 89' lang='lat' dir='ltr'>tunc</span> 
     </span>
     <span class='ocr_line' id='line_1_9' title="bbox 199 783 1682 837; baseline 0.001 -16"><span class='ocrx_word' id='word_1_61' title='bbox 199 783 527 835; x_wconf 89' lang='lat' dir='ltr'>omnipotentia</span> <span class='ocrx_word' id='word_1_62' title='bbox 553 793 621 824; x_wconf 87' lang='lat' dir='ltr'>est</span> <span class='ocrx_word' id='word_1_63' title='bbox 653 793 699 824; x_wconf 92' lang='lat' dir='ltr'>et</span> <span class='ocrx_word' id='word_1_64' title='bbox 730 798 944 836; x_wconf 84' lang='lat' dir='ltr'>regnum;</span> <span class='ocrx_word' id='word_1_65' title='bbox 983 784 1031 825; x_wconf 84' lang='lat' dir='ltr'>fit</span> <span class='ocrx_word' id='word_1_66' title='bbox 1063 786 1181 825; x_wconf 87' lang='lat' dir='ltr'>enim</span> <span class='ocrx_word' id='word_1_67' title='bbox 1213 791 1319 825; x_wconf 87' lang='lat' dir='ltr'>tunc</span> <span class='ocrx_word' id='word_1_68' title='bbox 1354 785 1496 837; x_wconf 82' lang='lat' dir='ltr'>Ipsius</span> <span class='ocrx_word' id='word_1_69' title='bbox 1523 784 1682 824; x_wconf 87' lang='lat' dir='ltr'>volun-</span> 
     </span>
     <span class='ocr_line' id='line_1_10' title="bbox 200 846 1683 899; baseline 0.001 -15"><span class='ocrx_word' id='word_1_70' title='bbox 200 851 285 892; x_wconf 84' lang='lat' dir='ltr'>taS,</span> <span class='ocrx_word' id='word_1_71' title='bbox 308 858 412 886; x_wconf 90' lang='lat' dir='ltr'>nam</span> <span class='ocrx_word' id='word_1_72' title='bbox 438 846 588 898; x_wconf 81' lang='lat' dir='ltr'>angeli</span> <span class='ocrx_word' id='word_1_73' title='bbox 615 847 727 886; x_wconf 90' lang='lat' dir='ltr'>caeli</span> <span class='ocrx_word' id='word_1_74' title='bbox 752 854 797 887; x_wconf 92' lang='lat' dir='ltr'>et</span> <span class='ocrx_word' id='word_1_75' title='bbox 820 848 1023 887; x_wconf 88' lang='lat' dir='ltr'>homines</span> <span class='ocrx_word' id='word_1_76' title='bbox 1045 848 1261 888; x_wconf 90' lang='lat' dir='ltr'>ecclesiae</span> <span class='ocrx_word' id='word_1_77' title='bbox 1287 853 1393 888; x_wconf 91' lang='lat' dir='ltr'>tunc</span> <span class='ocrx_word' id='word_1_78' title='bbox 1421 861 1467 887; x_wconf 93' lang='lat' dir='ltr'>se</span> <span class='ocrx_word' id='word_1_79' title='bbox 1493 847 1550 887; x_wconf 94' lang='lat' dir='ltr'>ab</span> <span class='ocrx_word' id='word_1_80' title='bbox 1577 847 1683 899; x_wconf 92' lang='lat' dir='ltr'>Ipso</span> 
     </span>
     <span class='ocr_line' id='line_1_11' title="bbox 200 906 1682 962; baseline 0.002 -15"><span class='ocrx_word' id='word_1_81' title='bbox 200 906 300 947; x_wconf 88' lang='lat' dir='ltr'>duci</span> <span class='ocrx_word' id='word_1_82' title='bbox 327 909 581 960; x_wconf 84' lang='lat' dir='ltr'>patiuntur;</span> <span class='ocrx_word' id='word_1_83' title='bbox 620 911 735 962; x_wconf 83' lang='lat' dir='ltr'>regit</span> <span class='ocrx_word' id='word_1_84' title='bbox 767 911 884 949; x_wconf 91' lang='lat' dir='ltr'>enim</span> <span class='ocrx_word' id='word_1_85' title='bbox 917 911 978 950; x_wconf 92' lang='lat' dir='ltr'>sic</span> <span class='ocrx_word' id='word_1_86' title='bbox 1012 923 1169 950; x_wconf 88' lang='lat' dir='ltr'>omnes</span> <span class='ocrx_word' id='word_1_87' title='bbox 1201 910 1447 951; x_wconf 90' lang='lat' dir='ltr'>secundum</span> <span class='ocrx_word' id='word_1_88' title='bbox 1479 911 1682 951; x_wconf 84' lang='lat' dir='ltr'>ordinem</span> 
     </span>
     <span class='ocr_line' id='line_1_12' title="bbox 199 969 1683 1026; baseline 0.003 -17"><span class='ocrx_word' id='word_1_89' title='bbox 199 983 258 1009; x_wconf 85' lang='lat' dir='ltr'>ex</span> <span class='ocrx_word' id='word_1_90' title='bbox 283 969 342 1010; x_wconf 87' lang='lat' dir='ltr'>Se</span> <span class='ocrx_word' id='word_1_91' title='bbox 368 970 486 1023; x_wconf 88' lang='lat' dir='ltr'>Ipso,</span> <span class='ocrx_word' id='word_1_92' title='bbox 513 972 712 1012; x_wconf 90' lang='lat' dir='ltr'>tenendo</span> <span class='ocrx_word' id='word_1_93' title='bbox 737 973 779 1012; x_wconf 95' lang='lat' dir='ltr'>in</span> <span class='ocrx_word' id='word_1_94' title='bbox 805 972 977 1012; x_wconf 86' lang='lat' dir='ltr'>Divinis</span> <span class='ocrx_word' id='word_1_95' title='bbox 999 973 1128 1012; x_wconf 89' lang='lat' dir='ltr'>bonis</span> <span class='ocrx_word' id='word_1_96' title='bbox 1152 980 1197 1013; x_wconf 93' lang='lat' dir='ltr'>et</span> <span class='ocrx_word' id='word_1_97' title='bbox 1219 974 1334 1013; x_wconf 85' lang='lat' dir='ltr'>veris</span> <span class='ocrx_word' id='word_1_98' title='bbox 1355 987 1468 1026; x_wconf 89' lang='lat' dir='ltr'>quae</span> <span class='ocrx_word' id='word_1_99' title='bbox 1495 987 1553 1013; x_wconf 86' lang='lat' dir='ltr'>ex</span> <span class='ocrx_word' id='word_1_100' title='bbox 1578 973 1683 1025; x_wconf 84' lang='lat' dir='ltr'>Ipso</span> 
     </span>
     <span class='ocr_line' id='line_1_13' title="bbox 198 1033 1680 1088; baseline 0.003 -17"><span class='ocrx_word' id='word_1_101' title='bbox 198 1033 462 1084; x_wconf 88' lang='lat' dir='ltr'>procedunt,</span> <span class='ocrx_word' id='word_1_102' title='bbox 490 1047 540 1073; x_wconf 91' lang='lat' dir='ltr'>ac</span> <span class='ocrx_word' id='word_1_103' title='bbox 567 1034 814 1074; x_wconf 89' lang='lat' dir='ltr'>detinendo</span> <span class='ocrx_word' id='word_1_104' title='bbox 839 1048 865 1074; x_wconf 89' lang='lat' dir='ltr'>a</span> <span class='ocrx_word' id='word_1_105' title='bbox 896 1035 1026 1074; x_wconf 88' lang='lat' dir='ltr'>malis</span> <span class='ocrx_word' id='word_1_106' title='bbox 1057 1042 1102 1075; x_wconf 91' lang='lat' dir='ltr'>et</span> <span class='ocrx_word' id='word_1_107' title='bbox 1128 1035 1249 1075; x_wconf 89' lang='lat' dir='ltr'>falsis</span> <span class='ocrx_word' id='word_1_108' title='bbox 1274 1049 1387 1088; x_wconf 90' lang='lat' dir='ltr'>quae</span> <span class='ocrx_word' id='word_1_109' title='bbox 1412 1035 1469 1075; x_wconf 90' lang='lat' dir='ltr'>ab</span> <span class='ocrx_word' id='word_1_110' title='bbox 1495 1035 1680 1084; x_wconf 86' lang='lat' dir='ltr'>inferno,</span> 
     </span>
     <span class='ocr_line' id='line_1_14' title="bbox 198 1094 1680 1150; baseline 0.003 -16"><span class='ocrx_word' id='word_1_111' title='bbox 198 1094 319 1146; x_wconf 87' lang='lat' dir='ltr'>quod</span> <span class='ocrx_word' id='word_1_112' title='bbox 343 1108 432 1135; x_wconf 90' lang='lat' dir='ltr'>non</span> <span class='ocrx_word' id='word_1_113' title='bbox 456 1103 608 1147; x_wconf 83' lang='lat' dir='ltr'>potest</span> <span class='ocrx_word' id='word_1_114' title='bbox 630 1097 722 1136; x_wconf 86' lang='lat' dir='ltr'>fieri</span> <span class='ocrx_word' id='word_1_115' title='bbox 744 1104 987 1150; x_wconf 85' lang='lat' dir='ltr'>antequam</span> <span class='ocrx_word' id='word_1_116' title='bbox 1011 1098 1115 1137; x_wconf 90' lang='lat' dir='ltr'>mali</span> <span class='ocrx_word' id='word_1_117' title='bbox 1142 1112 1167 1137; x_wconf 91' lang='lat' dir='ltr'>a</span> <span class='ocrx_word' id='word_1_118' title='bbox 1193 1097 1322 1137; x_wconf 91' lang='lat' dir='ltr'>bonis</span> <span class='ocrx_word' id='word_1_119' title='bbox 1344 1099 1538 1150; x_wconf 87' lang='lat' dir='ltr'>separati</span> <span class='ocrx_word' id='word_1_120' title='bbox 1561 1106 1680 1146; x_wconf 89' lang='lat' dir='ltr'>sunt,</span> 
     </span>
     <span class='ocr_line' id='line_1_15' title="bbox 198 1157 1682 1211; baseline 0.003 -15"><span class='ocrx_word' id='word_1_121' title='bbox 198 1163 245 1197; x_wconf 91' lang='lat' dir='ltr'>et</span> <span class='ocrx_word' id='word_1_122' title='bbox 276 1157 380 1197; x_wconf 89' lang='lat' dir='ltr'>mali</span> <span class='ocrx_word' id='word_1_123' title='bbox 408 1159 454 1197; x_wconf 91' lang='lat' dir='ltr'>in</span> <span class='ocrx_word' id='word_1_124' title='bbox 485 1158 702 1198; x_wconf 88' lang='lat' dir='ltr'>infernum</span> <span class='ocrx_word' id='word_1_125' title='bbox 727 1157 901 1211; x_wconf 64' lang='lat' dir='ltr'>dejecti,</span> <span class='ocrx_word' id='word_1_126' title='bbox 929 1167 975 1199; x_wconf 90' lang='lat' dir='ltr'>et</span> <span class='ocrx_word' id='word_1_127' title='bbox 1008 1174 1033 1199; x_wconf 92' lang='lat' dir='ltr'>a</span> <span class='ocrx_word' id='word_1_128' title='bbox 1064 1160 1192 1200; x_wconf 91' lang='lat' dir='ltr'>bonis</span> <span class='ocrx_word' id='word_1_129' title='bbox 1217 1158 1382 1200; x_wconf 63' lang='lat' dir='ltr'>factum</span> <span class='ocrx_word' id='word_1_130' title='bbox 1413 1167 1482 1200; x_wconf 90' lang='lat' dir='ltr'>est</span> <span class='ocrx_word' id='word_1_131' title='bbox 1515 1173 1682 1200; x_wconf 90' lang='lat' dir='ltr'>novum</span> 
     </span>
     <span class='ocr_line' id='line_1_16' title="bbox 198 1218 1681 1275; baseline 0.003 -16"><span class='ocrx_word' id='word_1_132' title='bbox 198 1218 398 1270; x_wconf 90' lang='lat' dir='ltr'>caelum;</span> <span class='ocrx_word' id='word_1_133' title='bbox 430 1221 540 1260; x_wconf 87' lang='lat' dir='ltr'>haec</span> <span class='ocrx_word' id='word_1_134' title='bbox 563 1222 606 1260; x_wconf 89' lang='lat' dir='ltr'>in</span> <span class='ocrx_word' id='word_1_135' title='bbox 632 1219 781 1261; x_wconf 69' lang='lat' dir='ltr'>a&amp;um</span> <span class='ocrx_word' id='word_1_136' title='bbox 803 1223 1023 1262; x_wconf 86' lang='lat' dir='ltr'>sistuntur</span> <span class='ocrx_word' id='word_1_137' title='bbox 1046 1235 1123 1274; x_wconf 87' lang='lat' dir='ltr'>per</span> <span class='ocrx_word' id='word_1_138' title='bbox 1146 1223 1351 1266; x_wconf 89' lang='lat' dir='ltr'>ultimum</span> <span class='ocrx_word' id='word_1_139' title='bbox 1368 1222 1596 1275; x_wconf 89' lang='lat' dir='ltr'>judicium,</span> <span class='ocrx_word' id='word_1_140' title='bbox 1624 1223 1681 1263; x_wconf 88' lang='lat' dir='ltr'>de</span> 
     </span>
     <span class='ocr_line' id='line_1_17' title="bbox 198 1283 1683 1338; baseline 0.003 -16"><span class='ocrx_word' id='word_1_141' title='bbox 198 1296 294 1335; x_wconf 22' lang='lat' dir='ltr'>quo*</span> <span class='ocrx_word' id='word_1_142' title='bbox 321 1283 365 1323; x_wconf 91' lang='lat' dir='ltr'>in</span> <span class='ocrx_word' id='word_1_143' title='bbox 397 1284 689 1336; x_wconf 86' lang='lat' dir='ltr'>sequentibus</span> <span class='ocrx_word' id='word_1_144' title='bbox 720 1285 881 1337; x_wconf 85' lang='lat' dir='ltr'>agitur.</span> <span class='ocrx_word' id='word_1_145' title='bbox 941 1284 1075 1337; x_wconf 78' lang='lat' dir='ltr'>Quod</span> <span class='ocrx_word' id='word_1_146' title='bbox 1108 1292 1214 1326; x_wconf 90' lang='lat' dir='ltr'>tunc</span> <span class='ocrx_word' id='word_1_147' title='bbox 1248 1286 1445 1326; x_wconf 92' lang='lat' dir='ltr'>Domino</span> <span class='ocrx_word' id='word_1_148' title='bbox 1476 1287 1683 1338; x_wconf 86' lang='lat' dir='ltr'>potentia</span> 
     </span>
     <span class='ocr_line' id='line_1_18' title="bbox 198 1346 1681 1400; baseline 0.002 -15"><span class='ocrx_word' id='word_1_149' title='bbox 198 1351 245 1385; x_wconf 89' lang='lat' dir='ltr'>et</span> <span class='ocrx_word' id='word_1_150' title='bbox 274 1359 476 1398; x_wconf 87' lang='lat' dir='ltr'>regnum,</span> <span class='ocrx_word' id='word_1_151' title='bbox 505 1346 714 1386; x_wconf 84' lang='lat' dir='ltr'>illustrari</span> <span class='ocrx_word' id='word_1_152' title='bbox 747 1354 899 1399; x_wconf 89' lang='lat' dir='ltr'>potest</span> <span class='ocrx_word' id='word_1_153' title='bbox 932 1361 1010 1399; x_wconf 91' lang='lat' dir='ltr'>per</span> <span class='ocrx_word' id='word_1_154' title='bbox 1041 1349 1426 1400; x_wconf 86' lang='lat' dir='ltr'>comparationem</span> <span class='ocrx_word' id='word_1_155' title='bbox 1452 1362 1553 1388; x_wconf 92' lang='lat' dir='ltr'>cum</span> <span class='ocrx_word' id='word_1_156' title='bbox 1585 1348 1681 1389; x_wconf 91' lang='lat' dir='ltr'>sole</span> 
     </span>
     <span class='ocr_line' id='line_1_19' title="bbox 198 1408 1682 1464; baseline 0.003 -17"><span class='ocrx_word' id='word_1_157' title='bbox 198 1408 378 1448; x_wconf 88' lang='lat' dir='ltr'>mundi:</span> <span class='ocrx_word' id='word_1_158' title='bbox 420 1410 631 1462; x_wconf 88' lang='lat' dir='ltr'>quamdiu</span> <span class='ocrx_word' id='word_1_159' title='bbox 662 1410 804 1450; x_wconf 90' lang='lat' dir='ltr'>hiems</span> <span class='ocrx_word' id='word_1_160' title='bbox 835 1417 920 1458; x_wconf 84' lang='lat' dir='ltr'>est,</span> <span class='ocrx_word' id='word_1_161' title='bbox 954 1424 1044 1451; x_wconf 88' lang='lat' dir='ltr'>non</span> <span class='ocrx_word' id='word_1_162' title='bbox 1082 1411 1164 1451; x_wconf 91' lang='lat' dir='ltr'>soli</span> <span class='ocrx_word' id='word_1_163' title='bbox 1197 1419 1265 1452; x_wconf 88' lang='lat' dir='ltr'>est</span> <span class='ocrx_word' id='word_1_164' title='bbox 1297 1412 1445 1464; x_wconf 88' lang='lat' dir='ltr'>aliqua</span> <span class='ocrx_word' id='word_1_165' title='bbox 1475 1413 1682 1464; x_wconf 86' lang='lat' dir='ltr'>potentia</span> 
     </span>
     <span class='ocr_line' id='line_1_20' title="bbox 197 1470 1679 1527; baseline 0.003 -17"><span class='ocrx_word' id='word_1_166' title='bbox 197 1477 274 1510; x_wconf 82' lang='lat' dir='ltr'>aut</span> <span class='ocrx_word' id='word_1_167' title='bbox 298 1470 478 1524; x_wconf 89' lang='lat' dir='ltr'>aliquod</span> <span class='ocrx_word' id='word_1_168' title='bbox 504 1486 691 1524; x_wconf 87' lang='lat' dir='ltr'>regnum</span> <span class='ocrx_word' id='word_1_169' title='bbox 718 1474 761 1512; x_wconf 90' lang='lat' dir='ltr'>in</span> <span class='ocrx_word' id='word_1_170' title='bbox 788 1473 962 1521; x_wconf 92' lang='lat' dir='ltr'>tellure,</span> <span class='ocrx_word' id='word_1_171' title='bbox 984 1474 1093 1526; x_wconf 49' lang='lat' dir='ltr'>*quia</span> <span class='ocrx_word' id='word_1_172' title='bbox 1124 1474 1246 1514; x_wconf 88' lang='lat' dir='ltr'>calor</span> <span class='ocrx_word' id='word_1_173' title='bbox 1276 1474 1369 1526; x_wconf 89' lang='lat' dir='ltr'>ejus</span> <span class='ocrx_word' id='word_1_174' title='bbox 1401 1488 1490 1515; x_wconf 92' lang='lat' dir='ltr'>non</span> <span class='ocrx_word' id='word_1_175' title='bbox 1522 1476 1679 1527; x_wconf 87' lang='lat' dir='ltr'>recipi-</span> 
     </span>
     <span class='ocr_line' id='line_1_21' title="bbox 197 1534 1681 1589; baseline 0.004 -18"><span class='ocrx_word' id='word_1_176' title='bbox 197 1538 283 1580; x_wconf 88' lang='lat' dir='ltr'>tur,</span> <span class='ocrx_word' id='word_1_177' title='bbox 311 1546 413 1573; x_wconf 91' lang='lat' dir='ltr'>nam</span> <span class='ocrx_word' id='word_1_178' title='bbox 442 1534 578 1587; x_wconf 84' lang='lat' dir='ltr'>frigus</span> <span class='ocrx_word' id='word_1_179' title='bbox 608 1536 720 1575; x_wconf 91' lang='lat' dir='ltr'>aeris</span> <span class='ocrx_word' id='word_1_180' title='bbox 750 1542 796 1575; x_wconf 93' lang='lat' dir='ltr'>et</span> <span class='ocrx_word' id='word_1_181' title='bbox 828 1535 998 1583; x_wconf 81' lang='lat' dir='ltr'>telluris</span> <span class='ocrx_word' id='word_1_182' title='bbox 1029 1536 1153 1576; x_wconf 87' lang='lat' dir='ltr'>illum</span> <span class='ocrx_word' id='word_1_183' title='bbox 1185 1538 1464 1589; x_wconf 87' lang='lat' dir='ltr'>exstinguit;</span> <span class='ocrx_word' id='word_1_184' title='bbox 1501 1544 1548 1577; x_wconf 90' lang='lat' dir='ltr'>at</span> <span class='ocrx_word' id='word_1_185' title='bbox 1579 1551 1681 1577; x_wconf 91' lang='lat' dir='ltr'>cum</span> 
     </span>
     <span class='ocr_line' id='line_1_22' title="bbox 197 1596 1682 1651; baseline 0.003 -16"><span class='ocrx_word' id='word_1_186' title='bbox 197 1608 276 1635; x_wconf 88' lang='lat' dir='ltr'>ver</span> <span class='ocrx_word' id='word_1_187' title='bbox 310 1596 463 1644; x_wconf 89' lang='lat' dir='ltr'>instat,</span> <span class='ocrx_word' id='word_1_188' title='bbox 497 1605 602 1636; x_wconf 91' lang='lat' dir='ltr'>tunc</span> <span class='ocrx_word' id='word_1_189' title='bbox 640 1597 722 1637; x_wconf 92' lang='lat' dir='ltr'>soli</span> <span class='ocrx_word' id='word_1_190' title='bbox 760 1599 879 1637; x_wconf 77' lang='lat' dir='ltr'>venit</span> <span class='ocrx_word' id='word_1_191' title='bbox 917 1599 1122 1650; x_wconf 89' lang='lat' dir='ltr'>potentia</span> <span class='ocrx_word' id='word_1_192' title='bbox 1152 1606 1198 1638; x_wconf 92' lang='lat' dir='ltr'>et</span> <span class='ocrx_word' id='word_1_193' title='bbox 1235 1612 1438 1651; x_wconf 86' lang='lat' dir='ltr'>regnum,</span> <span class='ocrx_word' id='word_1_194' title='bbox 1471 1600 1682 1651; x_wconf 85' lang='lat' dir='ltr'>recipitur</span> 
     </span>
     <span class='ocr_line' id='line_1_23' title="bbox 196 1658 1679 1714; baseline 0.003 -16"><span class='ocrx_word' id='word_1_195' title='bbox 196 1658 315 1698; x_wconf 90' lang='lat' dir='ltr'>enim</span> <span class='ocrx_word' id='word_1_196' title='bbox 341 1665 447 1699; x_wconf 93' lang='lat' dir='ltr'>tunc</span> <span class='ocrx_word' id='word_1_197' title='bbox 474 1659 565 1711; x_wconf 92' lang='lat' dir='ltr'>ejus</span> <span class='ocrx_word' id='word_1_198' title='bbox 591 1660 725 1707; x_wconf 88' lang='lat' dir='ltr'>calor,</span> <span class='ocrx_word' id='word_1_199' title='bbox 754 1667 800 1700; x_wconf 90' lang='lat' dir='ltr'>et</span> <span class='ocrx_word' id='word_1_200' title='bbox 829 1674 1004 1713; x_wconf 89' lang='lat' dir='ltr'>quoque</span> <span class='ocrx_word' id='word_1_201' title='bbox 1032 1661 1109 1700; x_wconf 89' lang='lat' dir='ltr'>lux</span> <span class='ocrx_word' id='word_1_202' title='bbox 1137 1662 1239 1714; x_wconf 91' lang='lat' dir='ltr'>quia</span> <span class='ocrx_word' id='word_1_203' title='bbox 1265 1661 1502 1714; x_wconf 69' lang='lat' dir='ltr'>conjun&amp;a</span> <span class='ocrx_word' id='word_1_204' title='bbox 1527 1662 1679 1711; x_wconf 87' lang='lat' dir='ltr'>calori,</span> 
     </span>
     <span class='ocr_line' id='line_1_24' title="bbox 197 1721 1682 1777; baseline 0.005 -18"><span class='ocrx_word' id='word_1_205' title='bbox 197 1734 256 1760; x_wconf 89' lang='lat' dir='ltr'>ex</span> <span class='ocrx_word' id='word_1_206' title='bbox 287 1721 445 1774; x_wconf 89' lang='lat' dir='ltr'>quibus</span> <span class='ocrx_word' id='word_1_207' title='bbox 471 1723 676 1761; x_wconf 87' lang='lat' dir='ltr'>universa</span> <span class='ocrx_word' id='word_1_208' title='bbox 707 1722 841 1762; x_wconf 91' lang='lat' dir='ltr'>tellus</span> <span class='ocrx_word' id='word_1_209' title='bbox 871 1722 1026 1763; x_wconf 87' lang='lat' dir='ltr'>floret:</span> <span class='ocrx_word' id='word_1_210' title='bbox 1067 1724 1209 1764; x_wconf 89' lang='lat' dir='ltr'>simile</span> <span class='ocrx_word' id='word_1_211' title='bbox 1240 1731 1311 1764; x_wconf 91' lang='lat' dir='ltr'>est</span> <span class='ocrx_word' id='word_1_212' title='bbox 1342 1738 1443 1764; x_wconf 89' lang='lat' dir='ltr'>cum</span> <span class='ocrx_word' id='word_1_213' title='bbox 1475 1726 1682 1777; x_wconf 87' lang='lat' dir='ltr'>potentia</span> 
     </span>
     <span class='ocr_line' id='line_1_25' title="bbox 198 1783 1681 1840; baseline 0.003 -17"><span class='ocrx_word' id='word_1_214' title='bbox 198 1790 244 1824; x_wconf 88' lang='lat' dir='ltr'>et</span> <span class='ocrx_word' id='word_1_215' title='bbox 270 1796 371 1823; x_wconf 91' lang='lat' dir='ltr'>cum</span> <span class='ocrx_word' id='word_1_216' title='bbox 402 1797 543 1836; x_wconf 86' lang='lat' dir='ltr'>regno</span> <span class='ocrx_word' id='word_1_217' title='bbox 569 1783 763 1831; x_wconf 87' lang='lat' dir='ltr'>Domini,</span> <span class='ocrx_word' id='word_1_218' title='bbox 791 1798 904 1837; x_wconf 85' lang='lat' dir='ltr'>quae</span> <span class='ocrx_word' id='word_1_219' title='bbox 930 1787 1115 1826; x_wconf 89' lang='lat' dir='ltr'>veniunt</span> <span class='ocrx_word' id='word_1_220' title='bbox 1141 1787 1321 1839; x_wconf 85' lang='lat' dir='ltr'>quando</span> <span class='ocrx_word' id='word_1_221' title='bbox 1354 1787 1458 1827; x_wconf 89' lang='lat' dir='ltr'>mali</span> <span class='ocrx_word' id='word_1_222' title='bbox 1484 1789 1681 1840; x_wconf 85' lang='lat' dir='ltr'>separati</span> 
     </span>
     <span class='ocr_line' id='line_1_26' title="bbox 197 1846 1679 1901; baseline 0.004 -16"><span class='ocrx_word' id='word_1_223' title='bbox 197 1852 302 1886; x_wconf 89' lang='lat' dir='ltr'>sunt</span> <span class='ocrx_word' id='word_1_224' title='bbox 337 1860 363 1886; x_wconf 89' lang='lat' dir='ltr'>a</span> <span class='ocrx_word' id='word_1_225' title='bbox 398 1846 541 1894; x_wconf 85' lang='lat' dir='ltr'>bonis,</span> <span class='ocrx_word' id='word_1_226' title='bbox 574 1861 625 1887; x_wconf 89' lang='lat' dir='ltr'>ac</span> <span class='ocrx_word' id='word_1_227' title='bbox 662 1847 725 1887; x_wconf 91' lang='lat' dir='ltr'>illi</span> <span class='ocrx_word' id='word_1_228' title='bbox 761 1848 804 1887; x_wconf 89' lang='lat' dir='ltr'>in</span> <span class='ocrx_word' id='word_1_229' title='bbox 841 1848 1058 1888; x_wconf 89' lang='lat' dir='ltr'>infernum</span> <span class='ocrx_word' id='word_1_230' title='bbox 1096 1848 1280 1901; x_wconf 68' lang='lat' dir='ltr'>deje&amp;i;</span> <span class='ocrx_word' id='word_1_231' title='bbox 1322 1850 1384 1890; x_wconf 88' lang='lat' dir='ltr'>illi</span> <span class='ocrx_word' id='word_1_232' title='bbox 1420 1852 1538 1891; x_wconf 90' lang='lat' dir='ltr'>enim</span> <span class='ocrx_word' id='word_1_233' title='bbox 1574 1858 1679 1892; x_wconf 88' lang='lat' dir='ltr'>sunt</span> 
     </span>
     <span class='ocr_line' id='line_1_27' title="bbox 195 1908 1680 1967; baseline 0.005 -19"><span class='ocrx_word' id='word_1_234' title='bbox 195 1908 360 1961; x_wconf 86' lang='lat' dir='ltr'>frigora</span> <span class='ocrx_word' id='word_1_235' title='bbox 380 1910 493 1949; x_wconf 89' lang='lat' dir='ltr'>sicut</span> <span class='ocrx_word' id='word_1_236' title='bbox 516 1910 687 1957; x_wconf 91' lang='lat' dir='ltr'>hiemis,</span> <span class='ocrx_word' id='word_1_237' title='bbox 711 1924 824 1962; x_wconf 87' lang='lat' dir='ltr'>quae</span> <span class='ocrx_word' id='word_1_238' title='bbox 847 1911 1043 1951; x_wconf 89' lang='lat' dir='ltr'>calorem</span> <span class='ocrx_word' id='word_1_239' title='bbox 1066 1912 1172 1951; x_wconf 90' lang='lat' dir='ltr'>solis</span> <span class='ocrx_word' id='word_1_240' title='bbox 1194 1913 1484 1964; x_wconf 90' lang='lat' dir='ltr'>spiritualem,</span> <span class='ocrx_word' id='word_1_241' title='bbox 1509 1915 1582 1967; x_wconf 91' lang='lat' dir='ltr'>qui</span> <span class='ocrx_word' id='word_1_242' title='bbox 1607 1921 1680 1955; x_wconf 88' lang='lat' dir='ltr'>est</span> 
     </span>
     <span class='ocr_line' id='line_1_28' title="bbox 195 1973 1678 2031; baseline 0.005 -20"><span class='ocrx_word' id='word_1_243' title='bbox 195 1985 334 2019; x_wconf 85' lang='lat' dir='ltr'>amor,</span> <span class='ocrx_word' id='word_1_244' title='bbox 358 1973 673 2024; x_wconf 85' lang='lat' dir='ltr'>exstinguunt,</span> <span class='ocrx_word' id='word_1_245' title='bbox 698 1986 749 2012; x_wconf 89' lang='lat' dir='ltr'>ac</span> <span class='ocrx_word' id='word_1_246' title='bbox 776 1973 943 2014; x_wconf 86' lang='lat' dir='ltr'>faciunt</span> <span class='ocrx_word' id='word_1_247' title='bbox 967 1981 1015 2014; x_wconf 91' lang='lat' dir='ltr'>ut</span> <span class='ocrx_word' id='word_1_248' title='bbox 1042 1988 1131 2014; x_wconf 89' lang='lat' dir='ltr'>non</span> <span class='ocrx_word' id='word_1_249' title='bbox 1159 1977 1363 2027; x_wconf 88' lang='lat' dir='ltr'>potentia</span> <span class='ocrx_word' id='word_1_250' title='bbox 1388 1983 1434 2017; x_wconf 91' lang='lat' dir='ltr'>et</span> <span class='ocrx_word' id='word_1_251' title='bbox 1461 1991 1550 2018; x_wconf 91' lang='lat' dir='ltr'>non</span> <span class='ocrx_word' id='word_1_252' title='bbox 1576 1991 1678 2031; x_wconf 86' lang='lat' dir='ltr'>reg-</span> 
     </span>
     <span class='ocr_line' id='line_1_29' title="bbox 196 2034 1679 2093; baseline 0.005 -20"><span class='ocrx_word' id='word_1_253' title='bbox 196 2047 302 2074; x_wconf 91' lang='lat' dir='ltr'>num</span> <span class='ocrx_word' id='word_1_254' title='bbox 334 2034 530 2074; x_wconf 92' lang='lat' dir='ltr'>Domino</span> <span class='ocrx_word' id='word_1_255' title='bbox 559 2036 661 2082; x_wconf 90' lang='lat' dir='ltr'>sint,</span> <span class='ocrx_word' id='word_1_256' title='bbox 691 2037 873 2076; x_wconf 90' lang='lat' dir='ltr'>tametsi</span> <span class='ocrx_word' id='word_1_257' title='bbox 906 2036 1007 2088; x_wconf 90' lang='lat' dir='ltr'>Ipse</span> <span class='ocrx_word' id='word_1_258' title='bbox 1039 2038 1081 2077; x_wconf 89' lang='lat' dir='ltr'>in</span> <span class='ocrx_word' id='word_1_259' title='bbox 1115 2036 1171 2078; x_wconf 85' lang='lat' dir='ltr'>Se</span> <span class='ocrx_word' id='word_1_260' title='bbox 1203 2037 1433 2090; x_wconf 60' lang='lat' dir='ltr'>spefflatus</span> <span class='ocrx_word' id='word_1_261' title='bbox 1459 2048 1679 2093; x_wconf 90' lang='lat' dir='ltr'>perpetuo</span> 
     </span>
     <span class='ocr_line' id='line_1_30' title="bbox 194 2097 1678 2155; baseline 0.006 -19"><span class='ocrx_word' id='word_1_262' title='bbox 194 2097 238 2136; x_wconf 89' lang='lat' dir='ltr'>in</span> <span class='ocrx_word' id='word_1_263' title='bbox 264 2097 394 2137; x_wconf 90' lang='lat' dir='ltr'>simili</span> <span class='ocrx_word' id='word_1_264' title='bbox 420 2098 750 2150; x_wconf 88' lang='lat' dir='ltr'>omnipotentia</span> <span class='ocrx_word' id='word_1_265' title='bbox 775 2106 859 2146; x_wconf 88' lang='lat' dir='ltr'>est,</span> <span class='ocrx_word' id='word_1_266' title='bbox 883 2101 1086 2152; x_wconf 89' lang='lat' dir='ltr'>quamvis</span> <span class='ocrx_word' id='word_1_267' title='bbox 1112 2114 1201 2141; x_wconf 92' lang='lat' dir='ltr'>non</span> <span class='ocrx_word' id='word_1_268' title='bbox 1232 2102 1275 2141; x_wconf 90' lang='lat' dir='ltr'>in</span> <span class='ocrx_word' id='word_1_269' title='bbox 1307 2101 1516 2155; x_wconf 59' lang='lat' dir='ltr'>subjectis</span> <span class='ocrx_word' id='word_1_270' title='bbox 1546 2111 1678 2145; x_wconf 87' lang='lat' dir='ltr'>ante-</span> 
     </span>
     <span class='ocr_line' id='line_1_31' title="bbox 194 2161 1397 2213; baseline 0.005 -14"><span class='ocrx_word' id='word_1_271' title='bbox 194 2173 327 2213; x_wconf 86' lang='lat' dir='ltr'>quam</span> <span class='ocrx_word' id='word_1_272' title='bbox 352 2173 517 2200; x_wconf 89' lang='lat' dir='ltr'>novum</span> <span class='ocrx_word' id='word_1_273' title='bbox 543 2161 717 2201; x_wconf 89' lang='lat' dir='ltr'>caelum</span> <span class='ocrx_word' id='word_1_274' title='bbox 744 2168 790 2201; x_wconf 94' lang='lat' dir='ltr'>et</span> <span class='ocrx_word' id='word_1_275' title='bbox 822 2175 939 2202; x_wconf 91' lang='lat' dir='ltr'>nova</span> <span class='ocrx_word' id='word_1_276' title='bbox 965 2163 1155 2204; x_wconf 89' lang='lat' dir='ltr'>ecclesia</span> <span class='ocrx_word' id='word_1_277' title='bbox 1180 2165 1397 2205; x_wconf 86' lang='lat' dir='ltr'>existunt.</span> 
     </span>
    </p>
   </div>
   <div class='ocr_carea' id='block_1_4' title="bbox 830 2301 1037 2333">
    <p class='ocr_par' dir='ltr' id='par_1_4' title="bbox 830 2301 1037 2333">
     <span class='ocr_line' id='line_1_32' title="bbox 830 2301 1037 2333; baseline 0.01 -3"><span class='ocrx_word' id='word_1_278' title='bbox 830 2307 965 2331; x_wconf 71' lang='lat' dir='ltr'>VERSUS</span> <span class='ocrx_word' id='word_1_279' title='bbox 987 2301 1037 2333; x_wconf 88' lang='lat'>18.</span> 
     </span>
    </p>
   </div>
   <div class='ocr_carea' id='block_1_5' title="bbox 192 2360 1680 2484">
    <p class='ocr_par' dir='ltr' id='par_1_5' title="bbox 192 2360 1680 2484">
     <span class='ocr_line' id='line_1_33' title="bbox 273 2360 1680 2413; baseline 0.006 -15"><span class='ocrx_word' id='word_1_280' title='bbox 273 2360 406 2411; x_wconf 74' lang='lat'><strong>⁶⁹2.</strong></span> <span class='ocrx_word' id='word_1_281' title='bbox 444 2373 504 2399; x_wconf 72' lang='lat' dir='ltr'>”ft</span> <span class='ocrx_word' id='word_1_282' title='bbox 517 2375 620 2405; x_wconf 75' lang='lat' dir='ltr'>qentes</span> <span class='ocrx_word' id='word_1_283' title='bbox 634 2374 730 2400; x_wconf 75' lang='lat' dir='ltr'>iratae</span> <span class='ocrx_word' id='word_1_284' title='bbox 744 2377 832 2405; x_wconf 68' lang='lat' dir='ltr'>sumt,-</span> <span class='ocrx_word' id='word_1_285' title='bbox 854 2377 884 2400; x_wconf 60' lang='grc' dir='ltr'>εἰ</span> <span class='ocrx_word' id='word_1_286' title='bbox 902 2376 981 2401; x_wconf 80' lang='lat' dir='ltr'>venit</span> <span class='ocrx_word' id='word_1_287' title='bbox 998 2376 1043 2401; x_wconf 80' lang='grc' dir='ltr'>Ῐνα</span> <span class='ocrx_word' id='word_1_288' title='bbox 1061 2378 1120 2405; x_wconf 79' lang='lat' dir='ltr'>tua.</span> <span class='ocrx_word' id='word_1_289' title='bbox 1137 2379 1168 2403; x_wconf 80' lang='lat' dir='ltr'>et</span> <span class='ocrx_word' id='word_1_290' title='bbox 1181 2379 1296 2410; x_wconf 62' lang='lat' dir='ltr'>tempu</span> <span class='ocrx_word' id='word_1_291' title='bbox 1310 2381 1484 2406; x_wconf 81' lang='lat' dir='ltr'>mortuorum</span> <span class='ocrx_word' id='word_1_292' title='bbox 1494 2381 1631 2413; x_wconf 63' lang='lat' dir='ltr'>judu-ari,</span> <span class='ocrx_word' id='word_1_293' title='bbox 1648 2384 1680 2409; x_wconf 77' lang='lat' dir='ltr'>et</span> 
     </span>
     <span class='ocr_line' id='line_1_34' title="bbox 192 2412 1679 2456; baseline 0.007 -18"><span class='ocrx_word' id='word_1_294' title='bbox 192 2413 265 2439; x_wconf 72' lang='lat' dir='ltr'>dare</span> <span class='ocrx_word' id='word_1_295' title='bbox 277 2415 435 2440; x_wconf 71' lang='lat' dir='ltr'>mercedem</span> <span class='ocrx_word' id='word_1_296' title='bbox 445 2415 540 2440; x_wconf 71' lang='lat' dir='ltr'>servis</span> <span class='ocrx_word' id='word_1_297' title='bbox 554 2412 647 2440; x_wconf 64' lang='lat' dir='ltr'>[utute</span> <span class='ocrx_word' id='word_1_298' title='bbox 660 2415 812 2446; x_wconf 79' lang='lat' dir='ltr'>prophetis</span> <span class='ocrx_word' id='word_1_299' title='bbox 825 2417 855 2441; x_wconf 81' lang='lat' dir='ltr'>et</span> <span class='ocrx_word' id='word_1_300' title='bbox 866 2416 989 2446; x_wconf 71' lang='lat' dir='ltr'>sanctis,</span> <span class='ocrx_word' id='word_1_301' title='bbox 1001 2418 1031 2442; x_wconf 73' lang='lat' dir='ltr'>et</span> <span class='ocrx_word' id='word_1_302' title='bbox 1044 2417 1214 2444; x_wconf 71' lang='lat' dir='ltr'>timentibus</span> <span class='ocrx_word' id='word_1_303' title='bbox 1226 2425 1328 2445; x_wconf 78' lang='lat' dir='ltr'>nomen</span> <span class='ocrx_word' id='word_1_304' title='bbox 1341 2421 1429 2450; x_wconf 83' lang='lat' dir='ltr'>tuum.</span> <span class='ocrx_word' id='word_1_305' title='bbox 1440 2422 1542 2452; x_wconf 61' lang='lat' dir='ltr'>parvi&amp;</span> <span class='ocrx_word' id='word_1_306' title='bbox 1554 2424 1586 2448; x_wconf 79' lang='lat' dir='ltr'>et</span> <span class='ocrx_word' id='word_1_307' title='bbox 1597 2430 1679 2456; x_wconf 63' lang='lat' dir='ltr'>may-</span> 
     </span>
     <span class='ocr_line' id='line_1_35' title="bbox 192 2451 759 2484; baseline 0.004 -8"><span class='ocrx_word' id='word_1_308' title='bbox 192 2451 249 2481; x_wconf 72' lang='grc' dir='ltr'><strong><em>ιιΙε.</em></strong></span> <span class='ocrx_word' id='word_1_309' title='bbox 265 2453 296 2478; x_wconf 78' lang='lat' dir='ltr'>et</span> <span class='ocrx_word' id='word_1_310' title='bbox 308 2453 431 2483; x_wconf 73' lang='lat' dir='ltr'>perdere</span> <span class='ocrx_word' id='word_1_311' title='bbox 445 2453 602 2484; x_wconf 76' lang='lat' dir='ltr'>perdentes</span> <span class='ocrx_word' id='word_1_312' title='bbox 616 2453 759 2478; x_wconf 52' lang='lat' dir='ltr'>unumst</span> 
     </span>
    </p>
   </div>
   <div class='ocr_carea' id='block_1_6' title="bbox 219 2515 1680 2872">
    <p class='ocr_par' dir='ltr' id='par_1_6' title="bbox 219 2515 1680 2872">
     <span class='ocr_line' id='line_1_36' title="bbox 219 2515 1677 2562; baseline 0.006 -14"><span class='ocrx_word' id='word_1_313' title='bbox 219 2515 268 2548; x_wconf 88' lang='lat'>18.</span> <span class='ocrx_word' id='word_1_314' title='bbox 301 2516 362 2549; x_wconf 72' lang='lat' dir='ltr'>“Ei</span> <span class='ocrx_word' id='word_1_315' title='bbox 379 2520 503 2560; x_wconf 64' lang='lat' dir='ltr'>gentes</span> <span class='ocrx_word' id='word_1_316' title='bbox 519 2517 631 2550; x_wconf 66' lang='lat' dir='ltr'>iratae</span> <span class='ocrx_word' id='word_1_317' title='bbox 648 2519 755 2554; x_wconf 39' lang='lat' dir='ltr'>suni?</span> <span class='ocrx_word' id='word_1_318' title='bbox 773 2518 933 2560; x_wconf 85' lang='lat' dir='ltr'>significat</span> <span class='ocrx_word' id='word_1_319' title='bbox 950 2526 1179 2562; x_wconf 81' lang='lat' dir='ltr'>conlemplum,</span> <span class='ocrx_word' id='word_1_320' title='bbox 1196 2523 1411 2554; x_wconf 81' lang='lat' dir='ltr'>inimicitiam</span> <span class='ocrx_word' id='word_1_321' title='bbox 1428 2529 1459 2555; x_wconf 79' lang='lat' dir='ltr'>et</span> <span class='ocrx_word' id='word_1_322' title='bbox 1479 2526 1591 2556; x_wconf 84' lang='lat' dir='ltr'>odium</span> <span class='ocrx_word' id='word_1_323' title='bbox 1608 2537 1677 2557; x_wconf 81' lang='lat' dir='ltr'>ma-</span> 
     </span>
     <span class='ocr_line' id='line_1_37' title="bbox 369 2563 1680 2610; baseline 0.007 -19"><span class='ocrx_word' id='word_1_324' title='bbox 369 2563 479 2591; x_wconf 85' lang='lat' dir='ltr'>lorum</span> <span class='ocrx_word' id='word_1_325' title='bbox 503 2567 617 2592; x_wconf 85' lang='lat' dir='ltr'>contra</span> <span class='ocrx_word' id='word_1_326' title='bbox 641 2563 830 2593; x_wconf 79' lang='lat' dir='ltr'>Dominum</span> <span class='ocrx_word' id='word_1_327' title='bbox 853 2568 884 2594; x_wconf 83' lang='lat' dir='ltr'>et</span> <span class='ocrx_word' id='word_1_328' title='bbox 905 2570 1020 2595; x_wconf 79' lang='lat' dir='ltr'>contra</span> <span class='ocrx_word' id='word_1_329' title='bbox 1045 2565 1182 2596; x_wconf 82' lang='lat' dir='ltr'>Divina</span> <span class='ocrx_word' id='word_1_330' title='bbox 1205 2578 1289 2607; x_wconf 84' lang='lat' dir='ltr'>quae</span> <span class='ocrx_word' id='word_1_331' title='bbox 1315 2568 1356 2598; x_wconf 85' lang='lat' dir='ltr'>ab</span> <span class='ocrx_word' id='word_1_332' title='bbox 1384 2569 1468 2609; x_wconf 83' lang='lat' dir='ltr'>Ipso,</span> <span class='ocrx_word' id='word_1_333' title='bbox 1492 2581 1577 2610; x_wconf 82' lang='lat' dir='ltr'>quae</span> <span class='ocrx_word' id='word_1_334' title='bbox 1598 2576 1680 2600; x_wconf 83' lang='lat' dir='ltr'>sunt</span> 
     </span>
     <span class='ocr_line' id='line_1_38' title="bbox 367 2607 1675 2655; baseline 0.009 -20"><span class='ocrx_word' id='word_1_335' title='bbox 367 2608 485 2636; x_wconf 58' lang='lat' dir='ltr'>sanda</span> <span class='ocrx_word' id='word_1_336' title='bbox 502 2607 585 2636; x_wconf 84' lang='lat' dir='ltr'>caeli</span> <span class='ocrx_word' id='word_1_337' title='bbox 606 2611 636 2637; x_wconf 84' lang='lat' dir='ltr'>et</span> <span class='ocrx_word' id='word_1_338' title='bbox 649 2608 795 2637; x_wconf 74' lang='lat' dir='ltr'>ecclesiae</span> <span class='ocrx_word' id='word_1_339' title='bbox 821 2607 872 2649; x_wconf 92' lang='lat' dir='ltr'>[n.</span> <span class='ocrx_word' id='word_1_340' title='bbox 890 2607 993 2649; x_wconf 86' lang='lat'>693];</span> <span class='ocrx_word' id='word_1_341' title='bbox 1025 2612 1082 2640; x_wconf 71' lang='lat' dir='ltr'>“et</span> <span class='ocrx_word' id='word_1_342' title='bbox 1106 2610 1197 2642; x_wconf 76' lang='lat' dir='ltr'>venit</span> <span class='ocrx_word' id='word_1_343' title='bbox 1209 2611 1263 2643; x_wconf 81' lang='lat' dir='ltr'>im</span> <span class='ocrx_word' id='word_1_344' title='bbox 1287 2614 1356 2648; x_wconf 73' lang='lat' dir='ltr'>tua,</span> <span class='ocrx_word' id='word_1_345' title='bbox 1375 2615 1412 2645; x_wconf 79' lang='lat' dir='ltr'>et</span> <span class='ocrx_word' id='word_1_346' title='bbox 1433 2616 1567 2655; x_wconf 75' lang='lat' dir='ltr'>tempus</span> <span class='ocrx_word' id='word_1_347' title='bbox 1584 2624 1675 2646; x_wconf 77' lang='lat' dir='ltr'>mot·-</span> 
     </span>
     <span class='ocr_line' id='line_1_39' title="bbox 369 2649 1680 2698; baseline 0.006 -18"><span class='ocrx_word' id='word_1_348' title='bbox 369 2652 503 2681; x_wconf 72' lang='lat' dir='ltr'>{uorum</span> <span class='ocrx_word' id='word_1_349' title='bbox 513 2649 692 2691; x_wconf 78' lang='lat' dir='ltr'>judicari,&#39;&#39;</span> <span class='ocrx_word' id='word_1_350' title='bbox 709 2650 869 2691; x_wconf 66' lang='lat' dir='ltr'>significat</span> <span class='ocrx_word' id='word_1_351' title='bbox 887 2652 1043 2683; x_wconf 78' lang='lat' dir='ltr'>ultimum</span> <span class='ocrx_word' id='word_1_352' title='bbox 1051 2654 1221 2694; x_wconf 68' lang='lat' dir='ltr'>judidum</span> <span class='ocrx_word' id='word_1_353' title='bbox 1234 2661 1332 2696; x_wconf 81' lang='lat' dir='ltr'>super</span> <span class='ocrx_word' id='word_1_354' title='bbox 1343 2657 1414 2687; x_wconf 85' lang='lat' dir='ltr'>illos</span> <span class='ocrx_word' id='word_1_355' title='bbox 1425 2658 1486 2698; x_wconf 81' lang='lat' dir='ltr'>qni</span> <span class='ocrx_word' id='word_1_356' title='bbox 1497 2658 1590 2688; x_wconf 77' lang='lat' dir='ltr'>nihil</span> <span class='ocrx_word' id='word_1_357' title='bbox 1602 2659 1680 2689; x_wconf 76' lang='lat' dir='ltr'>boni</span> 
     </span>
     <span class='ocr_line' id='line_1_40' title="bbox 369 2694 1677 2738; baseline 0.008 -15"><span class='ocrx_word' id='word_1_358' title='bbox 369 2698 399 2723; x_wconf 82' lang='lat' dir='ltr'>et</span> <span class='ocrx_word' id='word_1_359' title='bbox 420 2694 496 2723; x_wconf 81' lang='lat' dir='ltr'>veri</span> <span class='ocrx_word' id='word_1_360' title='bbox 518 2694 609 2724; x_wconf 79' lang='lat' dir='ltr'>inlus</span> <span class='ocrx_word' id='word_1_361' title='bbox 630 2696 722 2734; x_wconf 80' lang='lat' dir='ltr'>apud</span> <span class='ocrx_word' id='word_1_362' title='bbox 741 2705 773 2725; x_wconf 81' lang='lat' dir='ltr'>se</span> <span class='ocrx_word' id='word_1_363' title='bbox 781 2696 948 2735; x_wconf 77' lang='lat' dir='ltr'>possident</span> <span class='ocrx_word' id='word_1_364' title='bbox 973 2696 1022 2738; x_wconf 84' lang='lat' dir='ltr'>[n.</span> <span class='ocrx_word' id='word_1_365' title='bbox 1040 2696 1145 2738; x_wconf 83' lang='lat'>694];</span> <span class='ocrx_word' id='word_1_366' title='bbox 1176 2701 1234 2731; x_wconf 75' lang='lat' dir='ltr'>“et</span> <span class='ocrx_word' id='word_1_367' title='bbox 1254 2699 1338 2732; x_wconf 76' lang='lat' dir='ltr'>dare</span> <span class='ocrx_word' id='word_1_368' title='bbox 1354 2701 1544 2733; x_wconf 79' lang='lat' dir='ltr'>mercedem</span> <span class='ocrx_word' id='word_1_369' title='bbox 1561 2703 1677 2735; x_wconf 74' lang='lat' dir='ltr'>serris</span> 
     </span>
     <span class='ocr_line' id='line_1_41' title="bbox 370 2735 1674 2785; baseline 0.008 -18"><span class='ocrx_word' id='word_1_370' title='bbox 370 2735 476 2768; x_wconf 71' lang='lat'>1211111&#39;8</span> <span class='ocrx_word' id='word_1_371' title='bbox 489 2737 665 2779; x_wconf 73' lang='lat' dir='ltr'>prophetis</span> <span class='ocrx_word' id='word_1_372' title='bbox 682 2740 717 2770; x_wconf 77' lang='lat' dir='ltr'>et</span> <span class='ocrx_word' id='word_1_373' title='bbox 731 2738 890 2775; x_wconf 52' lang='lat' dir='ltr'>sanctiss*</span> <span class='ocrx_word' id='word_1_374' title='bbox 906 2739 1068 2780; x_wconf 78' lang='lat' dir='ltr'>significat</span> <span class='ocrx_word' id='word_1_375' title='bbox 1085 2743 1210 2773; x_wconf 85' lang='lat' dir='ltr'>caelum</span> <span class='ocrx_word' id='word_1_376' title='bbox 1227 2743 1295 2774; x_wconf 84' lang='lat' dir='ltr'>illis</span> <span class='ocrx_word' id='word_1_377' title='bbox 1314 2745 1376 2785; x_wconf 86' lang='lat' dir='ltr'>qui</span> <span class='ocrx_word' id='word_1_378' title='bbox 1398 2746 1435 2775; x_wconf 86' lang='lat' dir='ltr'>in</span> <span class='ocrx_word' id='word_1_379' title='bbox 1451 2746 1538 2776; x_wconf 67' lang='lat' dir='ltr'>veris</span> <span class='ocrx_word' id='word_1_380' title='bbox 1552 2747 1674 2777; x_wconf 54' lang='lat' dir='ltr'>doch-i-</span> 
     </span>
     <span class='ocr_line' id='line_1_42' title="bbox 369 2782 1675 2828; baseline 0.01 -18"><span class='ocrx_word' id='word_1_381' title='bbox 369 2791 431 2811; x_wconf 85' lang='lat' dir='ltr'>nae</span> <span class='ocrx_word' id='word_1_382' title='bbox 452 2786 533 2811; x_wconf 84' lang='lat' dir='ltr'>sunt</span> <span class='ocrx_word' id='word_1_383' title='bbox 553 2786 584 2811; x_wconf 81' lang='lat' dir='ltr'>et</span> <span class='ocrx_word' id='word_1_384' title='bbox 605 2782 641 2811; x_wconf 81' lang='lat' dir='ltr'>in</span> <span class='ocrx_word' id='word_1_385' title='bbox 667 2782 738 2811; x_wconf 50' lang='lat' dir='ltr'>:vita</span> <span class='ocrx_word' id='word_1_386' title='bbox 761 2784 939 2813; x_wconf 71' lang='lat' dir='ltr'>secundum</span> <span class='ocrx_word' id='word_1_387' title='bbox 963 2785 1023 2814; x_wconf 73' lang='lat' dir='ltr'>illa</span> <span class='ocrx_word' id='word_1_388' title='bbox 1050 2785 1101 2827; x_wconf 89' lang='lat' dir='ltr'>[n.</span> <span class='ocrx_word' id='word_1_389' title='bbox 1126 2785 1228 2828; x_wconf 80' lang='grc'>695];</span> <span class='ocrx_word' id='word_1_390' title='bbox 1259 2789 1316 2819; x_wconf 71' lang='lat' dir='ltr'>“et</span> <span class='ocrx_word' id='word_1_391' title='bbox 1337 2787 1532 2822; x_wconf 78' lang='lat' dir='ltr'>timentibus</span> <span class='ocrx_word' id='word_1_392' title='bbox 1554 2799 1675 2823; x_wconf 79' lang='lat' dir='ltr'>nomen</span> 
     </span>
     <span class='ocr_line' id='line_1_43' title="bbox 370 2824 1674 2872; baseline 0.007 -17"><span class='ocrx_word' id='word_1_393' title='bbox 370 2826 475 2860; x_wconf 71' lang='lat' dir='ltr'>tuum,</span> <span class='ocrx_word' id='word_1_394' title='bbox 490 2824 610 2866; x_wconf 70' lang='lat' dir='ltr'>parvis</span> <span class='ocrx_word' id='word_1_395' title='bbox 634 2828 669 2857; x_wconf 73' lang='lat' dir='ltr'>ei</span> <span class='ocrx_word' id='word_1_396' title='bbox 690 2826 850 2868; x_wconf 74' lang='lat' dir='ltr'>mnym&#39;s.”</span> <span class='ocrx_word' id='word_1_397' title='bbox 867 2827 1028 2867; x_wconf 79' lang='lat' dir='ltr'>significat</span> <span class='ocrx_word' id='word_1_398' title='bbox 1046 2835 1075 2859; x_wconf 81' lang='lat' dir='ltr'>et</span> <span class='ocrx_word' id='word_1_399' title='bbox 1097 2831 1247 2861; x_wconf 74' lang='lat' dir='ltr'>omnihus</span> <span class='ocrx_word' id='word_1_400' title='bbox 1269 2832 1330 2872; x_wconf 81' lang='lat' dir='ltr'>qui</span> <span class='ocrx_word' id='word_1_401' title='bbox 1351 2832 1538 2863; x_wconf 81' lang='lat' dir='ltr'>Dominum</span> <span class='ocrx_word' id='word_1_402' title='bbox 1563 2834 1674 2864; x_wconf 79' lang='lat' dir='ltr'>colunt</span> 
     </span>
    </p>
   </div>
   <div class='ocr_carea' id='block_1_7' title="bbox 367 2870 1668 2961">
    <p class='ocr_par' dir='ltr' id='par_1_7' title="bbox 367 2870 1668 2961">
     <span class='ocr_line' id='line_1_44' title="bbox 367 2870 1668 2919; baseline 0.01 -22"><span class='ocrx_word' id='word_1_403' title='bbox 367 2878 410 2898; x_wconf 77' lang='lat' dir='ltr'>ex</span> <span class='ocrx_word' id='word_1_404' title='bbox 425 2879 619 2909; x_wconf 81' lang='lat' dir='ltr'>quacunque</span> <span class='ocrx_word' id='word_1_405' title='bbox 635 2870 791 2910; x_wconf 56' lang='lat' dir='ltr'>reltgriane</span> <span class='ocrx_word' id='word_1_406' title='bbox 809 2870 860 2912; x_wconf 91' lang='lat' dir='ltr'>[n.</span> <span class='ocrx_word' id='word_1_407' title='bbox 879 2871 980 2913; x_wconf 85' lang='lat'>669];</span> <span class='ocrx_word' id='word_1_408' title='bbox 1008 2875 1064 2904; x_wconf 73' lang='lat' dir='ltr'>“et</span> <span class='ocrx_word' id='word_1_409' title='bbox 1074 2874 1221 2914; x_wconf 77' lang='lat' dir='ltr'>pet-dere</span> <span class='ocrx_word' id='word_1_410' title='bbox 1234 2875 1419 2916; x_wconf 77' lang='lat' dir='ltr'>perdentes</span> <span class='ocrx_word' id='word_1_411' title='bbox 1436 2878 1591 2914; x_wconf 74' lang='lat' dir='ltr'>terram,&#39;&#39;</span> <span class='ocrx_word' id='word_1_412' title='bbox 1608 2877 1668 2919; x_wconf 80' lang='lat' dir='ltr'>sig·</span> 
     </span>
     <span class='ocr_line' id='line_1_45' title="bbox 369 2911 1377 2961; baseline 0.009 -20"><span class='ocrx_word' id='word_1_413' title='bbox 369 2911 478 2943; x_wconf 86' lang='lat' dir='ltr'>nificat</span> <span class='ocrx_word' id='word_1_414' title='bbox 495 2913 668 2954; x_wconf 81' lang='lat' dir='ltr'>infernum</span> <span class='ocrx_word' id='word_1_415' title='bbox 686 2914 752 2944; x_wconf 74' lang='lat' dir='ltr'><em>illis</em></span> <span class='ocrx_word' id='word_1_416' title='bbox 767 2915 1012 2955; x_wconf 76' lang='lat' dir='ltr'>quidestrmmt</span> <span class='ocrx_word' id='word_1_417' title='bbox 1027 2918 1189 2948; x_wconf 67' lang='lat' dir='ltr'>(alesiam</span> <span class='ocrx_word' id='word_1_418' title='bbox 1209 2918 1260 2961; x_wconf 89' lang='lat' dir='ltr'>[n.</span> <span class='ocrx_word' id='word_1_419' title='bbox 1279 2918 1361 2961; x_wconf 84' lang='lat'>697]</span> <span class='ocrx_word' id='word_1_420' title='bbox 1371 2944 1377 2950; x_wconf 92' lang='lat'><em>.</em></span> 
     </span>
    </p>
   </div>
  </div>
 </body>
</html>
