1962 3334
606 262 713 296 cAP.
734 261 817 303 1x.,
839 261 978 294 VERs.
1002 260 1146 304 3.-—N.
1172 238 1267 304 5441
1402 296 1407 300 ,
1570 248 1676 302 1367

197 374 340 417 lectus
353 375 447 416 vita
462 375 507 416 in
524 375 612 416 hoc
625 375 786 417 ultimo
803 388 881 428 per
899 373 1104 414 “saltare
1115 372 1134 388 ”
1152 378 1199 413 et
1219 374 1246 392 “
1258 370 1496 412 subsultim
1514 370 1672 411 ambu-

198 438 331 486 lare‚”
339 439 442 479 ideo
456 439 616 479 dicitur
628 438 748 492 quod
762 450 901 490 equus
916 439 941 456 ‘⁴
954 435 1179 476 subsultet
1195 435 1309 475 sicut
1324 433 1538 474 locusta.”
1574 432 1675 472 An-

198 501 436 554 tiquissimi
471 500 583 549 libri,
615 501 733 541 inter
767 513 880 553 quos
919 504 990 539 est
1024 497 1210 546 Hiobus,
1244 497 1399 550 scripti
1429 501 1558 536 erant
1598 508 1677 548 per

197 575 344 604 meras
358 563 782 616 correspondentias
799 576 809 612 ;
835 561 1024 602 scientia
1039 560 1158 600 enirn
1174 558 1675 612 correspondentiarum

123 647 126 654 =
199 625 410 671 tunc,fuit
433 625 621 666 scientia
642 625 944 672 scientiarum,
968 629 1014 664 et
1035 623 1098 663 illi
1120 636 1226 675 prae
1247 621 1426 674 reliquis
1447 620 1676 661 aestimati

196 683 373 728 suerunt
398 688 471 740 qui
502 701 580 740 per
604 687 753 740 plures
779 692 826 727 et
851 684 1225 738 significantiores
1251 683 1676 736 correspondentias

197 748 334 790 libros
365 751 635 791 concinnare
670 755 941 803 potuerunt:
980 748 1086 788 talis
1117 754 1187 788 est
1222 746 1358 787 Liber
1392 745 1560 793 Hz'obi,·
1596 745 1675 786 sed

198 825 356 852 sensus
396 812 635 865 spiritualis
676 826 736 852 ex
777 810 1189 864 correspondentiis
1233 809 1292 849 ibi
1336 806 1540 849 collectis
1584 820 1675 848 non

196 874 294 927 agit
324 875 380 915 de
411 873 578 916 sanffls
609 874 723 916 caeli
753 880 801 915 at
833 873 1065 921 ecclesiae,
1099 874 1214 913 sicut
1246 885 1403 912 sensus
1434 870 1676 924 spiritualis

197 937 316 989 apud
351 937 634 990 Prophetas,·
669 951 805 991 quare
841 937 917 977 ille
956 936 1092 977 Liber
1131 949 1221 976 non
1258 941 1327 975 est
1364 935 1481 974 inter
1516 933 1676 974 Libros

198 998 338 1040 Verbi
355 1014 365 1050 ;
404 1000 483 1041 sed
510 1014 649 1054 usque
673 1014 733 1041 ex
763 999 842 1040 illo
872 999 1155 1040 adducuntur
1187 998 1288 1038 loca
1318 1003 1502 1050 propter
1526 1009 1675 1036 corre-

198 1062 507 1115 spondentias,
535 1063 690 1116 quibus
716 1068 787 1103 est
813 1061 984 1115 plenus.

276 1135 406 1179 544.
440 1126 519 1166 “et
539 1127 635 1166 data
657 1126 737 1166 illis
755 1129 942 1178 potestas
964 1124 1076 1165 sicut
1095 1124 1245 1165 habent
1259 1127 1505 1176 potestatem
1527 1123 1679 1175 scorpii

198 1184 575 1238 {ore-ao.''—Quod
605 1185 832 1238 significet
855 1185 1175 1237 persuasivum
1205 1184 1399 1231 illorum,
1421 1196 1472 1223 ac
1497 1182 1590 1235 ejus
1609 1182 1675 1233 esf-

193 1246 366 1297 sec‘Jum
400 1253 443 1286 et
469 1247 727 1298 potentiam,
760 1252 944 1287 constat
980 1259 1039 1286 ex
1076 1244 1404 1298 significatione
1438 1237 1677 1296 “scorpii‚”

197 1306 319 1359 quod
344 1307 403 1347 sit
428 1308 738 1360 persuasivum
760 1307 986 1348 infatuans
1011 1313 1058 1346 et
1084 1305 1310 1346 suffocans
1337 1316 1392 1353 (de
1410 1325 1475 1352 qua
1491 1315 1674 1354 sequitur);

196 1374 247 1408 et
286 1381 346 1408 ex
385 1367 715 1420 significatione
758 1367 1081 1421 “potestatiS,”
1121 1367 1241 1420 quod
1281 1368 1338 1407 sit
1379 1366 1586 1419 potentia
1629 1371 1676 1406 et

198 1428 392 1478 effectus,
437 1430 508 1471 hic
554 1431 762 1484 potentia
803 1430 1021 1471 sensualis
1064 1430 1257 1469 hominis
1299 1443 1357 1470 ex
1401 1428 1674 1482 persuasivo,

198 1499 246 1533 et
276 1491 458 1533 effectus
484 1493 603 1546 quod
634 1493 824 1534 infatuet
857 1499 903 1533 et
935 1491 1135 1532 suffocet.
1198 1490 1316 1543 Quid
1348 1497 1395 1532 et
1426 1490 1557 1544 quale
1588 1490 1675 1530 hoc

199 1556 503 1608 persuasivum
544 1561 628 1604 est,
667 1555 787 1609 quod
827 1569 906 1608 per
944 1554 1239 1607 “scorpium”
1273 1553 1563 1606 significatur,
1598 1553 1675 1592 vix

198 1617 356 1671 aliquis
380 1618 424 1658 in
451 1619 619 1658 mundo
644 1618 791 1658 adhuc
819 1617 960 1666 novit,
989 1631 1047 1658 ex
1070 1630 1206 1657 causa
1232 1618 1333 1670 quia
1359 1622 1428 1657 est
1455 1616 1676 1669 persuasi-

198 1692 304 1719 vum
325 1680 503 1732 spiritus
525 1680 717 1720 hominis
739 1679 972 1728 sensualis,
996 1680 1041 1719 in
1066 1693 1155 1732 quo
1177 1686 1247 1720 est
1270 1679 1450 1732 quando
1473 1677 1522 1718 fit
1548 1679 1676 1731 spiri-

199 1747 286 1790 tus,
314 1754 404 1781 non
430 1748 582 1782 autem
607 1742 788 1795 quando
813 1742 925 1782 vivit
956 1741 1095 1782 homo
1120 1742 1164 1781 in
1191 1741 1373 1781 mundo.
1434 1740 1580 1781 Causa
1605 1748 1676 1782 est

199 1803 319 1856 quod
355 1803 493 1844 homo
529 1804 572 1844 in
610 1804 778 1844 mundo
814 1817 914 1844 raro
947 1803 1184 1856 eloquatur
1215 1803 1335 1856 quod
1372 1802 1463 1854 ejus
1497 1803 1677 1856 spiritus

199 1866 375 1918 cogitat
405 1872 452 1906 et
483 1866 640 1907 intime
666 1872 816 1916 amat;
854 1864 1013 1906 doetus
1044 1866 1162 1906 enim
1194 1872 1263 1906 est
1295 1865 1352 1906 ab
1383 1865 1570 1905 infantia
1600 1879 1676 1906 ore

198 1928 444 1981 producere
471 1928 580 1968 talia
605 1942 719 1981 quae
745 1929 865 1969 vitae
891 1928 1032 1969 civilis
1064 1934 1111 1968 et
1143 1927 1339 1976 moralis,
1367 1928 1505 1968 immo
1536 1928 1675 1968 etiam

198 1990 440 2043 spiritualis
472 1997 591 2039 sunt,
616 1991 800 2031 tametsi
832 1991 1011 2044 spiritus
1043 1990 1150 2043 ejus,
1179 1991 1252 2043 qui
1283 1991 1466 2031 interius
1498 1991 1675 2043 cogitat

198 2058 245 2092 et
266 2052 377 2101 vult,
401 2053 457 2093 ad
481 2053 599 2093 aliud
623 2053 809 2094 inclinat
827 2066 836 2093 :
870 2054 1049 2106 spiritus
1067 2053 1274 2100 hominis,
1294 2053 1400 2093 dum
1421 2053 1466 2092 in
1488 2066 1676 2106 corpore

201 2121 372 2163 manet,
398 2115 564 2168 profert
587 2116 697 2156 talia
722 2128 873 2156 coram
901 2116 1082 2163 mundo,
1111 2116 1212 2168 quia
1243 2115 1374 2156 aliter
1399 2129 1488 2155 non
1521 2122 1677 2168 potest

201 2183 386 2230 captare
411 2179 599 2225 animos,
628 2184 676 2218 ut
702 2178 794 2230 ejus
820 2179 998 2231 spiritus
1024 2179 1229 2218 obtineat
1255 2177 1364 2218 fines
1390 2192 1501 2231 quos
1526 2178 1677 2219 inten-

199 2239 280 2287 dit,
318 2241 391 2292 qui
432 2247 537 2281 sunt
578 2241 815 2294 praecipue
855 2240 1049 2281 honores
1090 2248 1135 2281 et
1177 2240 1312 2289 lucra,
1340 2254 1391 2281 ac
1426 2254 1590 2282 nomen
1631 2248 1677 2282 et

198 2302 362 2342 samam
381 2301 564 2356 propter
585 2303 673 2343 illa.
736 2303 862 2344 Haec
886 2316 1020 2343 causa
1039 2311 1109 2344 est
1130 2304 1250 2357 quod
1271 2304 1315 2344 in
1338 2304 1506 2344 mundo
1529 2305 1675 2345 nesci-

199 2371 299 2406 atur
323 2366 427 2418 quid
452 2373 498 2407 et
525 2366 656 2419 quale
682 2372 752 2407 est
784 2367 1088 2419 persuasivum
1114 2367 1337 2408 infatuans
1364 2373 1409 2407 et
1436 2366 1672 2416 suffocans,

199 2427 319 2480 quod
345 2427 621 2480 significatur
652 2442 730 2481 per
758 2428 1075 2481 “scorpium:”
1111 2429 1220 2469 illud
1251 2436 1405 2470 tamen
1437 2443 1575 2482 usque
1606 2436 1677 2470 est

199 2489 292 2530 tale
317 2490 435 2543 apud
461 2491 656 2543 spiritus,
685 2490 843 2544 quibus
874 2490 919 2530 id
950 2492 1255 2544 persuasivum
1281 2498 1364 2539 est,
1393 2498 1442 2532 ut
1473 2492 1678 2533 infundat

199 2564 247 2591 se
278 2551 322 2591 in
348 2551 530 2592 alterius
556 2553 753 2593 animum
781 2559 827 2594 et
854 2559 1069 2601 mentem,
1093 2567 1145 2594 ac
1172 2555 1318 2607 sopiat
1345 2560 1391 2595 et
1422 2567 1566 2607 paene
1594 2569 1677 2595 ex-

199 2614 403 2667 stinguat
436 2614 528 2667 ejus
567 2615 788 2656 rationale
825 2621 871 2656 et
910 2614 1243 2667 intellectuale;
1284 2617 1401 2657 unde
1434 2630 1525 2657 non
1564 2618 1677 2658 scire

200 2676 331 2717 aliter
357 2683 510 2730 potest
536 2691 669 2731 quam
696 2678 815 2731 quod
842 2691 994 2718 verum
1021 2679 1079 2719 sit
1106 2679 1224 2732 quod
1256 2679 1464 2732 loquitur,
1492 2681 1677 2721 tametsi

198 2738 314 2780 foret
331 2739 629 2781 falsissimum.
680 2740 767 2793 Qui
790 2741 833 2780 in
857 2740 936 2781 tali
958 2743 1215 2794 persuasivo
1238 2749 1356 2790 sunt,
1376 2755 1466 2782 non
1485 2743 1674 2796 loquun-

200 2807 273 2842 tur
304 2815 363 2842 ex
394 2802 542 2856 aliqua
572 2804 761 2851 ratione,
795 2804 874 2844 sed
905 2817 965 2844 ex
996 2817 1131 2845 caeca
1162 2804 1247 2845 fide
1282 2805 1451 2858 absque
1483 2806 1672 2853 ratione,

202 2864 305 2919 quia
330 2878 388 2905 ex
415 2865 573 2906 ultimo
595 2865 815 2918 sensuali;
848 2866 892 2906 in
918 2865 1003 2907 hoc
1026 2868 1144 2908 enim
1171 2881 1261 2908 non
1287 2868 1418 2909 datur
1443 2868 1571 2917 ratio,
1596 2867 1676 2908 sed
