1962 3334
612 260 717 294 CAP.
742 261 824 302 XL,
847 261 985 294 VERs.
1012 261 1182 293 11.—-N.
1203 251 1299 304 665.
1517 275 1520 278 -
1593 253 1694 304 1781

213 372 543 426 significatione
582 375 802 427 “spiritus
838 375 960 416 vitae
997 389 1023 415 a
1059 373 1201 422 Deo,”
1231 373 1351 428 quod
1388 374 1446 414 sit
1484 373 1697 414 Divinum

213 432 386 474 Verum
416 435 671 487 procedens
700 450 726 476 a
756 435 957 476 Domino
987 446 1043 483 (de
1057 455 1121 483 qua
1134 446 1321 484 sequitur);
1358 441 1404 475 et
1434 448 1494 475 ex
1524 434 1696 487 signifi-

212 496 394 539 catione
427 497 632 537 “intrare
667 497 710 536 in
748 496 890 545 illos‚”
920 495 1082 550 nempe
1118 498 1162 537 in
1197 495 1413 537 “testes”
1444 497 1618 536 occisos
1649 502 1697 537 et

211 555 449 609 projectos,
477 559 597 612 quod
628 560 686 600 sit
718 560 962 601 illustratio
993 567 1040 601 et
1071 560 1273 613 receptio
1298 559 1506 606 influxus,
1534 571 1697 612 nempe

211 618 363 660 Divini
388 620 512 669 Veri,
539 622 659 675 quod
685 636 764 675 per
791 623 1034 676 “spiritum
1059 623 1182 662 vitae
1197 621 1217 636 ‘’
1239 620 1543 674 significatur;
1575 621 1696 674 quod

211 683 271 726 sit
315 683 435 736 apud
475 685 709 737 quosdam,
751 685 808 726 ad
854 698 1019 726 novam
1059 685 1297 726 ecclesiam
1338 684 1694 732 instaurandam,

211 751 342 798 patet
373 759 399 786 a
429 760 560 787 versu
591 754 824 801 sequente,
851 748 925 788 ubi
957 748 1121 789 dicitur
1146 747 1267 801 quod
1293 747 1619 788 “ascenderint
1651 748 1695 788 in

210 808 394 850 caelum
425 810 469 849 in
509 810 667 858 nube,''
706 812 770 851 ita
809 811 928 864 apud
968 810 1215 864 quosdam;
1263 823 1367 850 nam
1407 824 1486 863 per
1528 810 1695 850 “binos

155 875 161 883 “
210 871 386 912 testes''
421 872 731 925 significantur
767 874 887 914 bona
923 874 1088 914 amoris
1130 879 1177 913 et
1214 886 1320 913 vera
1357 871 1603 920 doctrinae,
1642 886 1694 914 ac

208 933 525 987 intelliguntur
550 936 577 976 ii
603 936 722 989 apud
753 950 866 990 quos
897 936 974 976 illa
1005 942 1125 983 sunt,
1153 948 1312 976 omnes
1343 936 1461 975 enim
1494 935 1557 975 illi
1589 942 1694 976 sunt

209 1001 368 1036 testes.
429 995 632 1049 Quando·
660 997 758 1038 finis
794 998 1014 1039 ecclesiae
1046 998 1205 1046 instat,
1238 1003 1345 1038 tunc
1378 998 1639 1051 providetur
1669 1012 1695 1038 a

209 1057 407 1099 Domino
437 1065 486 1100 ut
518 1073 635 1100 nova
661 1060 853 1101 ecclesia
884 1061 1127 1110 succedat;
1170 1073 1275 1100 nam
1306 1061 1498 1100 mundus
1524 1061 1694 1114 absque

208 1119 414 1170 ecclesia,
439 1121 483 1161 in
509 1136 596 1175 qua
618 1122 820 1163 Verbum
842 1129 912 1164 est
938 1129 986 1163 et
1007 1123 1052 1163 in
1074 1136 1162 1176 qua
1184 1122 1405 1162 Dominus
1428 1129 1578 1170 notus,
1603 1137 1694 1164 non

207 1182 451 1224 subsistere
477 1190 657 1237 potest:
696 1185 865 1238 absque
887 1185 1043 1225 Verbo
1068 1186 1207 1233 enim,
1232 1192 1278 1226 et
1305 1185 1408 1225 inde
1431 1186 1694 1238 cognitione

207 1251 254 1286 et
280 1246 513 1298 agnitione
536 1247 732 1295 Domini,
756 1247 930 1287 caelum
953 1261 1043 1288 non
1066 1253 1221 1300 potest
1255 1247 1467 1300 conjungi
1494 1248 1693 1289 humano

206 1309 376 1360 generi,
409 1309 596 1362 proinde
633 1323 714 1350 nec
753 1310 965 1350 Divinum
1001 1324 1027 1350 a
1064 1311 1262 1351 Domino
1304 1311 1554 1363 procedens
1591 1325 1692 1352 cum

207 1384 326 1411 nova
355 1372 450 1412 vita
481 1372 687 1422 influere;
724 1379 772 1413 et
803 1373 972 1426 absque
999 1371 1320 1425 conjunecione
1346 1387 1447 1413 cum
1474 1374 1616 1422 caelo,
1645 1382 1692 1416 et

207 1447 286 1486 per
315 1433 360 1474 id
391 1447 492 1474 cum
525 1435 735 1483 Domino,
769 1435 907 1484 homo
938 1449 1028 1476 non
1066 1436 1181 1476 foret
1214 1435 1366 1484 homo,
1400 1436 1480 1476 sed
1516 1436 1690 1486 bestia;

205 1495 311 1536 inde
333 1502 403 1536 est
425 1497 545 1549 quod
567 1510 745 1550 semper
762 1511 787 1537 a
810 1497 1008 1538 Domino
1031 1511 1148 1538 nova
1170 1497 1362 1538 ecclesia
1384 1493 1689 1551 provideatur.

206 1558 387 1612 quando
431 1565 563 1599 vetus
607 1558 782 1600 finitur:
834 1560 953 1613 quod
1002 1560 1234 1600 incohatio
1278 1560 1497 1601 ecclesiae
1546 1575 1691 1602 novae

205 1620 352 1661 solum
393 1620 690 1674 intelligatur,
732 1628 778 1662 et
819 1622 1020 1662 nondum
1060 1622 1153 1674 ejus
1193 1623 1477 1673 instauratio,
1518 1625 1692 1665 dicetur

205 1696 343 1724 causa
373 1683 417 1723 in
449 1685 681 1736 sequentis
712 1698 865 1724 versus
898 1684 1218 1737 explicatione.
1281 1684 1414 1737 Quod
1446 1699 1525 1738 per
1559 1688 1690 1740 “spi-

205 1746 340 1786 ritum
363 1747 485 1786 vitae
511 1759 537 1786 a
564 1745 703 1793 Deo,”
724 1760 801 1786 seu
827 1760 907 1799 per
931 1747 1173 1799 “spiritum
1196 1747 1320 1794 Dei,”
1341 1761 1392 1788 ac
1420 1761 1499 1800 per
1523 1750 1690 1802 “spiri-

205 1813 302 1848 tum
327 1806 572 1855 san&um,’'
595 1807 879 1861 intelligatur
905 1808 1118 1849 Divinum
1147 1810 1397 1862 procedens
1423 1824 1449 1850 a
1475 1810 1687 1858 Domino.

205 1870 324 1923 quod
349 1876 540 1910 vocatur
566 1870 778 1910 Divinum
805 1870 990 1919 Verum,
1018 1885 1077 1911 ex
1110 1885 1198 1924 quo
1223 1873 1368 1912 omnis
1394 1874 1616 1925 sapientia
1642 1881 1689 1915 et

204 1929 527 1983 intelligentia,
547 1944 680 1983 supra
698 1941 744 1979 (n.
761 1942 826 1982 24,
849 1932 938 1982 183,
956 1933 1053 1982 318)
1075 1932 1245 1972 dictum
1267 1939 1313 1974 et
1335 1939 1571 1974 ostensum
1590 1941 1659 1974 est
1678 1948 1686 1974 :

205 1989 292 2031 hoc
331 1990 543 2031 Divinum
580 1992 830 2044 procedens
868 1999 938 2032 est
978 1993 1097 2045 quod
1133 1993 1331 2033 illustrat
1363 1993 1607 2042 hominem,
1641 2002 1688 2036 et

204 2053 325 2106 quod
362 2053 506 2094 influit
543 2055 661 2106 apud
697 2054 838 2100 illum,
872 2067 971 2094 cum
1004 2055 1271 2096 reformatur
1301 2063 1348 2096 et
1379 2065 1687 2109 regeneratur,

204 2115 270 2155 ita
293 2116 475 2168 quando
499 2116 684 2156 incohat
711 2123 757 2156 et
787 2117 1066 2157 instauratur
1096 2117 1287 2158 ecclesia
1318 2119 1437 2172 apud
1468 2119 1608 2168 illum,
1637 2128 1686 2161 ut

205 2175 444 2216 manifeste
474 2183 688 2216 constare
719 2183 874 2229 potest
909 2191 935 2216 a
971 2177 1084 2217 locis
1118 2192 1143 2218 e
1173 2177 1331 2219 Verbo
1360 2193 1496 2232 supra
1526 2191 1572 2228 (n.
1594 2182 1687 2233 183)

204 2235 356 2276 allatis
372 2250 382 2287 ;
415 2243 461 2277 et
488 2251 664 2290 quoque
691 2238 748 2277 ab
773 2237 858 2278 hoc
885 2238 1003 2290 apud
1029 2237 1312 2288 Ezechielem,

275 2335 437 2377 Jehovah
455 2337 569 2367 “dixit
585 2337 630 2367 ad
646 2346 712 2375 me,
733 2336 911 2377 Propheta
927 2347 1033 2378 super
1049 2338 1184 2378 spiritu,
1201 2345 1235 2370 et
1252 2340 1435 2380 propheta,
1455 2341 1504 2372 fili
1520 2342 1686 2380 hominis,

377 2385 413 2410 et
435 2379 491 2411 dic
514 2380 559 2411 ad
582 2387 739 2417 ventum,
761 2380 816 2411 Sic
840 2381 928 2412 dixit
954 2381 1129 2413 Dominus
1153 2381 1315 2423 Jehovih,
1339 2384 1372 2414 A
1396 2391 1546 2424 quatuor
1569 2387 1686 2417 ventis

377 2423 470 2461 veni,
487 2423 639 2463 spiritus,
657 2430 691 2454 et
711 2424 846 2463 inspira
865 2424 900 2454 in
918 2425 1055 2455 occisos
1072 2425 1148 2463 hos,
1165 2432 1203 2456 ut
1219 2426 1359 2458 vivant:
1385 2434 1420 2458 et
1439 2437 1519 2458 cum
1536 2430 1687 2469 prophe-

378 2466 476 2503 tavi„
491 2490 498 2497 .
513 2466 673 2498 .intravit
697 2466 732 2497 in
758 2477 819 2498 eos
844 2468 999 2507 spiritus,
1024 2475 1058 2498 et
1082 2469 1297 2506 revixerunt.
1324 2477 1359 2500 et
1383 2477 1557 2502 steterunt
1581 2482 1687 2512 super

377 2509 525 2549 pedibus
541 2509 625 2547 suis,
643 2510 816 2540 exercitus
833 2520 984 2550 magnus
1000 2511 1102 2542 valde
1118 2512 1310 2543 admodum
1322 2512 1339 2524 '¹
1356 2514 1500 2552 (xxxvii.
1517 2524 1548 2554 9,
1569 2517 1640 2554 10):

204 2622 352 2674 agitur
373 2621 432 2662 ibi
454 2622 510 2662 de
531 2623 742 2663 “ossibus
760 2623 926 2664 aridis’'
944 2625 1050 2665 visis
1068 2626 1318 2679 prophetae
1340 2641 1471 2681 super
1488 2629 1684 2670 faciebus

203 2683 348 2732 vallis,
382 2697 460 2736 per
496 2698 609 2737 quae
640 2684 918 2738 significatur
943 2687 1103 2728 domus
1135 2688 1327 2737 Israelis,
1361 2697 1409 2730 ut
1446 2692 1684 2732 manifeste

203 2745 366 2785 dicitur
390 2759 520 2786 versu
550 2756 593 2786 11
624 2747 709 2796 ibi;
743 2754 789 2788 et
816 2761 894 2800 per
922 2749 1145 2790 “domum
1169 2751 1347 2792 Israelis
1361 2753 1379 2767 ''
1405 2753 1684 2806 significatur

183 2806 421 2857 .ecclesia;
454 2822 567 2861 quae
585 2809 746 2849 domus
766 2823 843 2850 seu
865 2811 1056 2852 ecclesia
1078 2821 1364 2866 comparatur
1385 2815 1443 2855 ibi
1469 2815 1682 2855 “ossibus

204 2869 378 2918 aridis,’'
409 2871 510 2923 quia
546 2871 609 2911 illi
642 2885 731 2912 non
763 2872 930 2914 bonum
962 2875 1126 2916 amoris
1158 2883 1203 2917 et
1236 2891 1388 2918 verum
1420 2876 1679 2928 doctrinam
