1962 3334
240 290 349 334 1420
650 292 985 326 APOCALYPSIS
1016 293 1316 327 EXPLICATA.

233 404 295 444 sic
318 417 377 443 ex
399 403 590 445 fallaciis
608 418 823 445 sensuum
842 420 850 456 ;
883 413 1220 459 consequenter
1237 407 1358 460 quod
1381 408 1568 448 tametsi
1590 407 1730 450 homo

234 473 341 506 tunc
379 466 578 520 loquitur
617 481 698 520 pro
735 468 927 517 Divinis,
965 482 1105 522 usque
1146 482 1238 509 non
1277 470 1455 522 cogitet
1491 484 1573 523 pro
1612 471 1729 523 illis;

233 541 339 568 narn
370 529 510 570 homo
546 536 703 583 potest
741 544 801 570 ex
838 543 1030 583 corpore
1066 545 1147 572 suo
1183 532 1318 572 aliter
1354 532 1477 585 loqui
1514 546 1649 586 quam
1685 534 1730 574 in

233 593 393 644 spiritu
424 606 504 632 suo
535 593 741 645 cogitat:
783 599 829 633 et
861 594 1045 646 spiritus
1076 594 1150 646 qui
1187 607 1246 634 ex
1278 594 1478 634 sensuali
1508 608 1730 648 corporeo

233 655 427 707 cogitat,
460 668 551 695 non
582 655 717 695 aliter
752 662 909 708 potest
945 669 1081 708 quam
1117 662 1280 696 contra
1312 656 1479 697 Divina
1508 659 1729 710 cogitare,

232 724 281 758 at
317 732 457 771 usque
493 724 650 771 potest
687 732 747 758 ex
778 718 978 758 sensuali
1010 731 1232 772 corporeo
1265 719 1388 772 loqui
1423 733 1505 773 pro
1536 720 1728 770 Divinis,

232 786 279 820 et
305 779 391 820 hoc
419 781 661 834 praecipue
688 795 747 821 ex
774 794 911 822 causa
937 782 1041 834 quia
1067 782 1234 822 Divina
1259 789 1365 822 sunt
1397 784 1436 822 ei
1462 796 1544 836 pro
1569 783 1730 823 mediis

232 843 290 884 ad
317 843 514 884 honores
545 851 591 884 et
622 845 679 885 ad
711 844 849 885 lucra.
909 844 1026 886 Sunt
1057 846 1197 885 etiam
1223 846 1364 886 cuivis
1393 845 1565 886 homini
1595 847 1730 887 binae

232 907 496 956 memoriae,
524 920 690 960 nempe
723 909 943 948 memoria
969 908 1191 948 naturalis
1223 915 1269 948 et
1301 909 1520 949 memoria
1546 910 1729 962 spiritu-

231 969 342 1020 alis;
374 969 514 1010 homo
540 984 599 1010 ex
626 977 816 1023 utraque
838 977 996 1023 potest
1023 971 1245 1023 cogitare,
1269 985 1329 1011 ex
1352 972 1571 1012 memoria
1596 978 1730 1018 natu-

231 1031 314 1072 rali
331 1032 516 1085 quando
535 1032 735 1086 loquitur
757 1034 801 1072 in
821 1033 992 1073 mundo
1014 1046 1116 1073 cum
1135 1033 1409 1083 hominibus,
1429 1048 1488 1074 ex
1511 1035 1731 1075 memoria

231 1101 388 1135 autem
410 1095 634 1148 spirituali
657 1095 841 1148 quando
867 1109 927 1135 ex
953 1096 1140 1148 spiritu;
1172 1103 1218 1136 et
1241 1096 1380 1137 homo
1405 1110 1507 1137 raro
1530 1097 1731 1150 loquitur

232 1171 292 1197 ex
323 1158 483 1210 spiritu
514 1170 616 1198 cum
647 1158 752 1206 alio,
780 1158 860 1198 sed
892 1158 1031 1198 modo
1061 1171 1231 1207 secum,
1259 1159 1380 1212 quod
1411 1166 1482 1199 est
1508 1160 1728 1212 cogitare.

233 1219 307 1260 Illi
342 1221 416 1274 qui
455 1220 690 1261 sensuales
730 1221 940 1261 homines
977 1227 1098 1269 sunt,
1139 1234 1230 1261 non
1270 1229 1463 1274 possunt
1499 1222 1634 1263 aliter
1669 1237 1729 1264 ex

231 1283 390 1336 spiritu
426 1296 507 1323 suo
543 1296 698 1323 secum
734 1283 857 1336 loqui
893 1297 972 1323 seu
1007 1284 1214 1335 cogitare
1250 1297 1385 1337 quam
1420 1298 1502 1337 pro
1533 1284 1727 1334 Natura,

231 1345 422 1398 proinde
444 1359 526 1399 pro
548 1346 779 1398 corporeis
801 1352 847 1386 et
871 1346 1140 1396 mundanis;
1172 1347 1277 1399 quia
1303 1346 1544 1400 [sensualis
1567 1347 1726 1401 homo]

231 1409 410 1464 cogitat
446 1422 506 1449 ex
542 1409 742 1449 sensuali
779 1416 825 1449 et
865 1422 956 1449 non
994 1422 1053 1449 ex
1093 1409 1330 1462 spirituali,
1369 1410 1509 1450 immo
1545 1424 1729 1463 prorsus

231 1472 378 1512 nescit
404 1472 511 1525 quid
536 1471 786 1524 spirituale,
814 1472 918 1524 quia
949 1471 1069 1524 apud
1101 1485 1149 1512 se
1180 1471 1374 1512 occlusit
1401 1479 1605 1513 mentem
1636 1474 1727 1526 spi·

230 1534 443 1575 ritualem
473 1535 517 1574 in
548 1547 683 1587 quam
715 1534 892 1574 caelum
923 1547 982 1574 ex
1014 1531 1095 1574 sua
1126 1534 1226 1574 luce
1256 1534 1414 1575 influit.
1474 1534 1564 1575 Sed
1595 1548 1727 1576 acce·

230 1598 391 1638 damus
422 1598 479 1638 ad
509 1598 871 1650 explicationem
902 1597 1144 1637 verborum
1176 1597 1351 1646 horum,
1379 1598 1501 1651 quod
1533 1598 1728 1639 “audita

229 1661 288 1701 sit
319 1675 413 1701 vox
444 1674 504 1700 ex
534 1660 746 1701 cornibus
772 1659 929 1700 altaris
955 1660 1092 1708 aurei,
1121 1660 1277 1700 dicens
1307 1666 1447 1700 sexto
1477 1660 1647 1713 angelo
1678 1668 1727 1701 ut

229 1723 431 1765 solveret
457 1730 652 1778 quatuor
682 1723 874 1776 angelos
905 1722 1084 1764 vinctos
1115 1723 1172 1763 ad
1202 1722 1367 1763 flumen
1400 1722 1726 1776 Euphratem.''

229 1786 314 1827 Per
331 1786 527 1827 “flumen
544 1785 856 1839 Euphratem'’
871 1785 1155 1838 significatur
1169 1785 1410 1833 rationale,
1428 1791 1475 1825 et
1490 1786 1596 1826 inde
1611 1800 1725 1839 quo-

229 1864 316 1903 que
337 1850 658 1899 ratiocinatio;
690 1862 828 1889 causa
850 1848 971 1902 quod
997 1848 1042 1888 id
1063 1848 1230 1888 fiumen
1253 1847 1365 1887 illud
1387 1847 1629 1901 significet,
1653 1855 1725 1890 est

229 1913 333 1965 quia
359 1913 598 1964 distinguit
625 1912 867 1963 Assyriam
893 1924 919 1951 a
945 1917 1067 1951 terra
1093 1910 1324 1958 Canaane,
1352 1916 1398 1950 et
1424 1924 1505 1963 per
1533 1911 1724 1964 “Assy-

228 1976 341 2015 riam
354 1974 373 1989 ”
396 1989 474 2015 seu
499 1973 831 2014 “Aschurem’'
849 1972 1129 2026 significatur
1151 1972 1392 2021 rationale,
1417 1979 1463 2013 et
1485 1986 1565 2026 per
1589 1978 1615 1994 ‘⁶
1632 1980 1724 2014 ter-

227 2051 325 2078 ram
343 2037 608 2078 Canaanem
622 2036 641 2051 ’'
659 2036 908 2089 spirituale.
967 2035 1115 2076 Erant
1141 2042 1232 2075 tres
1250 2034 1370 2075 fluvii
1391 2036 1612 2088 quierant
1630 2042 1723 2077 ter-

229 2101 337 2140 mini
352 2106 502 2141 terrae
518 2099 762 2147 Canaanis,
777 2106 959 2152 praeter
974 2111 1118 2149 mare;
1146 2111 1310 2151 nempe
1326 2097 1484 2138 fluvius
1498 2098 1721 2152 Aegypti,

228 2163 387 2203 fluvius
414 2162 692 2216 Euphrates,
719 2169 765 2202 et
791 2161 950 2201 fluvius
973 2161 1197 2213 Jordanes
1219 2175 1227 2211 ;
1272 2174 1351 2213 per
1379 2160 1599 2201 “fluvium
1625 2163 1723 2202 Ae-

227 2225 384 2280 gypti'’
396 2225 740 2278 significabatur
755 2225 947 2265 scientia
962 2223 1184 2265 naturalis
1200 2223 1412 2271 hominis,
1426 2236 1506 2275 per
1524 2223 1721 2265 “flumen

229 2287 550 2342 Euphratem''
572 2287 916 2340 significabatur
938 2285 1164 2326 rationale
1185 2285 1307 2338 quod
1333 2291 1403 2325 est
1430 2286 1551 2338 apud
1573 2286 1722 2327 homi-

228 2365 333 2392 nem
369 2365 428 2391 ex
464 2351 666 2391 scientiis
702 2357 748 2390 et
784 2348 1136 2402 cognitionibus,
1170 2354 1216 2388 et
1251 2361 1332 2400 per
1368 2347 1587 2388 “fluvium
1620 2349 1722 2401 Jor-

227 2414 425 2455 danem’'
448 2413 790 2466 significabatur
810 2413 1024 2452 introitus
1050 2411 1094 2451 in
1120 2410 1363 2451 ecclesiam
1389 2411 1617 2451 internam
1642 2425 1721 2452 seu

227 2476 542 2530 spiritualem;
589 2489 694 2516 nam
739 2489 819 2529 per
859 2475 1110 2528 “regiones
1149 2479 1284 2513 extra
1320 2472 1610 2525 Jordanem,”
1648 2474 1723 2515 ubi

228 2540 372 2581 tribus
400 2539 632 2580 Reubenis
659 2545 704 2579 et
732 2538 889 2586 Gadis,
916 2550 967 2578 ac
994 2536 1181 2577 dimidia
1206 2535 1350 2576 tribus
1372 2535 1599 2576 Menassis
1624 2550 1720 2577 sor-

228 2605 341 2644 titae
367 2609 472 2643 sunt
503 2601 800 2649 hereditates,
828 2599 1173 2653 significabatur
1198 2598 1392 2639 ecclesia
1422 2605 1618 2639 externa
1642 2613 1722 2640 seu

228 2665 474 2715 naturalis;
515 2671 561 2705 et
592 2665 694 2718 quia
724 2663 800 2704 ille
831 2663 990 2703 fluvius
1021 2668 1119 2702 erat
1150 2662 1268 2702 inter
1297 2661 1401 2701 illas
1430 2662 1643 2714 regiones
1673 2669 1720 2703 et

228 2735 399 2769 terram
425 2728 704 2775 Canaanem,
729 2733 775 2767 et
801 2726 928 2766 dedit
951 2725 1210 2773 transitum,
1237 2724 1341 2764 ideo
1366 2737 1446 2776 per
1475 2724 1602 2764 illum
1628 2725 1719 2778 sig-

229 2791 500 2831 nificabatur
521 2790 734 2831 introitus
765 2789 822 2829 ab
848 2788 1044 2828 ecclesia
1069 2793 1265 2828 externa
1291 2800 1405 2840 quae
1431 2786 1651 2828 naturalis
1676 2788 1721 2828 in

228 2854 472 2894 ecclesiam
510 2854 738 2893 internam
778 2865 893 2905 quae
932 2849 1192 2904 spiritualis.
1266 2849 1395 2890 Haec
1439 2855 1538 2890 erat
1582 2862 1721 2890 causa

228 2916 350 2969 quod
368 2916 427 2956 ibi
444 2916 657 2956 instituta
674 2915 805 2955 fuerit
824 2913 1076 2967 baptizatio
1093 2927 1103 2966 5
1129 2913 1383 2966 baptizatio
1400 2913 1519 2954 enim
1537 2925 1720 2966 reprae-
