1962 3334
222 0 268 9 ,,,,,,

612 269 719 302 CAP.
742 269 805 310 x.,
827 268 967 301 vens.
988 266 1136 312 9.-Ν.
1158 255 1328 311 617[b].
1605 263 1708 308 1545

222 386 334 427 haec
365 385 422 426 de
455 383 787 436 Hierosolyma,
820 396 899 436 per
929 394 1063 436 quam
1094 379 1372 434 significatur
1402 378 1608 427 ecclesia,
1640 377 1712 418 hic

223 447 431 490 Ecclesia
456 447 674 500 Antiqua,
697 459 812 500 quae
837 446 882 486 in
907 445 1023 486 veris
1049 450 1096 485 et
1122 445 1166 485 in
1192 444 1313 484 bono
1338 441 1556 496 spirituali
1582 447 1628 482 et
1654 439 1713 481 si·

223 511 315 552 mul
347 510 538 551 naturali
575 510 682 560 fuit3
723 522 803 562 per
835 506 1097 549 “similam”
1127 505 1404 559 significatur
1434 517 1603 552 verum,
1635 516 1715 556 per

225 578 251 595 “
263 573 383 614 mel'’
400 574 568 614 bonum
585 572 789 613 naturale
807 585 886 612 seu
903 571 1083 612 externi
1104 570 1312 618 hominis,
1331 575 1378 610 et
1396 582 1475 621 per
1492 571 1519 588 “
1531 567 1683 608 oleum
1695 565 1715 581 ”

223 637 390 678 bonum
427 635 656 690 spirituale
695 649 775 676 seu
813 635 978 676 interni
1017 633 1236 683 hominis;
1279 631 1459 672 illorum
1495 630 1713 683 receptio,

224 700 454 753 perceptio
479 705 527 740 et
552 698 856 751 appropriatio
881 696 1160 750 significatur
1185 709 1265 748 per
1289 695 1566 736 “comedere
1593 694 1714 734 simi-

224 762 328 809 lam,
365 762 456 802 mel
492 768 540 802 et
576 761 724 802 oleum
741 760 777 811 ;”
815 760 935 814 quod
971 774 1031 800 ex
1068 758 1156 800 illis
1191 758 1452 810 intelligens
1486 755 1606 798 saeta
1641 757 1713 800 sit.

223 823 499 878 significatur
531 838 610 878 per
642 824 798 864 “unde
829 823 1015 876 pulchra
1044 820 1164 863 faCta
1194 836 1242 863 es
1273 821 1406 862 valde
1438 818 1715 861 admodum’'

227 886 604 940 (⁸‘pulchritudo”
640 885 863 940 significat
903 884 1305 939 intelligentiam);
1351 883 1472 938 quod
1513 883 1617 924 inde
1653 896 1715 923 ex

224 948 311 990 illis
331 947 451 990 facta
471 950 528 990 sit
550 949 754 998 ecclesia,
778 948 1055 1002 significatur
1075 961 1155 1000 per
1177 951 1203 968 “
1218 948 1486 999 Prosperata
1506 960 1555 986 es
1576 959 1715 999 usque

225 1011 283 1052 ad
307 1025 496 1065 regnum
508 1011 527 1027 ”
551 1011 833 1065 (“regnum''
854 1010 1078 1065 significat
1099 1010 1374 1064 ecclesiam).
1434 1009 1573 1062 Apud
1594 1006 1715 1049 Esa-

224 1088 329 1123 tam,

292 1170 414 1203 “Ecce
430 1171 532 1212 virgo
554 1171 732 1212 concipiet
755 1177 791 1203 et
814 1171 928 1212 pariet
948 1170 1087 1208 Filium,
1105 1176 1140 1202 et
1159 1170 1301 1201 vocabit
1321 1179 1453 1200 nomen
1475 1168 1594 1209 Ipsius
1620 1167 1717 1199 Deus

401 1215 607 1247 nobiscum:
633 1216 800 1256 butyrum
818 1221 854 1246 et
873 1215 943 1246 mel
962 1214 1135 1251 comedet,
1152 1220 1192 1245 ut
1210 1214 1300 1245 sciat
1318 1214 1511 1253 reprobare
1530 1212 1663 1243 malum
1682 1218 1718 1243 et

400 1259 531 1299 eligere
540 1259 674 1290 bonum
688 1268 696 1295 ;
720 1268 803 1290 nam
814 1264 1006 1299 antequam
1018 1258 1085 1289 scit
1094 1267 1182 1298 puer
1190 1258 1381 1297 reprobare
1390 1256 1524 1287 malum
1538 1262 1574 1287 et
1586 1255 1717 1295 eligere

399 1302 544 1385 bonum(
564 1302 747 1385 deseretg)r
766 1307 861 1333 terra
883 1311 989 1343 quam
1009 1307 1048 1333 tu
1071 1301 1212 1333 fastidis
1235 1311 1257 1332 a
1275 1310 1395 1332 coram
1415 1300 1556 1331 duobus
1575 1300 1717 1340 regibus

401 1345 497 1386 ejus'
540 1345 597 1376 vii.
617 1353 697 1384 14-1
750 1356 757 1377 :

228 1443 349 1497 quod
381 1443 592 1484 “Filius”
621 1457 754 1498 quem
797 1444 926 1497 virgo
965 1443 1192 1496 concipiet
1231 1449 1280 1484 et
1316 1443 1475 1495 pariet,
1516 1448 1564 1483 et
1597 1440 1719 1495 cujus

229 1520 395 1548 nomen
430 1507 665 1548 vocabitur
702 1507 865 1548 “Deus
906 1506 1180 1554 nobiscum,‘'
1210 1507 1269 1547 sit
1309 1506 1531 1547 Dominus
1570 1505 1719 1559 quoad

230 1568 503 1619 Humanum,
537 1577 745 1611 constat:
789 1571 1095 1623 appropriatio
1132 1569 1282 1610 Divini
1324 1569 1438 1609 Boni
1479 1568 1720 1621 spiritualis

228 1638 276 1673 et
308 1633 523 1673 naturalis
556 1633 704 1686 quoad
743 1633 1020 1681 Humanum,
1052 1632 1321 1685 intelligitur
1357 1645 1435 1685 per
1468 1632 1719 1684 “butyrum

228 1701 276 1736 et
307 1695 396 1736 mel
421 1697 631 1738 comedet
648 1697 682 1746 ;”
722 1696 934 1737 Divinum
971 1696 1147 1737 Bonum
1177 1695 1407 1749 spirituale
1440 1709 1519 1748 per
1546 1695 1718 1747 “buty-

228 1758 364 1807 rum‚‘'
388 1765 435 1800 et
467 1759 679 1800 Divinum
714 1759 889 1800 Bonum
926 1759 1130 1800 naturale
1167 1773 1246 1812 per
1274 1758 1440 1805 “mel,'’
1471 1764 1518 1799 et
1555 1771 1719 1811 appro-

230 1822 391 1874 priatio
422 1835 501 1874 per
527 1822 803 1863 “comedere
820 1822 855 1862 :”
896 1829 942 1863 et
973 1822 1076 1875 quia
1107 1828 1286 1863 tantum
1317 1822 1456 1862 scitur
1480 1821 1720 1873 reprobare

231 1883 399 1924 malum
431 1891 478 1925 et
509 1884 678 1937 eligere
704 1885 887 1933 bonum,
913 1891 1133 1938 quantum
1164 1885 1477 1938 appropriatur
1508 1884 1720 1925 Divinum

231 1945 406 1987 Bonum
429 1947 658 1999 spirituale
678 1954 725 1989 et
752 1948 971 1996 naturale,
995 1948 1098 1988 ideo
1119 1948 1294 1996 dicitur,
1320 1951 1408 1988 “ut
1430 1948 1544 1988 sciat
1566 1960 1720 2000 repro-

230 2009 337 2050 bare
365 2010 532 2050 malum
561 2017 608 2051 et
636 2011 803 2064 eligere
832 2011 999 2051 bonum
1017 2010 1052 2051 :‘'
1082 2011 1203 2064 quod
1234 2010 1427 2052 ecclesia
1462 2010 1644 2051 deserta
1674 2017 1721 2051 et

231 2078 412 2113 vastata
435 2072 565 2114 fuerit
590 2074 738 2126 quoad
766 2087 900 2114 omne
922 2074 1091 2114 bonum
1117 2080 1163 2114 et
1189 2087 1343 2114 verum
1370 2087 1448 2127 per
1473 2071 1721 2114 scientifica

231 2134 341 2175 salse
361 2135 590 2188 applicata
614 2142 660 2177 et
689 2149 767 2188 per
791 2137 1025 2177 ratiocinia
1050 2136 1169 2184 inde,
1192 2135 1470 2189 significatur
1495 2149 1574 2189 per
1599 2136 1720 2189 quod

235 2200 381 2239 “tunc
421 2199 653 2240 deseretur
687 2206 807 2240 terra
846 2212 980 2252 quam
1016 2198 1247 2240 fastidient
1287 2213 1314 2239 a
1354 2212 1507 2240 coram
1548 2198 1723 2239 duobus

233 2260 412 2313 regibus
452 2261 544 2313 ejus
560 2261 594 2312 ;”
640 2261 828 2303 “terra‘'
871 2261 1095 2315 significat
1136 2262 1390 2311 ecclesiam,
1433 2262 1631 2303 desertio
1674 2269 1721 2303 et

233 2324 432 2365 vastatio
461 2324 554 2376 ejus
585 2325 854 2378 intelligitur
885 2338 965 2377 per
994 2324 1115 2378 quod
1143 2325 1415 2365 “deseretur
1445 2331 1491 2365 et
1522 2324 1723 2365 fastidie-

235 2386 344 2435 tur,”
365 2393 412 2428 et
441 2388 569 2428 “duo
600 2387 770 2440 regeS,’‘
796 2388 870 2441 qui
901 2393 1005 2428 sunt
1037 2401 1119 2428 rex
1145 2386 1352 2440 Aegypti
1382 2394 1430 2428 et
1461 2402 1542 2428 rex
1575 2387 1723 2440 Assy-

234 2449 339 2499 riae,
357 2449 612 2504 significant
630 2450 876 2491 scientifica
893 2450 1010 2491 male
1028 2450 1256 2503 applicata
1272 2458 1319 2492 et
1344 2451 1447 2492 inde
1462 2452 1695 2492 ratiocinia
1713 2466 1722 2501 ;

237 2515 357 2553 “rex
378 2513 584 2566 Aegypti
597 2513 616 2529 ’¹
638 2513 882 2555 scientifica
902 2513 992 2560 illa,
1016 2520 1063 2554 et
1082 2517 1201 2554 “rex
1224 2514 1441 2567 Assyriae
1454 2514 1473 2529 '’
1490 2515 1724 2555 ratiocinia

235 2575 352 2616 inde.
413 2575 548 2629 Quod
570 2576 634 2617 illi
655 2590 785 2630 reges
807 2577 1134 2630 intelligantur,
1157 2583 1285 2630 patet
1311 2591 1338 2618 a
1363 2590 1472 2617 mox
1495 2578 1723 2630 sequenti-

235 2638 318 2679 bus
342 2639 386 2679 in
403 2653 533 2680 versu
555 2650 603 2692 17
620 2646 667 2681 et
694 2641 756 2689 18,
775 2641 848 2681 ubi
866 2640 1110 2693 Aegyptus
1131 2647 1178 2682 et
1200 2640 1391 2693 Assyria
1407 2641 1723 2689 nominantur;

236 2700 347 2742 haec
369 2715 544 2756 quoque
567 2709 671 2744 sunt
689 2717 801 2757 quae
823 2704 1059 2756 praecipue
1078 2702 1317 2744 ecclesiam
1330 2710 1528 2744 vastant.
1589 2702 1723 2756 Quod

238 2763 458 2806 Dominus
489 2766 533 2806 in
565 2767 781 2807 mundum
812 2767 986 2808 venerit
1018 2766 1200 2820 quando
1235 2768 1279 2808 in
1311 2767 1502 2808 ecclesia
1533 2766 1724 2819 amplius

238 2840 328 2868 non
353 2841 506 2870 verum
532 2835 579 2870 et
603 2830 772 2871 bonum
797 2836 932 2879 esset,
959 2830 1023 2871 ita
1048 2830 1229 2884 quando
1254 2844 1344 2872 non
1370 2830 1550 2884 aliquod
1576 2829 1723 2870 eccle-

238 2890 328 2932 siae
349 2899 617 2945 superesset,
638 2906 769 2947 supra
785 2893 1021 2948 aliquoties
1040 2892 1207 2936 dictum
1225 2901 1308 2937 est.
1358 2893 1496 2948 Apud
1515 2894 1723 2944 eundem,
