1962 3334
201 266 305 310 1392
610 265 943 299 APOCALYPSIS
974 266 1272 299 EXPLICATA.

195 386 377 421 constat
409 393 468 421 ex
495 379 582 421 illis
613 394 726 434 quae
759 381 815 422 de
847 374 1124 422 scortatione
1157 380 1346 422 filiorum
1374 380 1553 422 Israelis
1585 393 1687 422 cum

194 444 450 485 mulieribus
489 444 824 486 Midianitarum
872 444 1025 498 (Num.
1064 458 1161 498 cap.
1196 443 1328 498 xxv.)
1368 450 1687 486 memorantur.

195 506 282 560 Qui
323 521 414 548 non
451 508 536 548 scit
577 508 697 561 quod
740 507 969 549 “mulier‘’
1009 508 1231 561 significet
1273 506 1555 549 affectionem
1595 507 1689 548 veri

194 570 487 623 spiritualem,
515 577 612 611 tum
644 570 717 624 qui
757 584 846 611 non
892 571 977 612 scit
1017 572 1136 625 quod
1172 571 1291 612 mala
1330 578 1375 612 et
1416 570 1542 620 salsa,
1574 583 1688 624 quae

193 633 420 682 unicuivis,
451 634 540 674 sint
572 634 615 674 in
643 633 835 674 naturali
861 634 1041 675 homine
1068 640 1114 675 et
1147 648 1237 674 non
1263 634 1413 687 aliqua
1438 634 1482 674 in
1509 633 1687 686 spiritu-

193 695 264 745 ali,
292 709 382 737 non
415 695 527 736 scire
554 702 708 749 potest
735 696 840 750 quid
866 696 1122 750 significant
1149 697 1259 738 haec
1287 697 1343 738 de
1370 696 1554 738 muliere
1581 709 1687 750 cap-

193 759 300 808 tiva,
328 759 446 812 apud
471 759 640 809 Mosen,

259 866 323 898 “Si
342 866 473 898 videris
498 866 534 898 in
560 866 765 907 captivitate
785 867 970 899 mulierem
991 867 1174 908 pulchram
1195 867 1341 899 forma''
1363 877 1408 899 ex
1430 867 1605 905 hostibus,
1626 867 1690 899 “et

366 911 624 942 desideraveris
638 911 734 942 illam
749 912 783 942 in
798 920 957 949 uxorem,
968 912 1121 943 deduces
1133 922 1211 943 eam
1226 912 1262 942 in
1280 911 1435 942 medium
1449 911 1578 942 domus
1595 917 1686 949 tuae,

366 954 426 985 ubi
444 954 604 985 tondebit
628 960 733 995 caput
753 964 866 993 suum,
887 961 922 986 et
945 955 1050 986 faciet
1069 965 1207 995 ungues
1231 965 1326 993 suos,
1344 955 1472 986 deinde
1490 955 1689 998 removebit

366 1004 504 1029 vestem
525 998 752 1038 capitivitatis
777 1008 862 1030 suae
879 998 1031 1039 desuper
1055 1009 1120 1036 se,.
1135 1005 1228 1030 ...et
1253 998 1398 1030 deflebit
1422 1004 1560 1038 patrem
1585 1007 1688 1029 suum

366 1047 402 1072 et
421 1047 572 1073 matrem
593 1051 694 1073 suam
713 1051 837 1073 mense
857 1042 1014 1074 dierum:
1041 1049 1168 1082 postea
1187 1042 1337 1073 intrabis
1361 1042 1406 1073 ad
1427 1042 1535 1080 illam,
1554 1047 1590 1074 et
1606 1051 1689 1082 cog·

367 1094 495 1116 nosces
512 1085 618 1124 illam,
636 1092 671 1117 et
688 1086 754 1117 erit
772 1085 833 1117 tibi
851 1086 887 1117 in
907 1096 1055 1117 uxorem
1067 1085 1084 1098 ”
1099 1086 1234 1126 (Deutr.
1249 1086 1318 1117 xxi.
1336 1086 1474 1126 11-13):

193 1216 272 1255 per
314 1203 619 1245 “mulierem”
661 1203 940 1258 significatur
980 1204 1172 1246 ecclesia
1214 1204 1363 1258 quoad
1405 1203 1689 1246 affectionem

192 1266 284 1307 veri
316 1266 610 1319 spiritualem,
644 1281 722 1308 seu
758 1266 936 1309 affectio
967 1268 1060 1308 veri
1097 1267 1338 1321 spiritualis
1369 1282 1483 1321 quae
1521 1268 1690 1309 homini

193 1328 440 1380 ecclesiae;
481 1330 560 1370 sed
592 1343 670 1383 per
698 1331 968 1371 “mulierem
996 1331 1222 1383 captivam
1255 1330 1486 1383 pulchram
1518 1330 1691 1372 sorma’'

193 1391 470 1445 significatur
496 1392 752 1446 religiosum
785 1394 904 1447 apud
935 1400 1100 1447 gentes
1127 1394 1284 1447 quibus
1317 1400 1385 1434 est
1419 1394 1689 1435 desiderium

194 1468 272 1495 seu
303 1454 479 1496 affectio
510 1457 628 1496 veri:
667 1457 787 1510 quod
817 1457 1105 1498 “deducetur
1138 1458 1182 1497 in
1214 1457 1410 1496 medium
1442 1457 1616 1506 domus,
1643 1464 1689 1498 et

194 1517 252 1558 ibi
293 1518 502 1559 tondebit
544 1526 694 1572 caput,
738 1519 872 1560 faciet
915 1533 1102 1573 ungues,
1145 1525 1190 1560 et
1238 1526 1398 1572 postea
1439 1521 1690 1562 removebit

193 1587 369 1622 vestem
402 1582 718 1634 captivitatis‚''
750 1582 975 1636 significat
1008 1583 1128 1636 quod
1166 1582 1354 1623 ducetur
1391 1583 1435 1623 in
1473 1583 1690 1624 ecclesiae

194 1644 407 1685 interiora
438 1659 516 1686 seu
547 1645 808 1699 spiritualia,
841 1652 888 1687 et
929 1659 1008 1698 per
1043 1645 1120 1686 illa
1151 1645 1318 1698 rejiciet
1352 1645 1470 1686 mala
1501 1652 1548 1687 et
1579 1645 1692 1687 falsa

195 1709 411 1748 naturalis
443 1715 489 1749 et
522 1709 741 1749 sensualis
774 1709 994 1759 hominis;
1034 1709 1269 1749 “medium
1303 1709 1462 1749 domus
1475 1708 1495 1724 ”
1520 1709 1690 1762 signifi·

194 1776 267 1811 cat
285 1771 497 1812 interiora
513 1786 626 1825 quae
644 1772 904 1825 spiritualia,
927 1771 1114 1824 “capilli
1136 1771 1328 1824 capitis’'
1345 1785 1456 1825 quos
1479 1772 1690 1815 tondebit

194 1832 449 1887 significant
486 1835 597 1875 falsa
633 1841 679 1876 et
717 1835 838 1876 mala
874 1834 1090 1876 naturalis
1122 1835 1328 1883 hominis,
1363 1841 1409 1875 et
1444 1837 1655 1887 “ungues
1672 1834 1691 1850 ”

194 1909 305 1949 quos
327 1896 459 1938 faciet
482 1897 593 1938 salsa
618 1905 665 1939 et
692 1898 811 1938 mala
833 1898 1051 1938 sensualis
1078 1898 1284 1946 hominis,
1309 1904 1355 1938 et
1381 1898 1558 1938 “vestis
1583 1910 1690 1950 cap-

194 1959 420 2000 tivitatis”
445 1960 669 2013 significat
701 1960 862 2001 falsum
889 1960 1118 2013 religionis
1150 1961 1193 2001 in
1226 1974 1314 2014 quo
1341 1961 1455 2001 sicut
1487 1961 1692 2013 captivus

194 2028 376 2063 tenetur
397 2024 470 2076 qui
492 2038 550 2064 ex
574 2022 810 2064 affectione
832 2023 1060 2064 desiderat
1084 2036 1264 2073 verum;
1297 2023 1407 2063 haec
1433 2029 1479 2063 et
1501 2022 1579 2063 illa
1603 2023 1690 2064 ita-

194 2098 279 2138 que
311 2084 494 2137 rejiciet,
528 2087 630 2140 quia
666 2092 770 2127 sunt
810 2087 854 2126 in
886 2085 1078 2126 naturali
1110 2093 1156 2126 et
1189 2085 1383 2126 sensuali
1414 2085 1609 2134 homine,
1642 2092 1691 2127 ut

194 2160 326 2200 supra
348 2147 515 2189 dictum
538 2155 632 2190 est:
667 2149 786 2203 quod
808 2148 1030 2190 “deflebit
1053 2155 1228 2201 patrem
1252 2155 1298 2189 et
1321 2155 1513 2189 matrem
1537 2162 1691 2189 mense

194 2210 395 2252 dierum‘’
426 2211 649 2264 significat
681 2212 800 2265 quod
832 2212 1046 2253 oblivioni
1078 2212 1316 2252 tradentur
1353 2211 1472 2252 mala
1502 2217 1549 2252 et
1580 2211 1692 2252 falsa

194 2288 299 2315 suae
321 2274 573 2328 religionis:
607 2276 728 2328 quod
750 2276 816 2316 vir
840 2279 1038 2328 “postea
1060 2276 1250 2315 intraret
1274 2275 1331 2315 ad
1354 2274 1517 2323 illam‚'’
1542 2277 1690 2328 “cog-

195 2344 401 2378 nosceret
423 2337 586 2387 illam,‘'
604 2346 650 2379 et
672 2339 793 2392 quod
813 2338 927 2379 “illa
948 2344 1069 2379 esset
1091 2338 1130 2378 ei
1154 2338 1197 2378 in
1221 2337 1449 2386 uxorem‚”
1468 2336 1691 2390 significat

194 2400 313 2453 quod
345 2401 406 2442 sic
439 2401 650 2454 conjungi
676 2401 818 2454 possit
844 2414 998 2442 verum
1023 2401 1144 2454 quod
1169 2400 1302 2441 “vir'’
1324 2414 1425 2441 cum
1451 2398 1688 2442 affectione

196 2463 288 2515 ejus
314 2477 427 2517 quae
456 2464 644 2505 “uxor.”
705 2463 855 2517 Quare
886 2464 971 2505 hoc
998 2470 1220 2504 statutum
1253 2464 1410 2504 datum
1443 2470 1527 2512 est,
1555 2476 1691 2504 nemo

193 2526 306 2567 scire
338 2533 491 2579 potest
529 2527 612 2567 nisi
649 2541 709 2568 ex
746 2541 879 2568 sensu
916 2527 1135 2580 spirituali
1174 2527 1287 2567 sciat
1325 2526 1430 2579 quid
1467 2525 1691 2579 significat

195 2589 391 2630 “mulier
417 2590 599 2643 captiva
624 2604 683 2631 ex
710 2589 954 2639 hostibus‚”
980 2590 1085 2644 quid
1116 2590 1351 2630 “medium
1379 2603 1456 2630 seu
1482 2590 1688 2630 intimum

193 2652 390 2700 domus,”
427 2654 532 2707 quid
569 2652 826 2706 significant
866 2653 1095 2706 “capilli,”
1134 2651 1376 2704 “ungues”
1413 2654 1690 2693 et'“vestes

193 2716 510 2768 captivitatis,'’
542 2723 588 2758 et
620 2717 703 2757 nisi
740 2716 853 2757 sciat
885 2716 1053 2770 aliquid
1085 2715 1141 2756 de
1174 2713 1489 2767 conjunffione
1520 2716 1612 2756 veri
1643 2721 1690 2756 et

192 2779 324 2829 boni;
358 2792 462 2820 nam
489 2793 621 2832 super
646 2779 724 2820 illa
749 2779 993 2820 fundantur
1019 2779 1169 2819 omnia
1194 2784 1438 2831 praecepta
1463 2778 1507 2818 in
1534 2777 1689 2818 Verbo

193 2843 250 2882 de
277 2841 508 2895 conjugiis.
570 2841 778 2883 Ecclesia
809 2842 958 2896 quoad
989 2840 1271 2883 affeffionem
1295 2841 1386 2881 veri
1412 2839 1689 2894 signIficatur

193 2906 329 2947 etiam
