1962 3334
301 262 406 301 1668
710 270 1041 305 APOCALYPSIS
1073 273 1371 307 EXPLICATA.

287 382 504 424 Domini:
549 397 627 437 per
656 384 869 425 “solem”
895 399 1027 439 quem
1059 388 1225 428 exoriri
1257 387 1362 429 facit
1395 402 1526 442 super
1558 383 1702 431 malos
1733 397 1780 432 et

294 446 454 494 bonos,
479 446 757 499 significatur
781 448 994 489 Divinum
1019 449 1194 490 Bonum
1220 450 1435 501 infiuens;
1469 458 1515 492 et
1543 466 1620 505 per
1645 453 1781 506 “plu-

293 509 445 549 viam''
477 523 611 563 quam
649 511 792 551 mittit
831 525 963 564 super
994 511 1141 565 justos
1182 519 1228 554 et
1265 513 1470 566 injustos,
1504 514 1784 567 significatur

294 572 507 613 Divinum
536 573 707 613 Verum
734 573 949 625 influens;
990 589 1094 615 nam
1128 575 1340 616 Divinum
1367 577 1632 630 procedenS,
1661 578 1782 631 quod

292 642 362 676 est
385 636 558 677 “Pater
575 637 618 676 in
642 637 818 686 caelis,‘'
836 651 978 691 aeque
996 639 1138 679 influit
1158 640 1275 692 apud
1300 639 1445 680 malos
1462 647 1508 681 et
1526 640 1684 688 bonos,
1702 642 1782 682 sed

292 700 495 752 receptio
521 699 614 752 ejus
640 701 724 741 erit
751 701 808 741 ab
834 700 1043 752 homine;
1088 703 1273 742 tametsi
1306 716 1395 743 non
1428 704 1491 744 ita
1518 704 1575 744 ab
1600 703 1782 745 homine

292 767 341 802 ut
374 762 431 802 ab
462 762 660 811 homine,
690 763 769 804 sed
802 764 916 804 sicut
949 764 1006 804 ab
1031 765 1155 817 ipso;
1190 778 1293 805 nam
1323 765 1513 806 facultas
1539 767 1782 820 recipiendi

291 826 506 866 continue
533 827 572 866 ei
604 826 750 875 datur,
779 833 825 868 et
857 841 1033 881 quoque
1061 828 1217 876 influit,
1247 835 1466 881 quantum
1493 829 1630 870 homo
1662 830 1782 871 mala

291 888 539 937 obstantia,
568 891 706 930 etiam
739 905 798 931 ex
830 890 1048 931 facultate
1076 904 1190 944 quae
1217 892 1431 932 continue
1458 892 1605 941 datur,
1633 906 1781 934 remo-

290 958 394 1002 vet;
427 958 474 992 et
511 953 607 1006 ipsa
645 953 836 994 facultas
873 960 1062 1007 apparet
1094 954 1209 994 sicut
1247 953 1456 1003 hominis,
1490 956 1675 995 tametsi
1711 962 1781 997 est

292 1014 488 1055 Domini.

375 1083 465 1137 [εἰ]
508 1084 584 1124 Ex
611 1085 678 1125 his
704 1099 821 1126 nunc
844 1091 1059 1126 constare
1080 1092 1236 1138 potest
1262 1087 1383 1139 quod
1406 1100 1485 1139 per
1509 1087 1748 1139 “pluviam
1761 1086 1781 1102 ’'

290 1146 333 1186 in
358 1146 513 1187 Verbo
540 1146 819 1200 significetur
844 1147 1038 1188 influxus
1062 1148 1212 1188 Divini
1238 1147 1347 1188 Veri
1373 1162 1398 1188 a
1426 1149 1637 1197 Domino,
1662 1149 1780 1190 unde

290 1211 385 1251 vita
421 1211 460 1251 ei
498 1210 769 1263 spiritualis;
814 1217 860 1252 et
899 1211 985 1251 hoc
1024 1212 1126 1264 quia
1159 1225 1238 1264 per
1277 1211 1492 1265 “aquas,”
1530 1226 1589 1252 ex
1623 1211 1781 1265 quibus

291 1273 455 1327 pluvia,
477 1273 755 1326 significatur
773 1287 926 1314 verum
949 1272 1181 1315 doctrinae
1205 1281 1250 1315 et
1274 1287 1428 1314 verum
1446 1273 1547 1315 fidei
1566 1287 1574 1314 ε
1609 1280 1656 1315 at
1679 1274 1782 1327 quia

290 1350 369 1390 per
398 1342 575 1390 “aquas
591 1337 609 1351 '¹
642 1338 685 1377 in
717 1338 931 1390 opposito
963 1351 1097 1378 sensu
1129 1337 1441 1390 significantur
1471 1337 1583 1377 falsa
1614 1336 1780 1378 doctri-

291 1413 375 1441 nae
412 1406 458 1441 et
496 1399 612 1448 fidei,
651 1401 754 1441 ideo
791 1401 930 1441 etiam
968 1414 1046 1453 per
1086 1401 1321 1454 “pluviam
1359 1400 1512 1440 imbris
1528 1399 1547 1415 ”
1584 1414 1661 1440 seu
1703 1414 1782 1454 per

293 1463 560 1510 “imbrem'’
587 1477 728 1517 aeque
760 1477 811 1504 ac
845 1477 923 1516 per
957 1467 1213 1516 “aquarum
1246 1462 1597 1503 inundationes''
1624 1469 1670 1504 et
1703 1477 1781 1516 per

293 1526 587 1575 “diluvium,’'
610 1525 921 1579 significantur
944 1539 1034 1566 non
1058 1526 1194 1566 modo
1216 1525 1328 1566 falsa
1354 1526 1637 1566 destruentia
1659 1539 1778 1574 vera,

290 1588 369 1629 sed
402 1590 540 1630 etiam
567 1590 864 1635 tentationes,
893 1590 937 1629 in
968 1589 1129 1642 quibus
1161 1588 1299 1629 homo
1324 1588 1396 1629 vel
1429 1588 1681 1629 succumbit
1707 1588 1780 1629 vel

289 1653 442 1693 vincit.
496 1653 622 1693 Haec
647 1652 958 1706 significantur
980 1666 1058 1705 per
1078 1651 1334 1692 “imbrem'’
1354 1651 1471 1705 apud
1486 1651 1778 1700 Matthaeum,

357 1748 514 1780 “Omnis
534 1749 593 1789 qui
614 1750 715 1780 audit
735 1750 844 1780 verba
864 1758 946 1780 mea
970 1754 1005 1780 et
1029 1748 1115 1780 facit
1139 1758 1190 1786 ea,
1212 1749 1431 1788 comparabo
1453 1745 1571 1779 [¹]eum
1592 1748 1679 1779 Viro
1700 1758 1781 1788 pru-

465 1793 574 1831 denti,
585 1794 643 1833 qui
658 1792 860 1824 aedificavit
871 1793 1016 1823 domum
1031 1802 1131 1823 suam
1146 1802 1254 1832 super
1265 1798 1365 1832 petra
1379 1803 1385 1823 :
1407 1798 1441 1823 et
1453 1791 1639 1823 descendit
1654 1792 1779 1830 imber,

464 1842 499 1868 et
517 1843 691 1868 venerunt
709 1836 867 1874 flumina,
882 1843 917 1867 et
934 1836 1064 1867 flarunt
1082 1836 1189 1871 venti,
1204 1842 1238 1866 et
1256 1836 1434 1866 irruerunt
1452 1836 1488 1866 in
1506 1836 1652 1866 domum
1671 1835 1779 1873 illam,

465 1887 587 1911 tamen
606 1890 678 1911 non
697 1880 873 1911 cecidit...
887 1905 894 1911 .
909 1904 917 1911 .
961 1880 1009 1910 At
1029 1879 1087 1920 qui
1109 1879 1207 1910 audit
1224 1880 1335 1910 verba
1355 1889 1434 1910 mea
1454 1885 1488 1910 et
1509 1889 1581 1910 non
1602 1878 1686 1910 facit
1708 1879 1779 1916 illa,

465 1924 732 1964 comparabitur
749 1924 826 1954 viro
844 1923 964 1961 stulto,
979 1923 1038 1964 qui
1056 1923 1258 1954 aedificavit
1275 1923 1438 1954 domum.
1454 1932 1578 1962 ‚super
1594 1932 1725 1960 arena;
1745 1929 1780 1954 et

463 1968 650 1999 descendit
667 1968 790 2005 imber,
809 1973 843 1998 et
860 1973 1038 1998 venerunt
1055 1967 1214 2004 flumina,
1233 1972 1268 1997 et
1288 1966 1419 1997 flarunt
1439 1966 1549 2003 venti,
1570 1972 1604 1997 et
1624 1966 1781 2006 impege-

465 2018 548 2043 runt
565 2011 600 2042 in
621 2012 769 2042 domum
791 2011 899 2049 illam,
917 2016 953 2042 et
973 2011 1110 2048 cecidit,
1129 2016 1164 2041 et
1183 2016 1259 2041 erat
1279 2019 1384 2041 casus
1405 2009 1484 2050 ejus
1505 2019 1658 2050 magnus
1671 2008 1688 2020 '¹
1708 2009 1779 2049 (vii.

465 2057 585 2095 24—27)
600 2066 607 2087 ε

289 2172 368 2212 per
403 2158 629 2198 “imbrem
643 2157 662 2172 ”
694 2163 740 2198 et
779 2171 857 2210 per
891 2155 1142 2196 “flumina'’
1174 2155 1243 2196 hic
1278 2155 1594 2208 intelliguntur
1625 2161 1779 2195 tenta-

289 2223 453 2270 tiones,
477 2222 521 2261 in
548 2221 707 2274 quibus
734 2220 872 2260 homo
898 2220 1036 2260 vincit
1064 2225 1109 2259 et
1137 2220 1180 2259 in
1208 2219 1365 2272 quibus
1392 2218 1668 2267 succumbit;
1702 2231 1780 2270 per

292 2289 470 2338 “aquas
483 2284 502 2299 '⁹
524 2284 636 2324 falsa
658 2297 771 2337 quae
795 2284 838 2323 in
863 2282 1195 2323 tentationibus
1218 2281 1355 2321 solito
1377 2280 1565 2320 influunt
1585 2294 1593 2330 ;
1628 2286 1673 2320 et
1701 2293 1779 2333 per

292 2347 555 2396 “flumina‚''
581 2361 695 2400 quae
722 2347 780 2386 ibi
812 2352 917 2386 sunt
944 2345 1263 2385 inundationes
1289 2356 1503 2396 aquarum
1536 2357 1594 2383 ex
1621 2343 1776 2390 imbre,

289 2410 601 2464 significantur
627 2410 909 2462 tentationes
931 2422 939 2458 ;
973 2422 1051 2461 per
1079 2411 1279 2447 “ventos
1292 2406 1310 2420 ''
1334 2407 1406 2459 qui
1433 2407 1570 2446 etiam
1596 2405 1706 2446 flant
1732 2411 1778 2446 et

289 2475 476 2521 irruunt,
510 2472 822 2525 significantur
854 2476 1142 2523 emergentes
1179 2470 1282 2509 inde
1320 2469 1639 2521 cogitationes,
1674 2481 1777 2508 nam

290 2537 573 2578 tentationes
611 2536 817 2576 existunt
859 2548 938 2587 per
974 2533 1244 2586 irruptiones
1280 2531 1492 2572 salsorum
1531 2529 1716 2584 injectas
1753 2545 1778 2571 a

290 2600 420 2641 malis
453 2599 681 2652 spiritibus
714 2599 758 2638 in
791 2597 1122 2650 cogitationes:
1162 2609 1239 2649 per
1274 2594 1536 2642 “domum‚’'
1568 2595 1611 2634 in
1643 2607 1777 2647 quam

275 2665 476 2711 irruunt,
505 2661 784 2714 significatur
809 2660 961 2708 homo,
990 2659 1167 2712 proprie
1194 2657 1286 2710 ejus
1313 2670 1440 2698 mens
1472 2671 1586 2710 quae
1618 2671 1677 2697 ex
1710 2657 1777 2696 in-

290 2725 478 2768 tellectu
519 2739 596 2765 seu
637 2724 919 2776 cogitatione
959 2729 1006 2763 et
1047 2736 1107 2763 ex
1143 2721 1382 2762 voluntate
1424 2734 1501 2762 seu
1541 2718 1776 2760 affectione

290 2790 528 2838 consistit3
562 2789 635 2841 qui
663 2787 799 2827 modo
822 2800 910 2827 una
935 2792 1063 2839 parte
1090 2786 1270 2833 mentis,
1294 2798 1408 2837 quae
1434 2790 1504 2824 est
1531 2783 1777 2836 cogitatio-

290 2855 358 2894 nis
391 2867 468 2894 seu
500 2849 773 2899 intelle6h1s,
801 2850 960 2902 recipit
987 2848 1124 2889 verba
1156 2847 1352 2895 Domini,
1381 2846 1466 2886 hoc
1499 2852 1584 2894 est,
1614 2845 1777 2885 Divina

291 2930 410 2966 vera,
445 2921 490 2956 et
527 2927 617 2955 non
654 2912 784 2954 simul
821 2915 950 2966 parte
988 2911 1132 2952 altera
1168 2924 1282 2964 quae
1319 2916 1388 2950 est
1421 2906 1667 2950 affectionis
1699 2920 1775 2948 seu
