<?xml version="1.0" encoding="UTF-8"?>
<!DOCTYPE html PUBLIC "-//W3C//DTD XHTML 1.0 Transitional//EN"
    "http://www.w3.org/TR/xhtml1/DTD/xhtml1-transitional.dtd">
<html xmlns="http://www.w3.org/1999/xhtml" xml:lang="en" lang="en">
 <head>
  <title>
</title>
<meta http-equiv="Content-Type" content="text/html;charset=utf-8" />
  <meta name='ocr-system' content='tesseract 3.04.00' />
  <meta name='ocr-capabilities' content='ocr_page ocr_carea ocr_par ocr_line ocrx_word'/>
</head>
<body>
  <div class='ocr_page' id='page_1' title='image "apocalypsisexpli03sweduoft_0572.png"; bbox 0 0 1962 3334; ppageno 0'>
   <div class='ocr_carea' id='block_1_1' title="bbox 231 250 1303 294">
    <p class='ocr_par' dir='ltr' id='par_1_1' title="bbox 231 250 1303 294">
     <span class='ocr_line' id='line_1_1' title="bbox 231 250 1303 294; baseline 0.002 -2"><span class='ocrx_word' id='word_1_1' title='bbox 231 250 338 292; x_wconf 84' lang='lat'>1886</span> <span class='ocrx_word' id='word_1_2' title='bbox 640 260 973 294; x_wconf 73' lang='lat' dir='ltr'>APOCALYPSIS</span> <span class='ocrx_word' id='word_1_3' title='bbox 1005 262 1303 294; x_wconf 82' lang='lat' dir='ltr'><strong>EXPLICATA.</strong></span> 
     </span>
    </p>
   </div>
   <div class='ocr_carea' id='block_1_2' title="bbox 202 372 1718 2943">
    <p class='ocr_par' dir='ltr' id='par_1_2' title="bbox 202 372 1718 2943">
     <span class='ocr_line' id='line_1_2' title="bbox 225 372 1712 428; baseline 0.002 -15"><span class='ocrx_word' id='word_1_4' title='bbox 225 372 440 413; x_wconf 85' lang='lat' dir='ltr'>Divinum</span> <span class='ocrx_word' id='word_1_5' title='bbox 471 372 641 413; x_wconf 86' lang='lat' dir='ltr'>Verum</span> <span class='ocrx_word' id='word_1_6' title='bbox 674 373 815 414; x_wconf 86' lang='lat' dir='ltr'>influit</span> <span class='ocrx_word' id='word_1_7' title='bbox 848 374 966 427; x_wconf 88' lang='lat' dir='ltr'>apud</span> <span class='ocrx_word' id='word_1_8' title='bbox 1000 374 1100 415; x_wconf 90' lang='lat' dir='ltr'>illos</span> <span class='ocrx_word' id='word_1_9' title='bbox 1133 375 1205 428; x_wconf 89' lang='lat' dir='ltr'>qui</span> <span class='ocrx_word' id='word_1_10' title='bbox 1243 389 1332 415; x_wconf 92' lang='lat' dir='ltr'>non</span> <span class='ocrx_word' id='word_1_11' title='bbox 1365 375 1408 415; x_wconf 88' lang='lat' dir='ltr'>in</span> <span class='ocrx_word' id='word_1_12' title='bbox 1441 374 1562 416; x_wconf 90' lang='lat' dir='ltr'>bono</span> <span class='ocrx_word' id='word_1_13' title='bbox 1593 381 1712 422; x_wconf 81' lang='lat' dir='ltr'>sunt.</span> 
     </span>
     <span class='ocr_line' id='line_1_3' title="bbox 224 434 1714 490; baseline 0.001 -14"><span class='ocrx_word' id='word_1_14' title='bbox 224 436 432 489; x_wconf 89' lang='lat' dir='ltr'>producit</span> <span class='ocrx_word' id='word_1_15' title='bbox 474 434 656 476; x_wconf 67' lang='lat' dir='ltr'>effectus</span> <span class='ocrx_word' id='word_1_16' title='bbox 702 437 775 490; x_wconf 92' lang='lat' dir='ltr'>qui</span> <span class='ocrx_word' id='word_1_17' title='bbox 821 438 1178 490; x_wconf 82' lang='lat' dir='ltr'><strong>correspondent</strong></span> <span class='ocrx_word' id='word_1_18' title='bbox 1224 437 1346 478; x_wconf 89' lang='lat' dir='ltr'>falsis</span> <span class='ocrx_word' id='word_1_19' title='bbox 1391 436 1622 478; x_wconf 64' lang='lat' dir='ltr'>doctrinae</span> <span class='ocrx_word' id='word_1_20' title='bbox 1668 444 1714 478; x_wconf 85' lang='lat' dir='ltr'>et</span> 
     </span>
     <span class='ocr_line' id='line_1_4' title="bbox 224 498 1712 553; baseline 0.001 -15"><span class='ocrx_word' id='word_1_21' title='bbox 224 498 353 538; x_wconf 88' lang='lat' dir='ltr'>malis</span> <span class='ocrx_word' id='word_1_22' title='bbox 391 499 514 539; x_wconf 87' lang='lat' dir='ltr'>vitae</span> <span class='ocrx_word' id='word_1_23' title='bbox 551 512 719 547; x_wconf 87' lang='lat' dir='ltr'>eorum,</span> <span class='ocrx_word' id='word_1_24' title='bbox 761 499 968 540; x_wconf 87' lang='lat' dir='ltr'>simili-ter</span> <span class='ocrx_word' id='word_1_25' title='bbox 1005 513 1055 540; x_wconf 88' lang='lat' dir='ltr'>ac</span> <span class='ocrx_word' id='word_1_26' title='bbox 1098 499 1147 540; x_wconf 86' lang='lat' dir='ltr'>fit</span> <span class='ocrx_word' id='word_1_27' title='bbox 1188 501 1232 540; x_wconf 89' lang='lat' dir='ltr'>in</span> <span class='ocrx_word' id='word_1_28' title='bbox 1273 501 1442 540; x_wconf 89' lang='lat' dir='ltr'>mundo</span> <span class='ocrx_word' id='word_1_29' title='bbox 1479 500 1712 553; x_wconf 83' lang='lat' dir='ltr'>spirituali,</span> 
     </span>
     <span class='ocr_line' id='line_1_5' title="bbox 223 561 1713 616; baseline 0.001 -15"><span class='ocrx_word' id='word_1_30' title='bbox 223 574 324 601; x_wconf 91' lang='lat' dir='ltr'>cum</span> <span class='ocrx_word' id='word_1_31' title='bbox 349 561 563 601; x_wconf 86' lang='lat' dir='ltr'>Divinum</span> <span class='ocrx_word' id='word_1_32' title='bbox 584 561 756 602; x_wconf 90' lang='lat' dir='ltr'>Verum</span> <span class='ocrx_word' id='word_1_33' title='bbox 779 562 920 602; x_wconf 85' lang='lat' dir='ltr'>influit</span> <span class='ocrx_word' id='word_1_34' title='bbox 945 563 1062 615; x_wconf 89' lang='lat' dir='ltr'>apud</span> <span class='ocrx_word' id='word_1_35' title='bbox 1086 562 1228 612; x_wconf 90' lang='lat' dir='ltr'>tales;</span> <span class='ocrx_word' id='word_1_36' title='bbox 1264 569 1370 603; x_wconf 89' lang='lat' dir='ltr'>tunc</span> <span class='ocrx_word' id='word_1_37' title='bbox 1395 570 1582 616; x_wconf 86' lang='lat' dir='ltr'>apparet</span> <span class='ocrx_word' id='word_1_38' title='bbox 1605 576 1713 604; x_wconf 90' lang='lat' dir='ltr'>con-</span> 
     </span>
     <span class='ocr_line' id='line_1_6' title="bbox 223 625 1714 677; baseline 0.001 -14"><span class='ocrx_word' id='word_1_39' title='bbox 223 625 452 677; x_wconf 89' lang='lat' dir='ltr'>spurcatio</span> <span class='ocrx_word' id='word_1_40' title='bbox 479 625 571 664; x_wconf 92' lang='lat' dir='ltr'>veri</span> <span class='ocrx_word' id='word_1_41' title='bbox 603 630 649 664; x_wconf 93' lang='lat' dir='ltr'>et</span> <span class='ocrx_word' id='word_1_42' title='bbox 683 625 947 665; x_wconf 68' lang='lat' dir='ltr'>devastatio⁴</span> <span class='ocrx_word' id='word_1_43' title='bbox 974 626 1080 665; x_wconf 90' lang='lat' dir='ltr'>boni</span> <span class='ocrx_word' id='word_1_44' title='bbox 1112 626 1156 665; x_wconf 92' lang='lat' dir='ltr'>in</span> <span class='ocrx_word' id='word_1_45' title='bbox 1186 625 1478 666; x_wconf 82' lang='lat' dir='ltr'>similitudine</span> <span class='ocrx_word' id='word_1_46' title='bbox 1505 625 1714 665; x_wconf 88' lang='lat' dir='ltr'>haemor-</span> 
     </span>
     <span class='ocr_line' id='line_1_7' title="bbox 223 686 1712 741; baseline 0.001 -15"><span class='ocrx_word' id='word_1_47' title='bbox 223 686 433 726; x_wconf 90' lang='lat' dir='ltr'>rhoidum</span> <span class='ocrx_word' id='word_1_48' title='bbox 459 693 506 727; x_wconf 91' lang='lat' dir='ltr'>et</span> <span class='ocrx_word' id='word_1_49' title='bbox 534 688 736 727; x_wconf 88' lang='lat' dir='ltr'>murium.</span> <span class='ocrx_word' id='word_1_50' title='bbox 801 686 934 739; x_wconf 80' lang='lat' dir='ltr'>Quod</span> <span class='ocrx_word' id='word_1_51' title='bbox 963 687 1127 741; x_wconf 89' lang='lat' dir='ltr'>Dagon</span> <span class='ocrx_word' id='word_1_52' title='bbox 1155 688 1264 728; x_wconf 88' lang='lat' dir='ltr'>deus</span> <span class='ocrx_word' id='word_1_53' title='bbox 1288 687 1712 735; x_wconf 86' lang='lat' dir='ltr'>Aschdodaeorum,</span> 
     </span>
     <span class='ocr_line' id='line_1_8' title="bbox 222 749 1714 803; baseline 0.001 -14"><span class='ocrx_word' id='word_1_54' title='bbox 222 763 282 789; x_wconf 85' lang='lat' dir='ltr'>ex</span> <span class='ocrx_word' id='word_1_55' title='bbox 314 750 476 789; x_wconf 87' lang='lat' dir='ltr'>vicinia</span> <span class='ocrx_word' id='word_1_56' title='bbox 507 756 554 790; x_wconf 88' lang='lat' dir='ltr'>et</span> <span class='ocrx_word' id='word_1_57' title='bbox 587 751 845 803; x_wconf 82' lang='lat' dir='ltr'>praesentia</span> <span class='ocrx_word' id='word_1_58' title='bbox 877 763 1022 798; x_wconf 87' lang='lat' dir='ltr'>arcae,</span> <span class='ocrx_word' id='word_1_59' title='bbox 1054 749 1253 802; x_wconf 66' lang='lat' dir='ltr'>dejectus</span> <span class='ocrx_word' id='word_1_60' title='bbox 1287 752 1343 791; x_wconf 90' lang='lat' dir='ltr'>sit</span> <span class='ocrx_word' id='word_1_61' title='bbox 1377 752 1420 791; x_wconf 90' lang='lat' dir='ltr'>in</span> <span class='ocrx_word' id='word_1_62' title='bbox 1453 757 1634 798; x_wconf 88' lang='lat' dir='ltr'>terram,</span> <span class='ocrx_word' id='word_1_63' title='bbox 1668 757 1714 791; x_wconf 93' lang='lat' dir='ltr'>et</span> 
     </span>
     <span class='ocr_line' id='line_1_9' title="bbox 222 812 1716 867; baseline 0.001 -15"><span class='ocrx_word' id='word_1_64' title='bbox 222 812 325 852; x_wconf 91' lang='lat' dir='ltr'>dein</span> <span class='ocrx_word' id='word_1_65' title='bbox 350 819 486 865; x_wconf 90' lang='lat' dir='ltr'>caput</span> <span class='ocrx_word' id='word_1_66' title='bbox 513 812 606 865; x_wconf 88' lang='lat' dir='ltr'>ejus</span> <span class='ocrx_word' id='word_1_67' title='bbox 632 826 683 853; x_wconf 88' lang='lat' dir='ltr'>ac</span> <span class='ocrx_word' id='word_1_68' title='bbox 707 813 838 853; x_wconf 86' lang='lat' dir='ltr'>volae</span> <span class='ocrx_word' id='word_1_69' title='bbox 862 826 1073 853; x_wconf 87' lang='lat' dir='ltr'>manuum</span> <span class='ocrx_word' id='word_1_70' title='bbox 1101 814 1192 866; x_wconf 85' lang='lat' dir='ltr'>ejus</span> <span class='ocrx_word' id='word_1_71' title='bbox 1216 813 1447 866; x_wconf 70' lang='lat' dir='ltr'>conjectae</span> <span class='ocrx_word' id='word_1_72' title='bbox 1471 815 1560 854; x_wconf 89' lang='lat' dir='ltr'>sint</span> <span class='ocrx_word' id='word_1_73' title='bbox 1583 827 1716 867; x_wconf 83' lang='lat' dir='ltr'>super</span> 
     </span>
     <span class='ocr_line' id='line_1_10' title="bbox 224 873 1714 929; baseline 0.002 -15"><span class='ocrx_word' id='word_1_74' title='bbox 224 873 361 915; x_wconf 86' lang='lat' dir='ltr'>limen</span> <span class='ocrx_word' id='word_1_75' title='bbox 394 876 518 915; x_wconf 89' lang='lat' dir='ltr'>aedis</span> <span class='ocrx_word' id='word_1_76' title='bbox 551 875 658 928; x_wconf 88' lang='lat' dir='ltr'>ejus,</span> <span class='ocrx_word' id='word_1_77' title='bbox 692 882 789 916; x_wconf 86' lang='lat' dir='ltr'>erat</span> <span class='ocrx_word' id='word_1_78' title='bbox 822 876 924 929; x_wconf 91' lang='lat' dir='ltr'>quia</span> <span class='ocrx_word' id='word_1_79' title='bbox 959 876 1163 929; x_wconf 89' lang='lat' dir='ltr'>“Dagon</span> <span class='ocrx_word' id='word_1_80' title='bbox 1176 877 1193 891; x_wconf 90' lang='lat'>’&#39;</span> <span class='ocrx_word' id='word_1_81' title='bbox 1222 876 1506 929; x_wconf 85' lang='lat' dir='ltr'>significabat</span> <span class='ocrx_word' id='word_1_82' title='bbox 1533 876 1714 929; x_wconf 89' lang='lat' dir='ltr'>religio-</span> 
     </span>
     <span class='ocr_line' id='line_1_11' title="bbox 224 939 1714 993; baseline 0.001 -15"><span class='ocrx_word' id='word_1_83' title='bbox 224 951 322 978; x_wconf 89' lang='lat' dir='ltr'>sum</span> <span class='ocrx_word' id='word_1_84' title='bbox 349 952 517 988; x_wconf 91' lang='lat' dir='ltr'>eorum,</span> <span class='ocrx_word' id='word_1_85' title='bbox 546 939 681 992; x_wconf 89' lang='lat' dir='ltr'>quod,</span> <span class='ocrx_word' id='word_1_86' title='bbox 710 940 813 992; x_wconf 89' lang='lat' dir='ltr'>quia</span> <span class='ocrx_word' id='word_1_87' title='bbox 841 945 937 980; x_wconf 91' lang='lat' dir='ltr'>erat</span> <span class='ocrx_word' id='word_1_88' title='bbox 964 940 1134 993; x_wconf 80' lang='lat' dir='ltr'>absque</span> <span class='ocrx_word' id='word_1_89' title='bbox 1166 939 1386 993; x_wconf 79' lang='lat' dir='ltr'>spirituali</span> <span class='ocrx_word' id='word_1_90' title='bbox 1414 940 1547 988; x_wconf 92' lang='lat' dir='ltr'>bono,</span> <span class='ocrx_word' id='word_1_91' title='bbox 1576 940 1714 980; x_wconf 87' lang='lat' dir='ltr'>etiam</span> 
     </span>
     <span class='ocr_line' id='line_1_12' title="bbox 222 1001 1713 1056; baseline 0.001 -15"><span class='ocrx_word' id='word_1_92' title='bbox 222 1007 319 1041; x_wconf 87' lang='lat' dir='ltr'>erat</span> <span class='ocrx_word' id='word_1_93' title='bbox 352 1001 522 1055; x_wconf 82' lang='lat' dir='ltr'>absque</span> <span class='ocrx_word' id='word_1_94' title='bbox 554 1003 675 1042; x_wconf 89' lang='lat' dir='ltr'>omni</span> <span class='ocrx_word' id='word_1_95' title='bbox 707 1001 1014 1054; x_wconf 80' lang='lat' dir='ltr'>intelligentia</span> <span class='ocrx_word' id='word_1_96' title='bbox 1046 1009 1091 1043; x_wconf 89' lang='lat' dir='ltr'>et</span> <span class='ocrx_word' id='word_1_97' title='bbox 1125 1003 1294 1056; x_wconf 85' lang='lat' dir='ltr'>absque</span> <span class='ocrx_word' id='word_1_98' title='bbox 1327 1003 1449 1043; x_wconf 91' lang='lat' dir='ltr'>omni</span> <span class='ocrx_word' id='word_1_99' title='bbox 1477 1003 1713 1056; x_wconf 87' lang='lat' dir='ltr'>potentia;</span> 
     </span>
     <span class='ocr_line' id='line_1_13' title="bbox 225 1062 1711 1117; baseline 0 -13"><span class='ocrx_word' id='word_1_100' title='bbox 225 1064 431 1117; x_wconf 88' lang='lat' dir='ltr'>“caput&#39;&#39;</span> <span class='ocrx_word' id='word_1_101' title='bbox 464 1065 582 1105; x_wconf 90' lang='lat' dir='ltr'>enim</span> <span class='ocrx_word' id='word_1_102' title='bbox 615 1062 842 1117; x_wconf 82' lang='lat' dir='ltr'>significat</span> <span class='ocrx_word' id='word_1_103' title='bbox 875 1065 1242 1117; x_wconf 85' lang='lat' dir='ltr'>intelligentiam,</span> <span class='ocrx_word' id='word_1_104' title='bbox 1277 1072 1322 1106; x_wconf 90' lang='lat' dir='ltr'>et</span> <span class='ocrx_word' id='word_1_105' title='bbox 1353 1065 1522 1106; x_wconf 91' lang='lat' dir='ltr'>“volae</span> <span class='ocrx_word' id='word_1_106' title='bbox 1554 1078 1711 1105; x_wconf 87' lang='lat' dir='ltr'>manu-</span> 
     </span>
     <span class='ocr_line' id='line_1_14' title="bbox 222 1127 1715 1180; baseline 0 -13"><span class='ocrx_word' id='word_1_107' title='bbox 222 1127 329 1168; x_wconf 88' lang='lat' dir='ltr'>um&#39;’</span> <span class='ocrx_word' id='word_1_108' title='bbox 367 1127 623 1180; x_wconf 88' lang='lat' dir='ltr'>significant</span> <span class='ocrx_word' id='word_1_109' title='bbox 662 1129 933 1180; x_wconf 86' lang='lat' dir='ltr'>potentiam.</span> <span class='ocrx_word' id='word_1_110' title='bbox 997 1127 1151 1168; x_wconf 82' lang='lat' dir='ltr'>Simile</span> <span class='ocrx_word' id='word_1_111' title='bbox 1189 1129 1328 1169; x_wconf 89' lang='lat' dir='ltr'>etiam</span> <span class='ocrx_word' id='word_1_112' title='bbox 1370 1127 1419 1169; x_wconf 88' lang='lat' dir='ltr'>fit</span> <span class='ocrx_word' id='word_1_113' title='bbox 1460 1129 1504 1168; x_wconf 90' lang='lat' dir='ltr'>in</span> <span class='ocrx_word' id='word_1_114' title='bbox 1545 1127 1715 1167; x_wconf 91' lang='lat' dir='ltr'>mundo</span> 
     </span>
     <span class='ocr_line' id='line_1_15' title="bbox 222 1190 1713 1244; baseline -0.001 -13"><span class='ocrx_word' id='word_1_115' title='bbox 222 1191 456 1244; x_wconf 88' lang='lat' dir='ltr'>spirituali,</span> <span class='ocrx_word' id='word_1_116' title='bbox 496 1191 677 1244; x_wconf 87' lang='lat' dir='ltr'>quando</span> <span class='ocrx_word' id='word_1_117' title='bbox 718 1191 930 1231; x_wconf 89' lang='lat' dir='ltr'>Divinum</span> <span class='ocrx_word' id='word_1_118' title='bbox 970 1191 1140 1232; x_wconf 86' lang='lat' dir='ltr'>Verum</span> <span class='ocrx_word' id='word_1_119' title='bbox 1178 1191 1319 1232; x_wconf 86' lang='lat' dir='ltr'>influit</span> <span class='ocrx_word' id='word_1_120' title='bbox 1361 1206 1386 1232; x_wconf 92' lang='lat' dir='ltr'>e</span> <span class='ocrx_word' id='word_1_121' title='bbox 1426 1191 1554 1232; x_wconf 90' lang='lat' dir='ltr'>caelo</span> <span class='ocrx_word' id='word_1_122' title='bbox 1594 1190 1713 1243; x_wconf 88' lang='lat' dir='ltr'>apud</span> 
     </span>
     <span class='ocr_line' id='line_1_16' title="bbox 222 1253 1713 1308; baseline -0.001 -14"><span class='ocrx_word' id='word_1_123' title='bbox 222 1253 365 1305; x_wconf 86' lang='lat' dir='ltr'>tales;</span> <span class='ocrx_word' id='word_1_124' title='bbox 399 1260 619 1307; x_wconf 87' lang='lat' dir='ltr'>apparent</span> <span class='ocrx_word' id='word_1_125' title='bbox 647 1255 766 1294; x_wconf 85' lang='lat' dir='ltr'>enirn</span> <span class='ocrx_word' id='word_1_126' title='bbox 790 1261 897 1294; x_wconf 91' lang='lat' dir='ltr'>tunc</span> <span class='ocrx_word' id='word_1_127' title='bbox 922 1261 1139 1307; x_wconf 88' lang='lat' dir='ltr'>tanquam</span> <span class='ocrx_word' id='word_1_128' title='bbox 1163 1255 1332 1308; x_wconf 89' lang='lat' dir='ltr'>absque</span> <span class='ocrx_word' id='word_1_129' title='bbox 1359 1255 1508 1307; x_wconf 88' lang='lat' dir='ltr'>capite</span> <span class='ocrx_word' id='word_1_130' title='bbox 1535 1259 1581 1294; x_wconf 90' lang='lat' dir='ltr'>et</span> <span class='ocrx_word' id='word_1_131' title='bbox 1608 1253 1713 1293; x_wconf 90' lang='lat' dir='ltr'>abs-</span> 
     </span>
     <span class='ocr_line' id='line_1_17' title="bbox 221 1317 1713 1371; baseline -0.001 -13"><span class='ocrx_word' id='word_1_132' title='bbox 221 1331 307 1371; x_wconf 93' lang='lat' dir='ltr'>que</span> <span class='ocrx_word' id='word_1_133' title='bbox 329 1317 443 1358; x_wconf 91' lang='lat' dir='ltr'>volis</span> <span class='ocrx_word' id='word_1_134' title='bbox 467 1330 679 1357; x_wconf 89' lang='lat' dir='ltr'>manuum</span> <span class='ocrx_word' id='word_1_135' title='bbox 703 1318 808 1365; x_wconf 85' lang='lat' dir='ltr'>sint,</span> <span class='ocrx_word' id='word_1_136' title='bbox 833 1318 935 1370; x_wconf 87' lang='lat' dir='ltr'>quia</span> <span class='ocrx_word' id='word_1_137' title='bbox 957 1318 1127 1371; x_wconf 87' lang='lat' dir='ltr'>absque</span> <span class='ocrx_word' id='word_1_138' title='bbox 1149 1318 1455 1370; x_wconf 85' lang='lat' dir='ltr'>intelligentia</span> <span class='ocrx_word' id='word_1_139' title='bbox 1481 1323 1526 1357; x_wconf 92' lang='lat' dir='ltr'>et</span> <span class='ocrx_word' id='word_1_140' title='bbox 1552 1323 1713 1370; x_wconf 93' lang='lat' dir='ltr'>poten-</span> 
     </span>
     <span class='ocr_line' id='line_1_18' title="bbox 222 1380 1711 1433; baseline -0.001 -12"><span class='ocrx_word' id='word_1_141' title='bbox 222 1381 298 1421; x_wconf 89' lang='lat' dir='ltr'>tia.</span> <span class='ocrx_word' id='word_1_142' title='bbox 362 1380 495 1433; x_wconf 79' lang='lat' dir='ltr'>Quod</span> <span class='ocrx_word' id='word_1_143' title='bbox 529 1394 587 1420; x_wconf 87' lang='lat' dir='ltr'>ex</span> <span class='ocrx_word' id='word_1_144' title='bbox 621 1394 754 1420; x_wconf 90' lang='lat' dir='ltr'>suasu</span> <span class='ocrx_word' id='word_1_145' title='bbox 787 1380 1076 1420; x_wconf 87' lang='lat' dir='ltr'>sacerdotum</span> <span class='ocrx_word' id='word_1_146' title='bbox 1108 1387 1154 1421; x_wconf 92' lang='lat' dir='ltr'>et</span> <span class='ocrx_word' id='word_1_147' title='bbox 1187 1381 1492 1420; x_wconf 87' lang='lat' dir='ltr'>divinatorum</span> <span class='ocrx_word' id='word_1_148' title='bbox 1525 1380 1711 1420; x_wconf 84' lang='lat' dir='ltr'>fecerint</span> 
     </span>
     <span class='ocr_line' id='line_1_19' title="bbox 221 1442 1714 1496; baseline -0.001 -12"><span class='ocrx_word' id='word_1_149' title='bbox 221 1444 442 1496; x_wconf 84' lang='lat' dir='ltr'>imagines</span> <span class='ocrx_word' id='word_1_150' title='bbox 483 1443 879 1484; x_wconf 88' lang='lat' dir='ltr'>haemorrhoidum</span> <span class='ocrx_word' id='word_1_151' title='bbox 925 1449 970 1483; x_wconf 90' lang='lat' dir='ltr'>et</span> <span class='ocrx_word' id='word_1_152' title='bbox 1017 1444 1206 1483; x_wconf 90' lang='lat' dir='ltr'>murium</span> <span class='ocrx_word' id='word_1_153' title='bbox 1252 1457 1311 1483; x_wconf 82' lang='lat' dir='ltr'>ex</span> <span class='ocrx_word' id='word_1_154' title='bbox 1357 1457 1478 1491; x_wconf 86' lang='lat' dir='ltr'>auro,</span> <span class='ocrx_word' id='word_1_155' title='bbox 1521 1449 1567 1483; x_wconf 91' lang='lat' dir='ltr'>et</span> <span class='ocrx_word' id='word_1_156' title='bbox 1614 1442 1714 1482; x_wconf 88' lang='lat' dir='ltr'>illas</span> 
     </span>
     <span class='ocr_line' id='line_1_20' title="bbox 222 1505 1712 1560; baseline -0.001 -14"><span class='ocrx_word' id='word_1_157' title='bbox 222 1507 454 1560; x_wconf 87' lang='lat' dir='ltr'>posuerint</span> <span class='ocrx_word' id='word_1_158' title='bbox 487 1506 544 1546; x_wconf 90' lang='lat' dir='ltr'>ad</span> <span class='ocrx_word' id='word_1_159' title='bbox 577 1505 696 1546; x_wconf 89' lang='lat' dir='ltr'>latus</span> <span class='ocrx_word' id='word_1_160' title='bbox 728 1518 859 1546; x_wconf 87' lang='lat' dir='ltr'>arcae</span> <span class='ocrx_word' id='word_1_161' title='bbox 891 1519 1023 1558; x_wconf 92' lang='lat' dir='ltr'>super</span> <span class='ocrx_word' id='word_1_162' title='bbox 1055 1505 1259 1559; x_wconf 88' lang='lat' dir='ltr'>plaustro</span> <span class='ocrx_word' id='word_1_163' title='bbox 1289 1519 1421 1554; x_wconf 89' lang='lat' dir='ltr'>novo,</span> <span class='ocrx_word' id='word_1_164' title='bbox 1450 1507 1519 1546; x_wconf 94' lang='lat' dir='ltr'>cui</span> <span class='ocrx_word' id='word_1_165' title='bbox 1551 1505 1712 1558; x_wconf 83' lang='lat' dir='ltr'>alliga-</span> 
     </span>
     <span class='ocr_line' id='line_1_21' title="bbox 221 1566 1712 1621; baseline -0.001 -13"><span class='ocrx_word' id='word_1_166' title='bbox 221 1575 325 1609; x_wconf 90' lang='lat' dir='ltr'>runt</span> <span class='ocrx_word' id='word_1_167' title='bbox 366 1569 476 1608; x_wconf 87' lang='lat' dir='ltr'>duas</span> <span class='ocrx_word' id='word_1_168' title='bbox 514 1582 675 1609; x_wconf 88' lang='lat' dir='ltr'>vaccas</span> <span class='ocrx_word' id='word_1_169' title='bbox 717 1566 956 1616; x_wconf 67' lang='lat' dir='ltr'>lactantes,</span> <span class='ocrx_word' id='word_1_170' title='bbox 991 1582 1123 1621; x_wconf 91' lang='lat' dir='ltr'>super</span> <span class='ocrx_word' id='word_1_171' title='bbox 1159 1582 1269 1621; x_wconf 90' lang='lat' dir='ltr'>quas</span> <span class='ocrx_word' id='word_1_172' title='bbox 1312 1582 1401 1608; x_wconf 90' lang='lat' dir='ltr'>non</span> <span class='ocrx_word' id='word_1_173' title='bbox 1443 1568 1712 1609; x_wconf 90' lang='lat' dir='ltr'>ascenderat</span> 
     </span>
     <span class='ocr_line' id='line_1_22' title="bbox 217 1631 1713 1685; baseline -0.001 -14"><span class='ocrx_word' id='word_1_174' title='bbox 217 1631 390 1685; x_wconf 88' lang='lat' dir='ltr'>jugum,</span> <span class='ocrx_word' id='word_1_175' title='bbox 415 1638 512 1672; x_wconf 91' lang='lat' dir='ltr'>erat</span> <span class='ocrx_word' id='word_1_176' title='bbox 540 1645 674 1672; x_wconf 90' lang='lat' dir='ltr'>causa</span> <span class='ocrx_word' id='word_1_177' title='bbox 701 1632 803 1684; x_wconf 87' lang='lat' dir='ltr'>quia</span> <span class='ocrx_word' id='word_1_178' title='bbox 833 1635 856 1651; x_wconf 90' lang='lat'><strong>“</strong></span> <span class='ocrx_word' id='word_1_179' title='bbox 874 1645 1028 1671; x_wconf 88' lang='lat' dir='ltr'>aurum</span> <span class='ocrx_word' id='word_1_180' title='bbox 1042 1631 1061 1646; x_wconf 89' lang='lat'>’&#39;</span> <span class='ocrx_word' id='word_1_181' title='bbox 1087 1631 1312 1684; x_wconf 88' lang='lat' dir='ltr'>significat</span> <span class='ocrx_word' id='word_1_182' title='bbox 1339 1632 1508 1672; x_wconf 90' lang='lat' dir='ltr'>bonum</span> <span class='ocrx_word' id='word_1_183' title='bbox 1534 1631 1713 1677; x_wconf 83' lang='lat' dir='ltr'>amoris,</span> 
     </span>
     <span class='ocr_line' id='line_1_23' title="bbox 222 1693 1713 1748; baseline -0.001 -14"><span class='ocrx_word' id='word_1_184' title='bbox 222 1694 342 1748; x_wconf 92' lang='lat' dir='ltr'>quod</span> <span class='ocrx_word' id='word_1_185' title='bbox 375 1700 507 1735; x_wconf 91' lang='lat' dir='ltr'>sanat</span> <span class='ocrx_word' id='word_1_186' title='bbox 540 1701 585 1735; x_wconf 88' lang='lat' dir='ltr'>et</span> <span class='ocrx_word' id='word_1_187' title='bbox 619 1693 823 1747; x_wconf 85' lang='lat' dir='ltr'>purificat</span> <span class='ocrx_word' id='word_1_188' title='bbox 856 1708 881 1734; x_wconf 85' lang='lat' dir='ltr'>a</span> <span class='ocrx_word' id='word_1_189' title='bbox 913 1693 1034 1734; x_wconf 88' lang='lat' dir='ltr'>falsis</span> <span class='ocrx_word' id='word_1_190' title='bbox 1067 1700 1112 1734; x_wconf 89' lang='lat' dir='ltr'>et</span> <span class='ocrx_word' id='word_1_191' title='bbox 1146 1694 1275 1734; x_wconf 90' lang='lat' dir='ltr'>malis</span> <span class='ocrx_word' id='word_1_192' title='bbox 1307 1708 1420 1747; x_wconf 90' lang='lat' dir='ltr'>quae</span> <span class='ocrx_word' id='word_1_193' title='bbox 1453 1707 1531 1746; x_wconf 89' lang='lat' dir='ltr'>per</span> <span class='ocrx_word' id='word_1_194' title='bbox 1565 1693 1713 1733; x_wconf 88' lang='lat' dir='ltr'>“hae-</span> 
     </span>
     <span class='ocr_line' id='line_1_24' title="bbox 222 1755 1713 1810; baseline -0.001 -12"><span class='ocrx_word' id='word_1_195' title='bbox 222 1757 535 1798; x_wconf 87' lang='lat' dir='ltr'>morrhoides”</span> <span class='ocrx_word' id='word_1_196' title='bbox 576 1764 622 1798; x_wconf 92' lang='lat' dir='ltr'>et</span> <span class='ocrx_word' id='word_1_197' title='bbox 667 1757 883 1797; x_wconf 88' lang='lat' dir='ltr'>“mures&#39;&#39;</span> <span class='ocrx_word' id='word_1_198' title='bbox 926 1756 1262 1809; x_wconf 86' lang='lat' dir='ltr'>significantur;</span> <span class='ocrx_word' id='word_1_199' title='bbox 1315 1763 1360 1797; x_wconf 88' lang='lat' dir='ltr'>et</span> <span class='ocrx_word' id='word_1_200' title='bbox 1406 1757 1509 1810; x_wconf 88' lang='lat' dir='ltr'>quia</span> <span class='ocrx_word' id='word_1_201' title='bbox 1548 1755 1713 1809; x_wconf 84' lang='lat' dir='ltr'>“plau-</span> 
     </span>
     <span class='ocr_line' id='line_1_25' title="bbox 223 1818 1715 1872; baseline -0.001 -12"><span class='ocrx_word' id='word_1_202' title='bbox 223 1827 367 1861; x_wconf 89' lang='lat' dir='ltr'>strum</span> <span class='ocrx_word' id='word_1_203' title='bbox 382 1819 399 1834; x_wconf 92' lang='lat'>”</span> <span class='ocrx_word' id='word_1_204' title='bbox 427 1819 652 1872; x_wconf 87' lang='lat' dir='ltr'>significat</span> <span class='ocrx_word' id='word_1_205' title='bbox 681 1818 933 1860; x_wconf 62' lang='lat' dir='ltr'>dofflinam</span> <span class='ocrx_word' id='word_1_206' title='bbox 960 1820 1051 1860; x_wconf 88' lang='lat' dir='ltr'>veri</span> <span class='ocrx_word' id='word_1_207' title='bbox 1085 1820 1317 1866; x_wconf 89' lang='lat' dir='ltr'>naturalis,</span> <span class='ocrx_word' id='word_1_208' title='bbox 1347 1826 1391 1860; x_wconf 88' lang='lat' dir='ltr'>et</span> <span class='ocrx_word' id='word_1_209' title='bbox 1423 1818 1715 1872; x_wconf 87' lang='lat' dir='ltr'>“plaustrum</span> 
     </span>
     <span class='ocr_line' id='line_1_26' title="bbox 224 1881 1714 1934; baseline -0.002 -11"><span class='ocrx_word' id='word_1_210' title='bbox 224 1897 391 1924; x_wconf 88' lang='lat' dir='ltr'>novum</span> <span class='ocrx_word' id='word_1_211' title='bbox 406 1883 424 1898; x_wconf 90' lang='lat'>&#39;&#39;</span> <span class='ocrx_word' id='word_1_212' title='bbox 447 1883 572 1923; x_wconf 89' lang='lat' dir='ltr'>illam</span> <span class='ocrx_word' id='word_1_213' title='bbox 598 1883 821 1923; x_wconf 88' lang='lat' dir='ltr'>illibatam</span> <span class='ocrx_word' id='word_1_214' title='bbox 845 1890 891 1923; x_wconf 91' lang='lat' dir='ltr'>et</span> <span class='ocrx_word' id='word_1_215' title='bbox 918 1896 1009 1923; x_wconf 90' lang='lat' dir='ltr'>non</span> <span class='ocrx_word' id='word_1_216' title='bbox 1035 1897 1060 1923; x_wconf 91' lang='lat' dir='ltr'>a</span> <span class='ocrx_word' id='word_1_217' title='bbox 1086 1882 1209 1922; x_wconf 86' lang='lat' dir='ltr'>falsis</span> <span class='ocrx_word' id='word_1_218' title='bbox 1235 1883 1341 1923; x_wconf 90' lang='lat' dir='ltr'>mali</span> <span class='ocrx_word' id='word_1_219' title='bbox 1367 1881 1545 1922; x_wconf 90' lang='lat' dir='ltr'>illorum</span> <span class='ocrx_word' id='word_1_220' title='bbox 1570 1881 1714 1934; x_wconf 92' lang='lat' dir='ltr'>inqui-</span> 
     </span>
     <span class='ocr_line' id='line_1_27' title="bbox 224 1942 1716 1998; baseline -0.003 -11"><span class='ocrx_word' id='word_1_221' title='bbox 224 1953 380 1987; x_wconf 84' lang='lat' dir='ltr'>natam</span> <span class='ocrx_word' id='word_1_222' title='bbox 399 1961 408 1996; x_wconf 89' lang='lat'>;</span> <span class='ocrx_word' id='word_1_223' title='bbox 437 1953 482 1986; x_wconf 96' lang='lat' dir='ltr'>et</span> <span class='ocrx_word' id='word_1_224' title='bbox 502 1950 677 1986; x_wconf 86' lang='lat' dir='ltr'>“vacca</span> <span class='ocrx_word' id='word_1_225' title='bbox 693 1944 881 1993; x_wconf 59' lang='lat' dir='ltr'>laetam,</span> <span class='ocrx_word' id='word_1_226' title='bbox 895 1959 1027 1998; x_wconf 90' lang='lat' dir='ltr'>super</span> <span class='ocrx_word' id='word_1_227' title='bbox 1041 1959 1128 1998; x_wconf 91' lang='lat' dir='ltr'>qua</span> <span class='ocrx_word' id='word_1_228' title='bbox 1147 1946 1347 1985; x_wconf 89' lang='lat' dir='ltr'>nondum</span> <span class='ocrx_word' id='word_1_229' title='bbox 1365 1945 1507 1985; x_wconf 89' lang='lat' dir='ltr'>fuerat</span> <span class='ocrx_word' id='word_1_230' title='bbox 1519 1942 1716 1996; x_wconf 81' lang='lat' dir='ltr'>jugum,&#39;’</span> 
     </span>
     <span class='ocr_line' id='line_1_28' title="bbox 223 2008 1714 2060; baseline -0.002 -11"><span class='ocrx_word' id='word_1_231' title='bbox 223 2010 392 2050; x_wconf 92' lang='lat' dir='ltr'>bonum</span> <span class='ocrx_word' id='word_1_232' title='bbox 416 2008 622 2048; x_wconf 89' lang='lat' dir='ltr'>naturale</span> <span class='ocrx_word' id='word_1_233' title='bbox 646 2009 846 2048; x_wconf 87' lang='lat' dir='ltr'>nondum</span> <span class='ocrx_word' id='word_1_234' title='bbox 869 2022 894 2048; x_wconf 91' lang='lat' dir='ltr'>a</span> <span class='ocrx_word' id='word_1_235' title='bbox 917 2008 1038 2048; x_wconf 89' lang='lat' dir='ltr'>falsis</span> <span class='ocrx_word' id='word_1_236' title='bbox 1061 2014 1425 2060; x_wconf 86' lang='lat' dir='ltr'>conspurcatum,</span> <span class='ocrx_word' id='word_1_237' title='bbox 1446 2019 1551 2047; x_wconf 89' lang='lat' dir='ltr'>nam</span> <span class='ocrx_word' id='word_1_238' title='bbox 1572 2010 1596 2026; x_wconf 85' lang='lat'>‘⁴</span> <span class='ocrx_word' id='word_1_239' title='bbox 1611 2019 1714 2059; x_wconf 90' lang='lat' dir='ltr'>por-</span> 
     </span>
     <span class='ocr_line' id='line_1_29' title="bbox 202 2069 1715 2124; baseline -0.003 -12"><span class='ocrx_word' id='word_1_240' title='bbox 202 2079 322 2112; x_wconf 75' lang='lat' dir='ltr'>‘tare</span> <span class='ocrx_word' id='word_1_241' title='bbox 344 2071 536 2124; x_wconf 85' lang='lat' dir='ltr'>jugum”</span> <span class='ocrx_word' id='word_1_242' title='bbox 563 2070 788 2124; x_wconf 86' lang='lat' dir='ltr'>significat</span> <span class='ocrx_word' id='word_1_243' title='bbox 817 2071 996 2118; x_wconf 82' lang='lat' dir='ltr'>servire,</span> <span class='ocrx_word' id='word_1_244' title='bbox 1025 2070 1096 2110; x_wconf 90' lang='lat' dir='ltr'>hic</span> <span class='ocrx_word' id='word_1_245' title='bbox 1123 2070 1244 2110; x_wconf 89' lang='lat' dir='ltr'>falsis</span> <span class='ocrx_word' id='word_1_246' title='bbox 1271 2083 1384 2123; x_wconf 90' lang='lat' dir='ltr'>quae</span> <span class='ocrx_word' id='word_1_247' title='bbox 1411 2069 1579 2109; x_wconf 91' lang='lat' dir='ltr'>bonum</span> <span class='ocrx_word' id='word_1_248' title='bbox 1606 2082 1715 2109; x_wconf 92' lang='lat' dir='ltr'>con-</span> 
     </span>
     <span class='ocr_line' id='line_1_30' title="bbox 225 2131 1714 2189; baseline -0.003 -14"><span class='ocrx_word' id='word_1_249' title='bbox 225 2141 467 2189; x_wconf 89' lang='lat' dir='ltr'>spurcant;</span> <span class='ocrx_word' id='word_1_250' title='bbox 513 2141 558 2175; x_wconf 90' lang='lat' dir='ltr'>et</span> <span class='ocrx_word' id='word_1_251' title='bbox 597 2135 698 2187; x_wconf 88' lang='lat' dir='ltr'>quia</span> <span class='ocrx_word' id='word_1_252' title='bbox 739 2134 816 2174; x_wconf 92' lang='lat' dir='ltr'>illa</span> <span class='ocrx_word' id='word_1_253' title='bbox 853 2134 1194 2174; x_wconf 88' lang='lat' dir='ltr'>concordabant</span> <span class='ocrx_word' id='word_1_254' title='bbox 1233 2146 1333 2173; x_wconf 93' lang='lat' dir='ltr'>cum</span> <span class='ocrx_word' id='word_1_255' title='bbox 1373 2133 1538 2172; x_wconf 90' lang='lat' dir='ltr'>Divino</span> <span class='ocrx_word' id='word_1_256' title='bbox 1576 2131 1714 2178; x_wconf 86' lang='lat' dir='ltr'>Vero,</span> 
     </span>
     <span class='ocr_line' id='line_1_31' title="bbox 225 2194 1718 2251; baseline -0.003 -13"><span class='ocrx_word' id='word_1_257' title='bbox 225 2198 345 2251; x_wconf 90' lang='lat' dir='ltr'>quod</span> <span class='ocrx_word' id='word_1_258' title='bbox 373 2211 451 2250; x_wconf 91' lang='lat' dir='ltr'>per</span> <span class='ocrx_word' id='word_1_259' title='bbox 476 2197 696 2237; x_wconf 87' lang='lat' dir='ltr'>“arcam’&#39;</span> <span class='ocrx_word' id='word_1_260' title='bbox 719 2196 1070 2250; x_wconf 87' lang='lat' dir='ltr'>significabatur,</span> <span class='ocrx_word' id='word_1_261' title='bbox 1099 2196 1201 2236; x_wconf 90' lang='lat' dir='ltr'>ideo</span> <span class='ocrx_word' id='word_1_262' title='bbox 1224 2195 1613 2248; x_wconf 88' lang='lat' dir='ltr'>repraesentativa</span> <span class='ocrx_word' id='word_1_263' title='bbox 1640 2194 1718 2234; x_wconf 88' lang='lat' dir='ltr'>illa</span> 
     </span>
     <span class='ocr_line' id='line_1_32' title="bbox 224 2257 1716 2313; baseline -0.003 -13"><span class='ocrx_word' id='word_1_264' title='bbox 224 2260 527 2300; x_wconf 86' lang='lat' dir='ltr'>adhibuerunt</span> <span class='ocrx_word' id='word_1_265' title='bbox 554 2267 600 2300; x_wconf 88' lang='lat' dir='ltr'>et</span> <span class='ocrx_word' id='word_1_266' title='bbox 628 2260 955 2313; x_wconf 91' lang='lat' dir='ltr'>applicuerunt,</span> <span class='ocrx_word' id='word_1_267' title='bbox 985 2266 1030 2300; x_wconf 92' lang='lat' dir='ltr'>et</span> <span class='ocrx_word' id='word_1_268' title='bbox 1064 2266 1224 2312; x_wconf 88' lang='lat' dir='ltr'>postea</span> <span class='ocrx_word' id='word_1_269' title='bbox 1252 2258 1441 2298; x_wconf 89' lang='lat' dir='ltr'>Levitae</span> <span class='ocrx_word' id='word_1_270' title='bbox 1473 2257 1549 2297; x_wconf 89' lang='lat' dir='ltr'>illa</span> <span class='ocrx_word' id='word_1_271' title='bbox 1581 2257 1716 2297; x_wconf 89' lang='lat' dir='ltr'>obtu—</span> 
     </span>
     <span class='ocr_line' id='line_1_33' title="bbox 225 2320 1716 2375; baseline -0.003 -12"><span class='ocrx_word' id='word_1_272' title='bbox 225 2324 374 2364; x_wconf 89' lang='lat' dir='ltr'>lerunt</span> <span class='ocrx_word' id='word_1_273' title='bbox 401 2324 444 2363; x_wconf 92' lang='lat' dir='ltr'>in</span> <span class='ocrx_word' id='word_1_274' title='bbox 477 2322 812 2370; x_wconf 87' lang='lat' dir='ltr'>holocaustum,</span> <span class='ocrx_word' id='word_1_275' title='bbox 841 2329 887 2363; x_wconf 91' lang='lat' dir='ltr'>et</span> <span class='ocrx_word' id='word_1_276' title='bbox 920 2322 964 2362; x_wconf 89' lang='lat' dir='ltr'>id</span> <span class='ocrx_word' id='word_1_277' title='bbox 997 2336 1074 2375; x_wconf 91' lang='lat' dir='ltr'>per</span> <span class='ocrx_word' id='word_1_278' title='bbox 1107 2322 1230 2374; x_wconf 89' lang='lat' dir='ltr'>ligna</span> <span class='ocrx_word' id='word_1_279' title='bbox 1261 2335 1319 2362; x_wconf 82' lang='lat' dir='ltr'>ex</span> <span class='ocrx_word' id='word_1_280' title='bbox 1353 2320 1559 2373; x_wconf 88' lang='lat' dir='ltr'>plaustro</span> <span class='ocrx_word' id='word_1_281' title='bbox 1592 2332 1716 2360; x_wconf 92' lang='lat' dir='ltr'>com-</span> 
     </span>
     <span class='ocr_line' id='line_1_34' title="bbox 225 2382 1717 2438; baseline -0.004 -11"><span class='ocrx_word' id='word_1_282' title='bbox 225 2387 479 2427; x_wconf 88' lang='lat' dir='ltr'>busserunt.</span> <span class='ocrx_word' id='word_1_283' title='bbox 544 2385 678 2438; x_wconf 77' lang='lat' dir='ltr'>Quod</span> <span class='ocrx_word' id='word_1_284' title='bbox 701 2399 805 2426; x_wconf 88' lang='lat' dir='ltr'>arca</span> <span class='ocrx_word' id='word_1_285' title='bbox 827 2399 928 2425; x_wconf 92' lang='lat' dir='ltr'>cum</span> <span class='ocrx_word' id='word_1_286' title='bbox 947 2385 1076 2425; x_wconf 92' lang='lat' dir='ltr'>donis</span> <span class='ocrx_word' id='word_1_287' title='bbox 1100 2385 1309 2437; x_wconf 89' lang='lat' dir='ltr'>deposita</span> <span class='ocrx_word' id='word_1_288' title='bbox 1332 2384 1390 2424; x_wconf 89' lang='lat' dir='ltr'>sit</span> <span class='ocrx_word' id='word_1_289' title='bbox 1413 2397 1545 2436; x_wconf 89' lang='lat' dir='ltr'>super</span> <span class='ocrx_word' id='word_1_290' title='bbox 1568 2382 1717 2435; x_wconf 89' lang='lat' dir='ltr'>lapide</span> 
     </span>
     <span class='ocr_line' id='line_1_35' title="bbox 227 2443 1718 2502; baseline -0.004 -13"><span class='ocrx_word' id='word_1_291' title='bbox 227 2463 411 2502; x_wconf 86' lang='lat' dir='ltr'>magno,</span> <span class='ocrx_word' id='word_1_292' title='bbox 432 2449 566 2501; x_wconf 85' lang='lat' dir='ltr'>juxta</span> <span class='ocrx_word' id='word_1_293' title='bbox 593 2462 727 2502; x_wconf 91' lang='lat' dir='ltr'>quam</span> <span class='ocrx_word' id='word_1_294' title='bbox 750 2461 917 2488; x_wconf 90' lang='lat' dir='ltr'>vaccae</span> <span class='ocrx_word' id='word_1_295' title='bbox 943 2448 1260 2495; x_wconf 88' lang='lat' dir='ltr'>substiterunt,</span> <span class='ocrx_word' id='word_1_296' title='bbox 1285 2452 1381 2487; x_wconf 90' lang='lat' dir='ltr'>erat</span> <span class='ocrx_word' id='word_1_297' title='bbox 1405 2446 1508 2498; x_wconf 89' lang='lat' dir='ltr'>quia</span> <span class='ocrx_word' id='word_1_298' title='bbox 1533 2443 1718 2497; x_wconf 84' lang='lat' dir='ltr'>“lapis&#39;&#39;</span> 
     </span>
     <span class='ocr_line' id='line_1_36' title="bbox 226 2506 1717 2564; baseline -0.004 -12"><span class='ocrx_word' id='word_1_299' title='bbox 226 2511 451 2564; x_wconf 86' lang='lat' dir='ltr'>significat</span> <span class='ocrx_word' id='word_1_300' title='bbox 477 2512 688 2551; x_wconf 90' lang='lat' dir='ltr'>Divinum</span> <span class='ocrx_word' id='word_1_301' title='bbox 712 2511 883 2551; x_wconf 88' lang='lat' dir='ltr'>Verum</span> <span class='ocrx_word' id='word_1_302' title='bbox 910 2511 954 2550; x_wconf 91' lang='lat' dir='ltr'>in</span> <span class='ocrx_word' id='word_1_303' title='bbox 981 2506 1141 2550; x_wconf 83' lang='lat' dir='ltr'>ultimo</span> <span class='ocrx_word' id='word_1_304' title='bbox 1164 2509 1344 2549; x_wconf 89' lang='lat' dir='ltr'>ordinis.</span> <span class='ocrx_word' id='word_1_305' title='bbox 1408 2507 1542 2560; x_wconf 75' lang='lat' dir='ltr'>Quod</span> <span class='ocrx_word' id='word_1_306' title='bbox 1568 2520 1717 2547; x_wconf 90' lang='lat' dir='ltr'>sacer-</span> 
     </span>
     <span class='ocr_line' id='line_1_37' title="bbox 227 2569 1715 2622; baseline -0.005 -6"><span class='ocrx_word' id='word_1_307' title='bbox 227 2577 360 2616; x_wconf 89' lang='lat' dir='ltr'>dotes</span> <span class='ocrx_word' id='word_1_308' title='bbox 387 2582 433 2616; x_wconf 91' lang='lat' dir='ltr'>et</span> <span class='ocrx_word' id='word_1_309' title='bbox 457 2575 734 2615; x_wconf 88' lang='lat' dir='ltr'>divinatores</span> <span class='ocrx_word' id='word_1_310' title='bbox 759 2574 1139 2614; x_wconf 88' lang='lat' dir='ltr'>Philisthaeorum</span> <span class='ocrx_word' id='word_1_311' title='bbox 1164 2573 1385 2612; x_wconf 87' lang='lat' dir='ltr'>suaserint</span> <span class='ocrx_word' id='word_1_312' title='bbox 1409 2578 1457 2611; x_wconf 91' lang='lat' dir='ltr'>ut</span> <span class='ocrx_word' id='word_1_313' title='bbox 1484 2571 1549 2610; x_wconf 86' lang='lat' dir='ltr'>ita</span> <span class='ocrx_word' id='word_1_314' title='bbox 1574 2569 1715 2622; x_wconf 88' lang='lat' dir='ltr'>fieret,</span> 
     </span>
     <span class='ocr_line' id='line_1_38' title="bbox 227 2634 1718 2691; baseline -0.005 -12"><span class='ocrx_word' id='word_1_315' title='bbox 227 2645 325 2680; x_wconf 87' lang='lat' dir='ltr'>erat</span> <span class='ocrx_word' id='word_1_316' title='bbox 358 2639 461 2691; x_wconf 90' lang='lat' dir='ltr'>quia</span> <span class='ocrx_word' id='word_1_317' title='bbox 492 2639 682 2678; x_wconf 88' lang='lat' dir='ltr'>scientia</span> <span class='ocrx_word' id='word_1_318' title='bbox 714 2637 1218 2690; x_wconf 89' lang='lat' dir='ltr'>correspondentiarum</span> <span class='ocrx_word' id='word_1_319' title='bbox 1251 2641 1297 2675; x_wconf 86' lang='lat' dir='ltr'>et</span> <span class='ocrx_word' id='word_1_320' title='bbox 1334 2634 1718 2687; x_wconf 87' lang='lat' dir='ltr'>repraesentatio-</span> 
     </span>
     <span class='ocr_line' id='line_1_39' title="bbox 227 2695 1717 2750; baseline -0.005 -8"><span class='ocrx_word' id='word_1_321' title='bbox 227 2715 334 2742; x_wconf 89' lang='lat' dir='ltr'>num</span> <span class='ocrx_word' id='word_1_322' title='bbox 366 2702 447 2741; x_wconf 86' lang='lat' dir='ltr'>suit</span> <span class='ocrx_word' id='word_1_323' title='bbox 480 2702 669 2741; x_wconf 90' lang='lat' dir='ltr'>scientia</span> <span class='ocrx_word' id='word_1_324' title='bbox 696 2700 947 2741; x_wconf 90' lang='lat' dir='ltr'>communis</span> <span class='ocrx_word' id='word_1_325' title='bbox 974 2713 1028 2739; x_wconf 92' lang='lat' dir='ltr'>eo</span> <span class='ocrx_word' id='word_1_326' title='bbox 1056 2705 1276 2750; x_wconf 86' lang='lat' dir='ltr'>tempore,</span> <span class='ocrx_word' id='word_1_327' title='bbox 1304 2703 1400 2737; x_wconf 90' lang='lat' dir='ltr'>erat</span> <span class='ocrx_word' id='word_1_328' title='bbox 1433 2696 1552 2736; x_wconf 90' lang='lat' dir='ltr'>enim</span> <span class='ocrx_word' id='word_1_329' title='bbox 1585 2695 1717 2736; x_wconf 89' lang='lat' dir='ltr'>theo-</span> 
     </span>
     <span class='ocr_line' id='line_1_40' title="bbox 226 2759 1717 2818; baseline -0.005 -13"><span class='ocrx_word' id='word_1_330' title='bbox 226 2765 348 2818; x_wconf 89' lang='lat' dir='ltr'>logia</span> <span class='ocrx_word' id='word_1_331' title='bbox 375 2777 542 2812; x_wconf 90' lang='lat' dir='ltr'>eorum,</span> <span class='ocrx_word' id='word_1_332' title='bbox 568 2770 678 2804; x_wconf 88' lang='lat' dir='ltr'>nota</span> <span class='ocrx_word' id='word_1_333' title='bbox 705 2762 1017 2803; x_wconf 87' lang='lat' dir='ltr'>sacerdotibus</span> <span class='ocrx_word' id='word_1_334' title='bbox 1045 2768 1091 2802; x_wconf 91' lang='lat' dir='ltr'>et</span> <span class='ocrx_word' id='word_1_335' title='bbox 1119 2760 1459 2807; x_wconf 88' lang='lat' dir='ltr'>divinatoribus,</span> <span class='ocrx_word' id='word_1_336' title='bbox 1484 2759 1556 2812; x_wconf 90' lang='lat' dir='ltr'>qui</span> <span class='ocrx_word' id='word_1_337' title='bbox 1588 2764 1717 2798; x_wconf 89' lang='lat' dir='ltr'>erant</span> 
     </span>
     <span class='ocr_line' id='line_1_41' title="bbox 226 2820 1717 2880; baseline -0.005 -12"><span class='ocrx_word' id='word_1_338' title='bbox 226 2841 379 2868; x_wconf 88' lang='lat' dir='ltr'>eorum</span> <span class='ocrx_word' id='word_1_339' title='bbox 412 2827 667 2880; x_wconf 86' lang='lat' dir='ltr'>sapientes;</span> <span class='ocrx_word' id='word_1_340' title='bbox 711 2826 790 2866; x_wconf 92' lang='lat' dir='ltr'>sed</span> <span class='ocrx_word' id='word_1_341' title='bbox 827 2826 929 2878; x_wconf 91' lang='lat' dir='ltr'>quia</span> <span class='ocrx_word' id='word_1_342' title='bbox 961 2824 1161 2878; x_wconf 83' lang='lat' dir='ltr'>plerique</span> <span class='ocrx_word' id='word_1_343' title='bbox 1196 2830 1302 2863; x_wconf 88' lang='lat' dir='ltr'>tunc</span> <span class='ocrx_word' id='word_1_344' title='bbox 1336 2835 1457 2862; x_wconf 89' lang='lat' dir='ltr'>mere</span> <span class='ocrx_word' id='word_1_345' title='bbox 1489 2820 1717 2861; x_wconf 90' lang='lat' dir='ltr'>naturales</span> 
     </span>
     <span class='ocr_line' id='line_1_42' title="bbox 224 2885 1710 2943; baseline -0.005 -12"><span class='ocrx_word' id='word_1_346' title='bbox 224 2889 329 2931; x_wconf 68' lang='lat' dir='ltr'>facti</span> <span class='ocrx_word' id='word_1_347' title='bbox 357 2896 474 2939; x_wconf 91' lang='lat' dir='ltr'>sunt,</span> <span class='ocrx_word' id='word_1_348' title='bbox 504 2887 772 2943; x_wconf 66' lang='lat' dir='ltr'>spectabant</span> <span class='ocrx_word' id='word_1_349' title='bbox 805 2887 882 2928; x_wconf 90' lang='lat' dir='ltr'>illa</span> <span class='ocrx_word' id='word_1_350' title='bbox 907 2887 1192 2928; x_wconf 88' lang='lat' dir='ltr'>idololatrice</span> <span class='ocrx_word' id='word_1_351' title='bbox 1219 2885 1412 2926; x_wconf 86' lang='lat' dir='ltr'>colendo</span> <span class='ocrx_word' id='word_1_352' title='bbox 1439 2891 1632 2925; x_wconf 83' lang='lat' dir='ltr'>externa</span> <span class='ocrx_word' id='word_1_353' title='bbox 1664 2889 1710 2923; x_wconf 87' lang='lat' dir='ltr'>et</span> 
     </span>
    </p>
   </div>
  </div>
 </body>
</html>
