1962 3334
609 294 715 327 CAP.
739 294 820 334 XL,
843 292 981 325 VERs.
1010 284 1179 324 18.—N.
1201 282 1296 335 693.
1455 265 1457 267 ¹
1576 281 1698 334 '1839

211 414 283 450 tur
306 408 495 456 interna,
520 420 632 460 quae
659 406 776 458 apud
802 405 903 446 illos
929 404 1161 446 infernalia
1182 410 1285 444 sunt
1306 417 1315 454 ;
1348 403 1506 457 quibus
1530 402 1698 455 apertis

212 470 447 510 manifeste
472 476 710 521 erumpunt
738 475 1041 520 contemptus,
1070 467 1296 508 hostilitas
1322 473 1369 507 et
1400 466 1566 513 odium,
1596 477 1696 505 cum

211 532 494 573 contumeliis
532 539 691 572 contra
732 531 975 571 Dominum
1016 537 1062 571 et
1104 537 1263 571 contra
1303 527 1460 569 sancta
1499 527 1611 568 caeli
1651 534 1697 567 et

210 594 453 644 ecclesiae;
491 595 601 634 haec
635 595 753 634 enim
790 593 907 645 apud
938 593 1041 633 illos
1073 592 1300 633 latuerunt
1337 591 1584 637 recondita,
1617 589 1697 630 sed

211 657 423 698 obvelata
448 657 672 697 amoribus
704 657 768 696 sui
800 663 846 696 et
873 656 1040 703 mundi,
1068 656 1142 709 qui
1173 654 1288 695 tales
1320 660 1423 694 sunt
1455 660 1504 694 ut
1529 653 1697 693 bonum

210 721 376 762 saciant
416 727 461 761 et
501 734 606 760 vera
648 719 887 772 loquantur
927 726 1110 772 propter
1148 732 1196 758 se
1238 725 1283 758 et
1325 717 1554 764 mundum,
1596 717 1698 769 quia

211 781 368 823 sancta
393 782 504 823 caeli
530 789 576 822 et
603 782 819 822 ecclesiae
846 789 951 821 sunt
977 781 1063 821 illis
1089 781 1236 821 media
1261 780 1318 820 ad
1344 779 1467 827 fines,
1495 779 1568 832 qui
1594 786 1698 819 sunt

212 845 341 893 sama,
382 845 540 898 gloria,
583 845 739 891 honor,
782 843 967 891 lucrum,
1010 843 1147 883 verbo
1187 843 1269 895 ipsi
1314 849 1360 882 et
1401 842 1606 888 mundus,
1644 854 1697 881 ac

214 907 361 948 media
385 915 593 947 amantur
619 913 802 959 propter
825 905 964 946 fines:
1003 906 1082 946 sed
1108 906 1210 958 quia
1235 905 1347 953 finis,
1375 905 1448 958 qui
1474 911 1544 944 est
1570 917 1695 944 amo-

212 971 270 1011 ris
309 970 514 1017 hominis,
556 983 607 1010 ac
653 969 755 1009 inde
800 970 1063 1009 intentionis
1103 976 1149 1009 et
1189 968 1436 1009 voluntatis
1480 967 1586 1019 ejus,
1627 974 1698 1007 est

213 1046 451 1086 corporeus
477 1039 523 1073 et
546 1033 810 1079 mundanus,
834 1038 1163 1084 consequenter
1187 1030 1427 1078 infernalis,
1451 1030 1553 1070 ideo
1578 1029 1699 1070 bona

151 1142 154 1145 ¹
213 1102 260 1136 et
282 1109 386 1135 vera
407 1109 520 1148 quae
544 1101 647 1135 sunt
670 1095 780 1135 caeli
804 1101 851 1135 et
873 1094 1091 1134 ecclesiae
1113 1094 1300 1134 haerent
1319 1093 1455 1133 modo
1477 1094 1519 1132 in
1542 1099 1696 1133 exter-

213 1158 281 1198 nis
311 1158 428 1210 apud
459 1158 574 1205 illos,
605 1171 656 1198 ac
690 1157 810 1197 nulla
841 1164 944 1197 sunt
976 1158 1019 1196 in
1052 1158 1252 1205 internis,
1281 1157 1383 1209 quia
1413 1156 1470 1196 ibi
1502 1155 1621 1196 mala
1651 1162 1698 1195 et

215 1220 353 1270 falsa;
393 1234 496 1260 nam
528 1221 646 1260 bona
678 1227 722 1260 et
748 1234 854 1260 vera
879 1219 991 1260 caeli
1015 1227 1256 1272 penetrant
1283 1220 1326 1259 in
1352 1220 1528 1259 interna
1553 1219 1698 1259 solum

214 1283 332 1335 apud
363 1283 463 1323 illos
494 1284 568 1336 qui
599 1281 755 1323 sancta
786 1282 899 1323 caeli
930 1291 976 1323 et
1007 1282 1224 1323 ecclesiae
1256 1282 1423 1322 faciunt
1454 1281 1578 1329 fines,
1612 1282 1697 1321 hoc

215 1352 299 1394 est,
326 1345 491 1386 faciunt
524 1352 571 1386 ut
602 1347 690 1385 sint
722 1346 886 1385 amoris
918 1352 964 1385 et
995 1345 1100 1385 inde
1126 1345 1391 1385 intentionis
1416 1351 1462 1384 et
1489 1344 1697 1384 volunta-

216 1408 295 1458 tis3
315 1414 361 1448 et
387 1409 570 1461 quando
595 1414 699 1448 sunt
726 1407 835 1447 fines
867 1415 972 1447 tunc
998 1407 1195 1460 aperitur
1220 1420 1346 1446 mens
1371 1406 1624 1460 spirituali3‚
1652 1413 1699 1446 et

216 1483 295 1523 per
334 1470 448 1510 hanc
485 1471 660 1511 ducitur
697 1470 833 1510 homo
874 1484 900 1510 a
936 1470 1158 1510 Domino:
1204 1470 1283 1510 sed
1320 1470 1592 1510 contrarium
1628 1476 1700 1509 est

216 1533 396 1586 quando
420 1533 540 1577 bona
570 1540 616 1573 et
642 1547 747 1573 vera
772 1533 885 1573 caeli
916 1540 962 1573 et
989 1532 1205 1573 ecclesiae
1232 1546 1322 1572 non
1354 1539 1457 1572 sunt
1483 1531 1594 1571 fines
1619 1531 1699 1571 sed

218 1596 388 1645 media;
419 1609 536 1643 nam,
557 1603 603 1636 ut
627 1609 734 1635 mox
754 1609 885 1647 supra
902 1594 1070 1635 dictum
1088 1602 1171 1643 est,
1191 1594 1300 1635 fines
1318 1601 1422 1634 sunt
1443 1608 1555 1647 quae
1572 1607 1698 1633 amo-

215 1659 274 1699 ris
295 1658 525 1710 regnantis
547 1658 738 1698 hominis
764 1664 892 1707 sunt;
923 1651 973 1698 'et
999 1671 1099 1698 cum
1126 1657 1199 1698 ille
1222 1664 1290 1697 est
1313 1670 1438 1697 amor
1459 1657 1538 1704 sui,
1562 1657 1699 1696 etiam

217 1727 287 1761 est
318 1733 443 1760 amor
473 1721 636 1773 proprii
667 1720 773 1772 ejus,
807 1721 926 1773 quod
957 1721 1001 1760 in
1033 1734 1080 1760 se
1112 1718 1364 1772 spe&atum
1396 1733 1485 1759 non
1516 1726 1586 1760 est
1618 1720 1700 1759 nisi

218 1796 351 1836 quam
373 1782 565 1832 malum3
599 1790 644 1823 et
668 1783 804 1823 homo
821 1791 1039 1836 quantum
1056 1797 1114 1823 ex
1137 1783 1228 1830 illo,
1249 1789 1426 1823 tantum
1448 1797 1507 1822 ex
1529 1782 1700 1823 inferno

216 1846 326 1898 agit,
354 1845 540 1897 proinde
572 1845 707 1885 etiam
735 1852 894 1885 contra
921 1845 1144 1885 Divinum.
1206 1845 1341 1885 Porro
1366 1845 1597 1885 sciendum
1628 1852 1699 1885 est

187 1908 336 1961 ,quod
375 1908 419 1947 in
459 1908 580 1948 omni
621 1907 740 1947 malo
780 1908 837 1947 sit
878 1908 940 1948 ira
980 1915 1138 1948 contra
1175 1907 1418 1948 Dominum
1458 1914 1504 1948 et
1541 1914 1701 1948 contra

219 1968 375 2011 sancta
415 1970 658 2010 ecclesiae:
706 1970 825 2022 quod
866 1970 928 2010 ita
964 1971 1035 2018 sit,
1075 1970 1309 2010 manifeste
1345 1977 1552 2010 constare
1593 1970 1699 2010 mihi

218 2033 363 2086 potuit
394 2046 452 2072 ex
484 2033 677 2080 infernis,
706 2033 779 2072 ubi
810 2046 967 2073 omnes
998 2034 1042 2072 in
1074 2033 1201 2072 malis
1232 2040 1350 2081 sunt,
1378 2040 1423 2074 et
1455 2047 1514 2073 ex
1540 2033 1699 2086 quibus

218 2095 368 2136 omnia
393 2094 536 2144 mala;
569 2094 688 2147 quod
714 2095 772 2134 ibi
797 2095 902 2134 dum
925 2095 1060 2135 modo
1086 2096 1272 2136 audiunt
1298 2097 1515 2136 nominari
1542 2096 1699 2136 Domi-

219 2170 323 2198 num
349 2158 653 2197 accendantur
678 2157 935 2197 vehementi
960 2158 1036 2205 ira,
1061 2170 1151 2197 non
1177 2156 1320 2196 solum
1347 2163 1503 2196 contra
1530 2157 1696 2209 Ipsum,

217 2220 296 2260 sed
327 2221 461 2260 etiam
494 2227 652 2260 contra
683 2233 838 2260 omnes
870 2220 942 2272 qui
975 2220 1125 2272 Ipsum
1157 2219 1459 2270 confitentur3
1497 2221 1599 2261 inde
1630 2229 1700 2261 est

218 2281 434 2322 infernum
461 2296 485 2322 e
511 2282 732 2322 diametro
758 2289 917 2322 contra
938 2282 1126 2330 caelum,
1150 2295 1201 2323 ac
1227 2283 1270 2322 in
1297 2290 1513 2335 perpetuo
1534 2290 1700 2324 conatu

219 2344 477 2385 destruendi
519 2345 641 2393 illud,
682 2352 727 2385 et
769 2345 1091 2397 exstinguendi
1131 2345 1293 2385 Divina
1331 2345 1404 2394 ibi,
1443 2359 1555 2398 quae
1596 2354 1700 2387 sunt

218 2407 338 2447 bona
357 2408 520 2447 amoris
546 2414 591 2447 et
614 2421 718 2447 vera
745 2407 872 2447 fidei:
906 2421 965 2447 ex
992 2421 1046 2447 eo
1073 2414 1199 2459 patet
1222 2408 1340 2461 quod
1363 2408 1481 2448 mala
1502 2409 1699 2449 irascan-

219 2476 292 2510 tur
326 2469 468 2517 bonis,
502 2483 552 2509 ac
589 2470 700 2510 salsa
738 2470 842 2509 mali
873 2471 1000 2510 veris.
1062 2470 1172 2510 Inde
1210 2483 1325 2511 nunc
1362 2478 1431 2511 est
1467 2471 1586 2524 quod
1623 2485 1702 2524 per

222 2532 369 2572 “iram
383 2531 402 2546 ’⁹
434 2533 476 2572 in
509 2532 663 2572 Verbo
700 2532 974 2584 significetur
1001 2533 1176 2579 =malum
1212 2534 1254 2573 in
1291 2534 1412 2573 omni
1444 2534 1699 2586 complexu.

220 2593 431 2635 Similiter
456 2595 499 2634 in
525 2596 814 2648 sequentibus
840 2595 950 2636 locis
967 2595 1174 2649 :—-Apud
1199 2595 1375 2645 Lucam,

291 2692 395 2734 Jesus
414 2693 511 2729 dixit,
530 2693 632 2724 “Vae
652 2701 775 2724 ventre
794 2694 1014 2733 gestantibus
1034 2701 1069 2725 et
1088 2693 1301 2726 lactantibus
1324 2695 1358 2726 in
1380 2695 1502 2726 diebus
1523 2695 1602 2728 illis.
1620 2695 1702 2736 quia

392 2737 556 2776 angustia
573 2746 702 2776 magna
719 2747 824 2777 super
841 2745 942 2775 terra,
960 2745 995 2769 et
1012 2738 1063 2768 ira
1080 2739 1115 2769 in
1133 2739 1264 2779 populo
1276 2738 1293 2749 ”
1310 2739 1391 2778 (xxi.
1410 2741 1484 2778 23):

219 2842 328 2883 haec
356 2843 411 2883 de
438 2844 823 2884 consummatione
847 2844 1025 2893 saeculi,
1054 2859 1166 2898 quae
1193 2853 1262 2887 est
1289 2846 1493 2887 ultimum
1521 2852 1698 2899 tempus

221 2905 461 2947 ecclesiae:
500 2906 618 2959 quod
651 2913 757 2947 tunc
784 2907 950 2947 bonum
976 2914 1022 2948 et
1049 2920 1200 2949 verum
1233 2922 1321 2950 non
1348 2910 1521 2962 possint
1547 2909 1696 2963 recipi,
