1962 3334
245 296 350 348 1478
652 303 985 337 APOCALYPSIS
1016 305 1315 338 EXPLICATA.

238 417 413 466 dicitur,
437 419 462 437 “
478 415 794 458 Sacrificantes
817 416 1062 467 hominem,
1081 418 1249 459 vitulos
1272 418 1534 460 osculantur
1552 417 1587 470 ;’'
1620 422 1730 459 “sa-

238 479 436 520 crificare
473 480 704 521 hominem
717 479 736 495 '’
769 479 995 533 significat
1033 482 1220 534 perdere
1256 482 1397 522 vitam
1435 481 1730 535 spiritualem,

237 549 283 584 et
305 543 535 584 “osculari
557 543 724 584 vitulos
737 543 756 558 ’'
779 543 1004 597 significat
1027 543 1119 585 fieri
1143 558 1264 585 mere
1287 544 1530 586 naturales.
1592 544 1732 599 Apud

236 605 441 655 Esaiam,

303 695 420 727 “Ecce
445 696 781 780 omnq?(i¹1¹·iq¹³i3as'
807 697 895 728 nihil
923 707 1034 738 opera
1057 707 1191 736 eorum,
1216 703 1345 729 ventus
1373 704 1408 729 et
1436 697 1591 729 inanitas
1614 697 1735 729 fusilia

412 749 535 771 eorum
597 750 618 771 x
636 750 655 771 1.
674 748 716 780 29
742 751 748 772 :

236 827 356 868 mala
378 826 624 877 doetrinae,
649 827 880 881 religionis
902 834 949 870 et
976 828 1139 877 cultus,
1165 828 1475 882 significantur
1497 843 1575 883 per
1595 833 1732 870 “om-

237 905 316 932 nes
342 892 569 944 iniquitas,
598 891 708 932 nihil
736 905 874 945 opera
900 905 1054 932 eorum
1073 892 1107 942 ;’'
1139 899 1186 933 et
1212 892 1324 932 falsa
1351 906 1430 946 per
1458 896 1660 933 “ventus
1686 899 1732 934 et

236 955 433 995 inanitas
451 954 596 995 fusilia
613 968 769 995 eorum
791 954 825 1003 ;'’
859 958 1062 995 “ventus
1075 954 1093 970 ”
1111 961 1157 996 et
1180 958 1205 975 “
1221 956 1417 995 inanitas
1431 955 1450 970 ”
1468 956 1732 1009 praedican-

236 1025 309 1059 tur
334 1019 378 1059 in
405 1018 560 1059 Verbo
587 1018 642 1059 de
668 1018 791 1059 falsis
818 1033 877 1059 ex
903 1019 1097 1072 proprio.
1159 1018 1299 1072 Apud
1326 1018 1589 1068 Jeremiam,

305 1114 324 1128 “
337 1113 454 1155 Quare
471 1114 515 1145 ad
541 1114 628 1145 iram
647 1120 887 1154 provocarunt
912 1113 973 1146 Me
998 1123 1060 1155 per
1084 1114 1261 1155 sculptilia
1285 1124 1359 1153 sua,
1384 1124 1447 1155 per
1470 1114 1648 1146 vanitates
1672 1115 1734 1146 ali-

412 1158 646 1198 enigenarum
658 1157 691 1190 ?”
716 1158 800 1198 (viii.
822 1158 895 1198 192)

239 1251 507 1293 “vanitates
525 1252 915 1305 alienigenarum”
932 1253 1071 1293 etiam
1095 1251 1352 1305 significant
1375 1252 1487 1294 falsa
1501 1252 1733 1306 religionis

239 1314 403 1355 similia
434 1327 535 1355 cum
571 1315 892 1369 “sculptilibus
911 1314 946 1366 ;’'
987 1329 1124 1369 quare
1161 1315 1325 1356 dicitur
1359 1320 1474 1369 “per
1507 1315 1734 1369 sculptilia

235 1391 329 1427 sua,
357 1392 439 1431 per
460 1379 691 1419 vanitates
719 1377 1115 1431 alienigenarum.”
1174 1377 1312 1431 Apud
1338 1377 1623 1427 Ezechielem,

302 1475 321 1488 ‘⁴
332 1473 501 1515 Quisquis
518 1473 561 1505 de
579 1474 686 1505 domo
706 1473 859 1512 Israelis,
874 1474 933 1516 qui
950 1475 1142 1506 ascendere
1159 1474 1282 1506 fecerit
1299 1475 1395 1506 idola
1412 1484 1519 1515 super
1539 1484 1600 1506 cor
1619 1484 1733 1513 suum,

410 1523 445 1548 et
461 1517 714 1548 offendiculum
734 1518 930 1558 iniquitatis
948 1518 1107 1558 posuerit
1123 1524 1206 1549 ante
1224 1518 1332 1549 facies
1351 1528 1445 1556 suas,
1462 1519 1599 1550 venerit
1614 1524 1733 1549 tamen

410 1561 455 1592 ad
483 1561 716 1601 prophetam:
756 1561 880 1601 Egone
908 1561 1071 1603 Jehovah
1101 1562 1352 1602 responderim
1381 1562 1424 1600 ei,
1443 1562 1501 1603 qui
1526 1562 1624 1594 venit
1654 1571 1734 1593 cum

410 1604 637 1636 multitudine
655 1605 833 1636 idolorum
850 1615 996 1637 suorum
1010 1604 1044 1638 ?''
1069 1605 1151 1645 (xiV.
1171 1606 1234 1644 3—6
1247 1606 1270 1645 z)

235 1700 374 1741 etiam
415 1699 487 1740 hic
528 1699 688 1740 “idola
704 1699 723 1715 ’‘
749 1714 830 1753 pro
872 1699 995 1741 falsis
1036 1698 1268 1741 doftrinae
1306 1714 1419 1754 quae
1459 1714 1518 1741 ex
1555 1701 1734 1754 propria

236 1763 571 1816 intelligentia3
609 1764 808 1817 recipere
835 1763 913 1804 illa
938 1762 1051 1804 falsa
1082 1770 1128 1804 et
1161 1776 1425 1816 agnoscere,
1454 1763 1734 1816 significatur

234 1840 314 1879 per
338 1827 623 1867 “ascendere
649 1826 796 1867 facere
819 1825 941 1866 idola
963 1840 1096 1879 super
1118 1839 1195 1866 cor
1217 1839 1345 1866 suum
1367 1826 1401 1877 ;''
1433 1833 1479 1867 et
1502 1826 1617 1867 affici
1643 1826 1732 1867 illis

235 1896 283 1930 et
309 1890 460 1930 vivere
486 1889 735 1930 secundum
767 1889 858 1938 illa,
887 1888 1167 1942 significatur
1199 1903 1278 1942 per
1307 1893 1516 1942 “ponere
1545 1889 1732 1931 offendi-

235 1952 386 1993 culum
423 1953 674 2006 iniquitatis
712 1959 819 1994 ante
855 1952 991 1994 facies
1029 1951 1185 1992 suas:”
1225 1952 1345 2005 quod
1383 1952 1605 1993 Dominus
1642 1966 1732 1994 non

236 2017 380 2069 possit
407 2016 608 2056 revelare
635 2015 802 2057 talibus
828 2016 1026 2069 genuina
1051 2029 1159 2056 vera
1185 2013 1419 2055 do6trinae
1444 2016 1658 2069 quamdiu
1688 2017 1732 2057 in

233 2079 322 2120 illis
347 2079 469 2119 falsis
496 2085 616 2127 sunt,
645 2078 923 2132 significatur
948 2092 1027 2132 per
1052 2077 1136 2119 “Si
1162 2078 1336 2119 venerit
1363 2078 1420 2118 ad
1444 2079 1730 2132 prophetam,

234 2142 398 2195 Egone
419 2142 628 2195 Jehovah
655 2142 963 2196 responderim
990 2142 1030 2183 ei
1057 2141 1130 2195 qui
1156 2142 1281 2182 venit
1309 2154 1410 2182 cum
1438 2141 1731 2183 multitudine

233 2204 458 2246 idolorum
484 2218 666 2246 suorum
682 2204 721 2245 ?’'
782 2205 865 2246 Per
889 2208 915 2225 “
931 2204 1202 2258 prophetam
1217 2204 1236 2219 ‘’
1259 2204 1533 2257 intelligitur
1559 2205 1729 2246 docens

233 2282 353 2316 vera,
387 2274 433 2309 et
470 2268 515 2308 in
546 2282 681 2309 sensu
711 2266 944 2309 abstra&o
975 2266 1182 2308 doetrina
1213 2267 1398 2320 genuini
1429 2268 1522 2308 veri
1553 2281 1667 2321 quae
1704 2281 1731 2308 a

235 2330 460 2381 Domino;
503 2336 550 2371 et
592 2344 671 2384 per
710 2330 1088 2371 “multitudinem
1125 2329 1380 2370 idolorum’'
1418 2329 1731 2383 significantur

233 2392 346 2434 salsa
376 2393 420 2434 in
452 2393 596 2446 copia,
631 2406 735 2433 nam
768 2407 827 2434 ex
859 2406 948 2434 uno
979 2392 1093 2433 falso
1125 2393 1227 2434 loco
1258 2393 1462 2446 principii
1493 2399 1730 2446 assumpto

234 2455 377 2496 fluunt
403 2455 515 2497 falsa
546 2456 590 2496 in
617 2457 761 2509 copia,
790 2462 971 2509 praeter
996 2455 1109 2497 salsa
1140 2457 1183 2496 in
1211 2457 1325 2497 serie
1352 2470 1410 2496 ex
1439 2469 1588 2507 nexu;
1626 2456 1731 2497 inde

237 2519 448 2559 dicuntur
468 2518 659 2559 “idola”
677 2519 721 2559 in
739 2518 915 2572 plurali,
934 2525 980 2560 et
1002 2518 1319 2559 “multitudo''
1337 2518 1529 2560 illorum.
1591 2518 1730 2574 Apud

220 2581 443 2631 eundem,

301 2671 502 2712 “Spargam
520 2681 627 2711 super
643 2681 708 2702 vos
725 2681 836 2712 aquas
854 2671 1015 2710 mundas,
1032 2677 1071 2703 ut
1088 2671 1309 2703 mundemini
1326 2673 1371 2702 ab
1392 2672 1557 2704 omnibus
1578 2672 1731 2704 immun-

409 2715 504 2746 ditiis
518 2715 657 2753 vestris,
672 2721 707 2746 et
720 2716 764 2746 ab
775 2715 941 2747 omnibus
955 2715 1060 2747 idolis
1072 2716 1198 2747 vestris
1210 2716 1390 2747 mundabo
1405 2726 1470 2747 vos
1483 2716 1500 2727 '¹
1511 2717 1641 2756 (xxxvi.
1654 2717 1708 2757 25)
1721 2728 1728 2749 :

219 2811 338 2864 rquia
364 2825 442 2865 per
467 2809 658 2851 “idola'’
680 2809 992 2863 significantur
1017 2810 1129 2851 falsa
1152 2808 1397 2860 doftrinae,
1423 2811 1525 2852 ideo
1547 2811 1725 2860 dicitur,

237 2873 499 2927 “Spargam
526 2887 658 2926 super
680 2887 761 2914 vos
784 2887 922 2927 aquas
945 2873 1177 2923 mundas,’'
1200 2887 1278 2927 per
1304 2878 1479 2927 “aquas
1503 2874 1694 2915 mundas
1707 2873 1727 2890 '¹

234 2938 353 2978 enim
392 2936 702 2990 significantur
737 2938 934 2990 genuina
970 2951 1089 2987 vera,
1128 2943 1174 2978 et
1216 2951 1294 2991 per
1334 2941 1584 2991 “spargere
1625 2937 1727 2978 illas
