<?xml version="1.0" encoding="UTF-8"?>
<!DOCTYPE html PUBLIC "-//W3C//DTD XHTML 1.0 Transitional//EN"
    "http://www.w3.org/TR/xhtml1/DTD/xhtml1-transitional.dtd">
<html xmlns="http://www.w3.org/1999/xhtml" xml:lang="en" lang="en">
 <head>
  <title>
</title>
<meta http-equiv="Content-Type" content="text/html;charset=utf-8" />
  <meta name='ocr-system' content='tesseract 3.04.00' />
  <meta name='ocr-capabilities' content='ocr_page ocr_carea ocr_par ocr_line ocrx_word'/>
</head>
<body>
  <div class='ocr_page' id='page_1' title='image "apocalypsisexpli03sweduoft_0266.png"; bbox 0 0 1962 3334; ppageno 0'>
   <div class='ocr_carea' id='block_1_1' title="bbox 269 265 1347 316">
    <p class='ocr_par' dir='ltr' id='par_1_1' title="bbox 269 265 1347 316">
     <span class='ocr_line' id='line_1_1' title="bbox 269 265 1347 316; baseline 0.004 -13"><span class='ocrx_word' id='word_1_1' title='bbox 269 265 378 316; x_wconf 89' lang='lat'>1580</span> <span class='ocrx_word' id='word_1_2' title='bbox 679 273 1014 307; x_wconf 70' lang='lat' dir='ltr'>APOCALvPsffi</span> <span class='ocrx_word' id='word_1_3' title='bbox 1047 275 1347 307; x_wconf 85' lang='lat' dir='ltr'><strong>EXPLICATA.</strong></span> 
     </span>
    </p>
   </div>
   <div class='ocr_carea' id='block_1_2' title="bbox 438 388 1763 649">
    <p class='ocr_par' dir='ltr' id='par_1_2' title="bbox 438 388 1763 649">
     <span class='ocr_line' id='line_1_2' title="bbox 439 388 1760 430; baseline 0.003 -11"><span class='ocrx_word' id='word_1_4' title='bbox 439 388 670 426; x_wconf 85' lang='lat' dir='ltr'>messoribus,</span> <span class='ocrx_word' id='word_1_5' title='bbox 690 388 858 429; x_wconf 84' lang='lat' dir='ltr'>Colligite</span> <span class='ocrx_word' id='word_1_6' title='bbox 876 390 1028 430; x_wconf 89' lang='lat' dir='ltr'>primum</span> <span class='ocrx_word' id='word_1_7' title='bbox 1046 390 1191 428; x_wconf 90' lang='lat' dir='ltr'>zizania,</span> <span class='ocrx_word' id='word_1_8' title='bbox 1210 396 1244 421; x_wconf 86' lang='lat' dir='ltr'>et</span> <span class='ocrx_word' id='word_1_9' title='bbox 1264 390 1373 430; x_wconf 89' lang='lat' dir='ltr'>ligate</span> <span class='ocrx_word' id='word_1_10' title='bbox 1390 401 1433 422; x_wconf 89' lang='lat' dir='ltr'>ea</span> <span class='ocrx_word' id='word_1_11' title='bbox 1451 390 1486 422; x_wconf 90' lang='lat' dir='ltr'>in</span> <span class='ocrx_word' id='word_1_12' title='bbox 1505 390 1697 423; x_wconf 82' lang='lat' dir='ltr'>fasciculos</span> <span class='ocrx_word' id='word_1_13' title='bbox 1714 390 1760 423; x_wconf 90' lang='lat' dir='ltr'>ad</span> 
     </span>
     <span class='ocr_line' id='line_1_3' title="bbox 438 433 1762 476; baseline 0.002 -13"><span class='ocrx_word' id='word_1_14' title='bbox 438 433 734 470; x_wconf 85' lang='lat' dir='ltr'>comburendum,</span> <span class='ocrx_word' id='word_1_15' title='bbox 749 433 904 464; x_wconf 84' lang='lat' dir='ltr'>triticum</span> <span class='ocrx_word' id='word_1_16' title='bbox 923 443 1009 465; x_wconf 83' lang='lat' dir='ltr'>vero</span> <span class='ocrx_word' id='word_1_17' title='bbox 1023 434 1179 474; x_wconf 84' lang='lat' dir='ltr'>colligite</span> <span class='ocrx_word' id='word_1_18' title='bbox 1193 434 1229 465; x_wconf 92' lang='lat' dir='ltr'>in</span> <span class='ocrx_word' id='word_1_19' title='bbox 1244 434 1382 465; x_wconf 89' lang='lat' dir='ltr'>horrea.</span> <span class='ocrx_word' id='word_1_20' title='bbox 1414 459 1510 466; x_wconf 91' lang='grc'><strong>.....</strong></span> <span class='ocrx_word' id='word_1_21' title='bbox 1519 434 1588 476; x_wconf 74' lang='lat' dir='ltr'>Qui</span> <span class='ocrx_word' id='word_1_22' title='bbox 1603 435 1762 466; x_wconf 89' lang='lat' dir='ltr'>semina-</span> 
     </span>
     <span class='ocr_line' id='line_1_4' title="bbox 439 476 1762 517; baseline 0.002 -11"><span class='ocrx_word' id='word_1_23' title='bbox 439 476 491 507; x_wconf 91' lang='lat' dir='ltr'>vit</span> <span class='ocrx_word' id='word_1_24' title='bbox 508 476 644 507; x_wconf 88' lang='lat' dir='ltr'>bonum</span> <span class='ocrx_word' id='word_1_25' title='bbox 662 486 785 508; x_wconf 90' lang='lat' dir='ltr'>semen</span> <span class='ocrx_word' id='word_1_26' title='bbox 805 483 859 508; x_wconf 90' lang='lat' dir='ltr'>est</span> <span class='ocrx_word' id='word_1_27' title='bbox 879 477 988 508; x_wconf 90' lang='lat' dir='ltr'>Filius</span> <span class='ocrx_word' id='word_1_28' title='bbox 1005 478 1172 515; x_wconf 88' lang='lat' dir='ltr'>hominis,</span> <span class='ocrx_word' id='word_1_29' title='bbox 1192 488 1279 517; x_wconf 89' lang='lat' dir='ltr'>ager</span> <span class='ocrx_word' id='word_1_30' title='bbox 1299 484 1353 509; x_wconf 89' lang='lat' dir='ltr'>est</span> <span class='ocrx_word' id='word_1_31' title='bbox 1371 478 1535 516; x_wconf 89' lang='lat' dir='ltr'>mundus,</span> <span class='ocrx_word' id='word_1_32' title='bbox 1554 488 1678 510; x_wconf 90' lang='lat' dir='ltr'>semen</span> <span class='ocrx_word' id='word_1_33' title='bbox 1700 479 1762 509; x_wconf 85' lang='lat' dir='ltr'>bo·</span> 
     </span>
     <span class='ocr_line' id='line_1_5' title="bbox 440 520 1762 560; baseline 0.002 -10"><span class='ocrx_word' id='word_1_34' title='bbox 440 529 526 550; x_wconf 92' lang='lat' dir='ltr'>num</span> <span class='ocrx_word' id='word_1_35' title='bbox 541 526 627 551; x_wconf 90' lang='lat' dir='ltr'>sunt</span> <span class='ocrx_word' id='word_1_36' title='bbox 641 520 701 551; x_wconf 86' lang='lat' dir='ltr'>filii</span> <span class='ocrx_word' id='word_1_37' title='bbox 718 521 848 560; x_wconf 66' lang='lat' dir='ltr'>regni„</span> <span class='ocrx_word' id='word_1_38' title='bbox 864 545 870 552; x_wconf 86' lang='lat'>.</span> <span class='ocrx_word' id='word_1_39' title='bbox 885 546 891 552; x_wconf 92' lang='lat'><em>.</em></span> <span class='ocrx_word' id='word_1_40' title='bbox 908 522 1053 552; x_wconf 88' lang='lat' dir='ltr'>.messis</span> <span class='ocrx_word' id='word_1_41' title='bbox 1071 528 1125 552; x_wconf 88' lang='lat' dir='ltr'>est</span> <span class='ocrx_word' id='word_1_42' title='bbox 1140 522 1407 552; x_wconf 85' lang='lat' dir='ltr'>consummatio</span> <span class='ocrx_word' id='word_1_43' title='bbox 1421 522 1554 553; x_wconf 88' lang='lat' dir='ltr'>saeculi</span> <span class='ocrx_word' id='word_1_44' title='bbox 1570 533 1594 554; x_wconf 77' lang='lat' dir='ltr'>z.</span> <span class='ocrx_word' id='word_1_45' title='bbox 1609 546 1616 554; x_wconf 88' lang='lat'><strong>.</strong></span> <span class='ocrx_word' id='word_1_46' title='bbox 1631 546 1638 553; x_wconf 93' lang='lat'><strong>.</strong></span> <span class='ocrx_word' id='word_1_47' title='bbox 1653 522 1762 554; x_wconf 84' lang='lat' dir='ltr'>,sicut</span> 
     </span>
     <span class='ocr_line' id='line_1_6' title="bbox 440 563 1763 605; baseline 0.002 -12"><span class='ocrx_word' id='word_1_48' title='bbox 440 573 525 603; x_wconf 87' lang='lat' dir='ltr'>ergo</span> <span class='ocrx_word' id='word_1_49' title='bbox 543 563 758 603; x_wconf 86' lang='lat' dir='ltr'>colligantur</span> <span class='ocrx_word' id='word_1_50' title='bbox 774 565 919 601; x_wconf 83' lang='lat' dir='ltr'>zizania,</span> <span class='ocrx_word' id='word_1_51' title='bbox 938 570 974 596; x_wconf 91' lang='lat' dir='ltr'>et</span> <span class='ocrx_word' id='word_1_52' title='bbox 992 566 1253 596; x_wconf 86' lang='lat' dir='ltr'>comburuntur</span> <span class='ocrx_word' id='word_1_53' title='bbox 1269 566 1362 605; x_wconf 89' lang='lat' dir='ltr'>igne,</span> <span class='ocrx_word' id='word_1_54' title='bbox 1380 565 1430 596; x_wconf 92' lang='lat' dir='ltr'>sic</span> <span class='ocrx_word' id='word_1_55' title='bbox 1450 565 1517 597; x_wconf 89' lang='lat' dir='ltr'>erit</span> <span class='ocrx_word' id='word_1_56' title='bbox 1538 565 1574 596; x_wconf 90' lang='lat' dir='ltr'>in</span> <span class='ocrx_word' id='word_1_57' title='bbox 1595 575 1763 597; x_wconf 90' lang='lat' dir='ltr'>consum-</span> 
     </span>
     <span class='ocr_line' id='line_1_7' title="bbox 440 606 1342 649; baseline 0.003 -12"><span class='ocrx_word' id='word_1_58' title='bbox 440 607 601 638; x_wconf 87' lang='lat' dir='ltr'>matione</span> <span class='ocrx_word' id='word_1_59' title='bbox 619 608 751 638; x_wconf 89' lang='lat' dir='ltr'>saeculi</span> <span class='ocrx_word' id='word_1_60' title='bbox 769 608 875 648; x_wconf 87' lang='lat' dir='ltr'>hujus</span> <span class='ocrx_word' id='word_1_61' title='bbox 888 608 906 619; x_wconf 85' lang='lat'>&#39;&#39;</span> <span class='ocrx_word' id='word_1_62' title='bbox 923 608 1008 648; x_wconf 88' lang='lat' dir='ltr'>(xiii.</span> <span class='ocrx_word' id='word_1_63' title='bbox 1027 616 1145 647; x_wconf 87' lang='lat'>27-30,</span> <span class='ocrx_word' id='word_1_64' title='bbox 1165 606 1342 649; x_wconf 74' lang='lat' dir='ltr'>[¹J37-43):</span> 
     </span>
    </p>
   </div>
   <div class='ocr_carea' id='block_1_3' title="bbox 265 709 1768 1641">
    <p class='ocr_par' dir='ltr' id='par_1_3' title="bbox 265 709 1762 1001">
     <span class='ocr_line' id='line_1_8' title="bbox 268 709 1761 764; baseline 0.001 -15"><span class='ocrx_word' id='word_1_65' title='bbox 268 709 641 750; x_wconf 85' lang='lat' dir='ltr'>“consummatio</span> <span class='ocrx_word' id='word_1_66' title='bbox 667 709 834 750; x_wconf 88' lang='lat' dir='ltr'>saeculi</span> <span class='ocrx_word' id='word_1_67' title='bbox 849 709 868 723; x_wconf 94' lang='lat'>“</span> <span class='ocrx_word' id='word_1_68' title='bbox 895 709 1120 763; x_wconf 87' lang='lat' dir='ltr'>significat</span> <span class='ocrx_word' id='word_1_69' title='bbox 1155 710 1366 750; x_wconf 90' lang='lat' dir='ltr'>ultimum</span> <span class='ocrx_word' id='word_1_70' title='bbox 1402 716 1582 764; x_wconf 89' lang='lat' dir='ltr'>tempus</span> <span class='ocrx_word' id='word_1_71' title='bbox 1615 709 1761 751; x_wconf 88' lang='lat' dir='ltr'>eccle-</span> 
     </span>
     <span class='ocr_line' id='line_1_9' title="bbox 266 771 1759 828; baseline 0.001 -16"><span class='ocrx_word' id='word_1_72' title='bbox 266 772 385 822; x_wconf 89' lang='lat' dir='ltr'>siae;</span> <span class='ocrx_word' id='word_1_73' title='bbox 429 771 550 825; x_wconf 90' lang='lat' dir='ltr'>quod</span> <span class='ocrx_word' id='word_1_74' title='bbox 587 786 677 813; x_wconf 91' lang='lat' dir='ltr'>non</span> <span class='ocrx_word' id='word_1_75' title='bbox 715 774 834 826; x_wconf 90' lang='lat' dir='ltr'>prius</span> <span class='ocrx_word' id='word_1_76' title='bbox 871 773 1109 826; x_wconf 89' lang='lat' dir='ltr'>separandi</span> <span class='ocrx_word' id='word_1_77' title='bbox 1148 774 1237 814; x_wconf 91' lang='lat' dir='ltr'>sint</span> <span class='ocrx_word' id='word_1_78' title='bbox 1275 773 1403 827; x_wconf 91' lang='lat' dir='ltr'>probi</span> <span class='ocrx_word' id='word_1_79' title='bbox 1440 773 1497 814; x_wconf 91' lang='lat' dir='ltr'>ab</span> <span class='ocrx_word' id='word_1_80' title='bbox 1528 771 1759 828; x_wconf 82' lang='lat' dir='ltr'>improbiS,</span> 
     </span>
     <span class='ocr_line' id='line_1_10' title="bbox 265 835 1761 890; baseline 0.001 -15"><span class='ocrx_word' id='word_1_81' title='bbox 265 835 369 888; x_wconf 91' lang='lat' dir='ltr'>quia</span> <span class='ocrx_word' id='word_1_82' title='bbox 409 849 488 888; x_wconf 89' lang='lat' dir='ltr'>per</span> <span class='ocrx_word' id='word_1_83' title='bbox 528 837 757 876; x_wconf 87' lang='lat' dir='ltr'>exteriora</span> <span class='ocrx_word' id='word_1_84' title='bbox 795 836 1045 876; x_wconf 89' lang='lat' dir='ltr'>consociati</span> <span class='ocrx_word' id='word_1_85' title='bbox 1083 843 1202 884; x_wconf 91' lang='lat' dir='ltr'>sunt,</span> <span class='ocrx_word' id='word_1_86' title='bbox 1242 836 1514 890; x_wconf 87' lang='lat' dir='ltr'><strong>intelligitur</strong></span> <span class='ocrx_word' id='word_1_87' title='bbox 1550 851 1629 890; x_wconf 88' lang='lat' dir='ltr'>per</span> <span class='ocrx_word' id='word_1_88' title='bbox 1668 841 1761 877; x_wconf 86' lang='lat' dir='ltr'>“ne</span> 
     </span>
     <span class='ocr_line' id='line_1_11' title="bbox 266 897 1762 951; baseline 0.001 -13"><span class='ocrx_word' id='word_1_89' title='bbox 266 897 528 951; x_wconf 89' lang='lat' dir='ltr'>colligendo</span> <span class='ocrx_word' id='word_1_90' title='bbox 574 899 743 939; x_wconf 89' lang='lat' dir='ltr'>zizania</span> <span class='ocrx_word' id='word_1_91' title='bbox 792 899 1032 939; x_wconf 89' lang='lat' dir='ltr'>eradicetis</span> <span class='ocrx_word' id='word_1_92' title='bbox 1082 899 1214 939; x_wconf 90' lang='lat' dir='ltr'>simul</span> <span class='ocrx_word' id='word_1_93' title='bbox 1259 912 1360 940; x_wconf 89' lang='lat' dir='ltr'>cum</span> <span class='ocrx_word' id='word_1_94' title='bbox 1410 900 1473 940; x_wconf 90' lang='lat' dir='ltr'>eis</span> <span class='ocrx_word' id='word_1_95' title='bbox 1522 898 1762 941; x_wconf 89' lang='lat' dir='ltr'>triticum.”</span> 
     </span>
     <span class='ocr_line' id='line_1_12' title="bbox 267 959 1441 1001; baseline 0.002 -12"><span class='ocrx_word' id='word_1_96' title='bbox 267 959 335 998; x_wconf 88' lang='lat' dir='ltr'>(De</span> <span class='ocrx_word' id='word_1_97' title='bbox 349 960 409 989; x_wconf 92' lang='lat' dir='ltr'>hae</span> <span class='ocrx_word' id='word_1_98' title='bbox 425 970 457 989; x_wconf 89' lang='lat' dir='ltr'>re</span> <span class='ocrx_word' id='word_1_99' title='bbox 472 961 567 990; x_wconf 87' lang='lat' dir='ltr'>etiam</span> <span class='ocrx_word' id='word_1_100' title='bbox 583 961 727 990; x_wconf 84' lang='lat' dir='ltr'>videatur</span> <span class='ocrx_word' id='word_1_101' title='bbox 742 962 772 990; x_wconf 90' lang='lat' dir='ltr'>in</span> <span class='ocrx_word' id='word_1_102' title='bbox 788 962 943 999; x_wconf 87' lang='lat' dir='ltr'>opusculo</span> <span class='ocrx_word' id='word_1_103' title='bbox 961 962 1012 990; x_wconf 80' lang='lat' dir='ltr'>De</span> <span class='ocrx_word' id='word_1_104' title='bbox 1033 962 1151 991; x_wconf 75' lang='lat' dir='ltr'>Ultimo</span> <span class='ocrx_word' id='word_1_105' title='bbox 1170 961 1313 1001; x_wconf 82' lang='lat' dir='ltr'>Judicio,</span> <span class='ocrx_word' id='word_1_106' title='bbox 1330 971 1360 991; x_wconf 92' lang='lat' dir='ltr'>n.</span> <span class='ocrx_word' id='word_1_107' title='bbox 1377 962 1441 1000; x_wconf 84' lang='lat'><strong>70.)</strong></span> 
     </span>
    </p>

    <p class='ocr_par' dir='ltr' id='par_1_4' title="bbox 267 1019 1768 1641">
     <span class='ocr_line' id='line_1_13' title="bbox 349 1019 1764 1074; baseline 0.002 -14"><span class='ocrx_word' id='word_1_108' title='bbox 349 1019 433 1074; x_wconf 79' lang='lat' dir='ltr'>[b.]</span> <span class='ocrx_word' id='word_1_109' title='bbox 477 1019 613 1073; x_wconf 81' lang='lat' dir='ltr'>Quod</span> <span class='ocrx_word' id='word_1_110' title='bbox 639 1021 988 1074; x_wconf 89' lang='lat' dir='ltr'>“prophetare”</span> <span class='ocrx_word' id='word_1_111' title='bbox 1011 1021 1238 1074; x_wconf 84' lang='lat' dir='ltr'>significet</span> <span class='ocrx_word' id='word_1_112' title='bbox 1260 1022 1427 1063; x_wconf 91' lang='lat' dir='ltr'>docere</span> <span class='ocrx_word' id='word_1_113' title='bbox 1451 1021 1671 1070; x_wconf 84' lang='lat' dir='ltr'>Verbum,</span> <span class='ocrx_word' id='word_1_114' title='bbox 1692 1027 1764 1063; x_wconf 88' lang='lat' dir='ltr'>est</span> 
     </span>
     <span class='ocr_line' id='line_1_14' title="bbox 269 1082 1764 1137; baseline 0.001 -15"><span class='ocrx_word' id='word_1_115' title='bbox 269 1083 374 1136; x_wconf 83' lang='lat' dir='ltr'>quia</span> <span class='ocrx_word' id='word_1_116' title='bbox 405 1096 484 1135; x_wconf 89' lang='lat' dir='ltr'>per</span> <span class='ocrx_word' id='word_1_117' title='bbox 518 1082 861 1136; x_wconf 85' lang='lat' dir='ltr'>“prophetam&#39;’</span> <span class='ocrx_word' id='word_1_118' title='bbox 889 1084 931 1123; x_wconf 91' lang='lat' dir='ltr'>in</span> <span class='ocrx_word' id='word_1_119' title='bbox 959 1096 1169 1136; x_wconf 88' lang='lat' dir='ltr'>supremo</span> <span class='ocrx_word' id='word_1_120' title='bbox 1202 1097 1335 1124; x_wconf 90' lang='lat' dir='ltr'>sensu</span> <span class='ocrx_word' id='word_1_121' title='bbox 1367 1083 1638 1137; x_wconf 86' lang='lat' dir='ltr'>intelligitur</span> <span class='ocrx_word' id='word_1_122' title='bbox 1670 1083 1764 1124; x_wconf 91' lang='lat' dir='ltr'>Do-</span> 
     </span>
     <span class='ocr_line' id='line_1_15' title="bbox 267 1145 1765 1200; baseline 0.001 -14"><span class='ocrx_word' id='word_1_123' title='bbox 267 1146 414 1186; x_wconf 82' lang='lat' dir='ltr'>minus</span> <span class='ocrx_word' id='word_1_124' title='bbox 440 1145 589 1199; x_wconf 87' lang='lat' dir='ltr'>quoad</span> <span class='ocrx_word' id='word_1_125' title='bbox 616 1145 834 1193; x_wconf 81' lang='lat' dir='ltr'>Verbum,</span> <span class='ocrx_word' id='word_1_126' title='bbox 862 1153 909 1187; x_wconf 92' lang='lat' dir='ltr'>et</span> <span class='ocrx_word' id='word_1_127' title='bbox 942 1147 985 1186; x_wconf 92' lang='lat' dir='ltr'>in</span> <span class='ocrx_word' id='word_1_128' title='bbox 1013 1159 1146 1186; x_wconf 90' lang='lat' dir='ltr'>sensu</span> <span class='ocrx_word' id='word_1_129' title='bbox 1173 1145 1426 1200; x_wconf 68' lang='lat' dir='ltr'>respective</span> <span class='ocrx_word' id='word_1_130' title='bbox 1451 1146 1622 1187; x_wconf 90' lang='lat' dir='ltr'>docens</span> <span class='ocrx_word' id='word_1_131' title='bbox 1648 1146 1765 1187; x_wconf 89' lang='lat' dir='ltr'>Ver-</span> 
     </span>
     <span class='ocr_line' id='line_1_16' title="bbox 268 1207 1766 1264; baseline 0.001 -15"><span class='ocrx_word' id='word_1_132' title='bbox 268 1208 390 1258; x_wconf 91' lang='lat' dir='ltr'>bum,</span> <span class='ocrx_word' id='word_1_133' title='bbox 434 1215 480 1249; x_wconf 88' lang='lat' dir='ltr'>at</span> <span class='ocrx_word' id='word_1_134' title='bbox 527 1209 570 1249; x_wconf 91' lang='lat' dir='ltr'>in</span> <span class='ocrx_word' id='word_1_135' title='bbox 618 1222 751 1249; x_wconf 87' lang='lat' dir='ltr'>sensu</span> <span class='ocrx_word' id='word_1_136' title='bbox 797 1207 1030 1250; x_wconf 58' lang='lat' dir='ltr'>abstracto</span> <span class='ocrx_word' id='word_1_137' title='bbox 1070 1210 1214 1263; x_wconf 74' lang='lat' dir='ltr'>ipsum</span> <span class='ocrx_word' id='word_1_138' title='bbox 1258 1209 1461 1250; x_wconf 88' lang='lat' dir='ltr'>Verbum</span> <span class='ocrx_word' id='word_1_139' title='bbox 1501 1216 1549 1251; x_wconf 92' lang='lat' dir='ltr'>et</span> <span class='ocrx_word' id='word_1_140' title='bbox 1589 1224 1766 1264; x_wconf 89' lang='lat' dir='ltr'>quoque</span> 
     </span>
     <span class='ocr_line' id='line_1_17' title="bbox 267 1269 1764 1326; baseline 0.001 -14"><span class='ocrx_word' id='word_1_141' title='bbox 267 1269 474 1312; x_wconf 62' lang='lat' dir='ltr'>doctrina</span> <span class='ocrx_word' id='word_1_142' title='bbox 506 1286 529 1312; x_wconf 91' lang='lat' dir='ltr'>e</span> <span class='ocrx_word' id='word_1_143' title='bbox 563 1271 744 1313; x_wconf 89' lang='lat' dir='ltr'>Verbo:</span> <span class='ocrx_word' id='word_1_144' title='bbox 788 1272 899 1313; x_wconf 89' lang='lat' dir='ltr'>haec</span> <span class='ocrx_word' id='word_1_145' title='bbox 938 1286 1016 1326; x_wconf 89' lang='lat' dir='ltr'>per</span> <span class='ocrx_word' id='word_1_146' title='bbox 1050 1273 1360 1326; x_wconf 88' lang='lat' dir='ltr'>“prophetam</span> <span class='ocrx_word' id='word_1_147' title='bbox 1375 1272 1393 1287; x_wconf 95' lang='lat'>&#39;’</span> <span class='ocrx_word' id='word_1_148' title='bbox 1426 1272 1764 1326; x_wconf 87' lang='lat' dir='ltr'>significantur;</span> 
     </span>
     <span class='ocr_line' id='line_1_18' title="bbox 267 1334 1765 1390; baseline 0.001 -15"><span class='ocrx_word' id='word_1_149' title='bbox 267 1334 374 1375; x_wconf 89' lang='lat' dir='ltr'>inde</span> <span class='ocrx_word' id='word_1_150' title='bbox 398 1348 476 1388; x_wconf 91' lang='lat' dir='ltr'>per</span> <span class='ocrx_word' id='word_1_151' title='bbox 501 1334 813 1388; x_wconf 87' lang='lat' dir='ltr'>“prophetare</span> <span class='ocrx_word' id='word_1_152' title='bbox 826 1335 845 1349; x_wconf 90' lang='lat'>&#39;&#39;</span> <span class='ocrx_word' id='word_1_153' title='bbox 864 1335 1143 1388; x_wconf 84' lang='lat' dir='ltr'>significatur</span> <span class='ocrx_word' id='word_1_154' title='bbox 1161 1336 1324 1376; x_wconf 90' lang='lat' dir='ltr'>docere</span> <span class='ocrx_word' id='word_1_155' title='bbox 1349 1335 1565 1385; x_wconf 89' lang='lat' dir='ltr'>Verbum,</span> <span class='ocrx_word' id='word_1_156' title='bbox 1586 1342 1632 1377; x_wconf 91' lang='lat' dir='ltr'>et</span> <span class='ocrx_word' id='word_1_157' title='bbox 1655 1350 1765 1390; x_wconf 92' lang='lat' dir='ltr'>quo-</span> 
     </span>
     <span class='ocr_line' id='line_1_19' title="bbox 268 1395 1766 1452; baseline 0.001 -14"><span class='ocrx_word' id='word_1_158' title='bbox 268 1411 355 1451; x_wconf 92' lang='lat' dir='ltr'>que</span> <span class='ocrx_word' id='word_1_159' title='bbox 385 1395 673 1438; x_wconf 47' lang='lat' dir='ltr'>&amp;doctrinam</span> <span class='ocrx_word' id='word_1_160' title='bbox 705 1412 729 1438; x_wconf 90' lang='lat' dir='ltr'>e</span> <span class='ocrx_word' id='word_1_161' title='bbox 762 1398 931 1438; x_wconf 89' lang='lat' dir='ltr'>Verbo.</span> <span class='ocrx_word' id='word_1_162' title='bbox 995 1397 1130 1451; x_wconf 78' lang='lat' dir='ltr'>Quod</span> <span class='ocrx_word' id='word_1_163' title='bbox 1166 1398 1511 1452; x_wconf 89' lang='lat' dir='ltr'>“prophetare&#39;‘</span> <span class='ocrx_word' id='word_1_164' title='bbox 1543 1405 1589 1439; x_wconf 91' lang='lat' dir='ltr'>et</span> <span class='ocrx_word' id='word_1_165' title='bbox 1625 1403 1766 1452; x_wconf 89' lang='lat' dir='ltr'>“pro-</span> 
     </span>
     <span class='ocr_line' id='line_1_20' title="bbox 267 1461 1768 1515; baseline 0.001 -14"><span class='ocrx_word' id='word_1_166' title='bbox 267 1461 441 1515; x_wconf 86' lang='lat' dir='ltr'>pheta”</span> <span class='ocrx_word' id='word_1_167' title='bbox 468 1461 578 1502; x_wconf 91' lang='lat' dir='ltr'>talia</span> <span class='ocrx_word' id='word_1_168' title='bbox 605 1461 877 1514; x_wconf 84' lang='lat' dir='ltr'>significent,</span> <span class='ocrx_word' id='word_1_169' title='bbox 906 1468 1118 1502; x_wconf 86' lang='lat' dir='ltr'>constare</span> <span class='ocrx_word' id='word_1_170' title='bbox 1151 1468 1307 1515; x_wconf 92' lang='lat' dir='ltr'>potest</span> <span class='ocrx_word' id='word_1_171' title='bbox 1333 1476 1359 1502; x_wconf 91' lang='lat' dir='ltr'>a</span> <span class='ocrx_word' id='word_1_172' title='bbox 1391 1461 1502 1502; x_wconf 93' lang='lat' dir='ltr'>locis</span> <span class='ocrx_word' id='word_1_173' title='bbox 1534 1462 1578 1502; x_wconf 91' lang='lat' dir='ltr'>in</span> <span class='ocrx_word' id='word_1_174' title='bbox 1611 1461 1768 1503; x_wconf 92' lang='lat' dir='ltr'>Verbo</span> 
     </span>
     <span class='ocr_line' id='line_1_21' title="bbox 269 1523 1767 1578; baseline 0.001 -14"><span class='ocrx_word' id='word_1_175' title='bbox 269 1524 418 1578; x_wconf 93' lang='lat' dir='ltr'>quoad</span> <span class='ocrx_word' id='word_1_176' title='bbox 446 1537 628 1565; x_wconf 91' lang='lat' dir='ltr'>sensum</span> <span class='ocrx_word' id='word_1_177' title='bbox 655 1524 938 1578; x_wconf 88' lang='lat' dir='ltr'>spiritualem</span> <span class='ocrx_word' id='word_1_178' title='bbox 961 1523 1222 1574; x_wconf 64' lang='lat' dir='ltr'>intellectis,</span> <span class='ocrx_word' id='word_1_179' title='bbox 1248 1525 1321 1565; x_wconf 93' lang='lat' dir='ltr'>ubi</span> <span class='ocrx_word' id='word_1_180' title='bbox 1349 1531 1684 1576; x_wconf 85' lang='lat' dir='ltr'>memorantur;</span> <span class='ocrx_word' id='word_1_181' title='bbox 1718 1531 1767 1566; x_wconf 92' lang='lat' dir='ltr'>ut</span> 
     </span>
     <span class='ocr_line' id='line_1_22' title="bbox 270 1587 1187 1641; baseline 0 -13"><span class='ocrx_word' id='word_1_182' title='bbox 270 1587 317 1628; x_wconf 91' lang='lat' dir='ltr'>in</span> <span class='ocrx_word' id='word_1_183' title='bbox 343 1587 637 1641; x_wconf 88' lang='lat' dir='ltr'>sequentibus</span> <span class='ocrx_word' id='word_1_184' title='bbox 655 1587 865 1641; x_wconf 79' lang='lat' dir='ltr'>2—Apud</span> <span class='ocrx_word' id='word_1_185' title='bbox 893 1587 1187 1636; x_wconf 76' lang='lat' dir='ltr'>Mattlzaemn,</span> 
     </span>
    </p>
   </div>
   <div class='ocr_carea' id='block_1_4' title="bbox 336 1689 1769 1863">
    <p class='ocr_par' dir='ltr' id='par_1_5' title="bbox 336 1689 1769 1863">
     <span class='ocr_line' id='line_1_23' title="bbox 336 1689 1767 1731; baseline 0.001 -10"><span class='ocrx_word' id='word_1_186' title='bbox 336 1689 471 1721; x_wconf 83' lang='lat' dir='ltr'>“Multi</span> <span class='ocrx_word' id='word_1_187' title='bbox 496 1689 615 1721; x_wconf 89' lang='lat' dir='ltr'>dicent</span> <span class='ocrx_word' id='word_1_188' title='bbox 642 1689 731 1721; x_wconf 89' lang='lat' dir='ltr'>Mihi</span> <span class='ocrx_word' id='word_1_189' title='bbox 757 1690 793 1721; x_wconf 92' lang='lat' dir='ltr'>in</span> <span class='ocrx_word' id='word_1_190' title='bbox 819 1691 876 1721; x_wconf 85' lang='lat' dir='ltr'>die</span> <span class='ocrx_word' id='word_1_191' title='bbox 902 1690 977 1727; x_wconf 90' lang='lat' dir='ltr'>illo,</span> <span class='ocrx_word' id='word_1_192' title='bbox 1007 1689 1175 1728; x_wconf 87' lang='lat' dir='ltr'>Domine,</span> <span class='ocrx_word' id='word_1_193' title='bbox 1204 1690 1371 1728; x_wconf 84' lang='lat' dir='ltr'>Domine,</span> <span class='ocrx_word' id='word_1_194' title='bbox 1397 1701 1520 1722; x_wconf 88' lang='lat' dir='ltr'>nonne</span> <span class='ocrx_word' id='word_1_195' title='bbox 1545 1700 1608 1731; x_wconf 91' lang='lat' dir='ltr'>per</span> <span class='ocrx_word' id='word_1_196' title='bbox 1632 1701 1767 1722; x_wconf 91' lang='lat' dir='ltr'>nomen</span> 
     </span>
     <span class='ocr_line' id='line_1_24' title="bbox 445 1734 1769 1775; baseline 0.002 -11"><span class='ocrx_word' id='word_1_197' title='bbox 445 1740 545 1764; x_wconf 84' lang='lat' dir='ltr'>tuum</span> <span class='ocrx_word' id='word_1_198' title='bbox 567 1734 871 1774; x_wconf 84' lang='lat' dir='ltr'>prophetavimus,</span> <span class='ocrx_word' id='word_1_199' title='bbox 893 1740 928 1765; x_wconf 87' lang='lat' dir='ltr'>et</span> <span class='ocrx_word' id='word_1_200' title='bbox 953 1743 1016 1774; x_wconf 91' lang='lat' dir='ltr'>per</span> <span class='ocrx_word' id='word_1_201' title='bbox 1039 1743 1174 1765; x_wconf 89' lang='lat' dir='ltr'>nomen</span> <span class='ocrx_word' id='word_1_202' title='bbox 1196 1740 1295 1765; x_wconf 85' lang='lat' dir='ltr'>tuum</span> <span class='ocrx_word' id='word_1_203' title='bbox 1317 1735 1509 1766; x_wconf 83' lang='lat' dir='ltr'>daemonia</span> <span class='ocrx_word' id='word_1_204' title='bbox 1528 1735 1710 1775; x_wconf 90' lang='lat' dir='ltr'>ejecimus,</span> <span class='ocrx_word' id='word_1_205' title='bbox 1732 1742 1769 1766; x_wconf 89' lang='lat' dir='ltr'>et</span> 
     </span>
     <span class='ocr_line' id='line_1_25' title="bbox 445 1777 1768 1816; baseline 0.002 -8"><span class='ocrx_word' id='word_1_206' title='bbox 445 1777 481 1808; x_wconf 88' lang='lat' dir='ltr'>in</span> <span class='ocrx_word' id='word_1_207' title='bbox 500 1777 648 1808; x_wconf 90' lang='lat' dir='ltr'>nomine</span> <span class='ocrx_word' id='word_1_208' title='bbox 666 1784 727 1808; x_wconf 93' lang='lat' dir='ltr'>tuo</span> <span class='ocrx_word' id='word_1_209' title='bbox 747 1778 897 1809; x_wconf 84' lang='lat' dir='ltr'>virtutes</span> <span class='ocrx_word' id='word_1_210' title='bbox 914 1778 1047 1809; x_wconf 90' lang='lat' dir='ltr'>multas</span> <span class='ocrx_word' id='word_1_211' title='bbox 1062 1777 1237 1810; x_wconf 79' lang='lat' dir='ltr'>fecimus?</span> <span class='ocrx_word' id='word_1_212' title='bbox 1282 1778 1351 1809; x_wconf 90' lang='lat' dir='ltr'>Sed</span> <span class='ocrx_word' id='word_1_213' title='bbox 1369 1784 1453 1810; x_wconf 91' lang='lat' dir='ltr'>tunc</span> <span class='ocrx_word' id='word_1_214' title='bbox 1470 1778 1668 1810; x_wconf 88' lang='lat' dir='ltr'>confitebor</span> <span class='ocrx_word' id='word_1_215' title='bbox 1685 1779 1768 1816; x_wconf 88' lang='lat' dir='ltr'>illis,</span> 
     </span>
     <span class='ocr_line' id='line_1_26' title="bbox 447 1821 1768 1863; baseline 0.002 -11"><span class='ocrx_word' id='word_1_216' title='bbox 447 1821 530 1852; x_wconf 91' lang='lat' dir='ltr'>Non</span> <span class='ocrx_word' id='word_1_217' title='bbox 557 1821 642 1852; x_wconf 89' lang='lat' dir='ltr'>novi</span> <span class='ocrx_word' id='word_1_218' title='bbox 667 1831 755 1857; x_wconf 88' lang='lat' dir='ltr'>vos;</span> <span class='ocrx_word' id='word_1_219' title='bbox 786 1821 958 1852; x_wconf 81' lang='lat' dir='ltr'>discedite</span> <span class='ocrx_word' id='word_1_220' title='bbox 984 1831 1005 1852; x_wconf 88' lang='lat' dir='ltr'>a</span> <span class='ocrx_word' id='word_1_221' title='bbox 1030 1821 1101 1859; x_wconf 91' lang='lat' dir='ltr'>Me,</span> <span class='ocrx_word' id='word_1_222' title='bbox 1127 1827 1320 1862; x_wconf 85' lang='lat' dir='ltr'>operantes</span> <span class='ocrx_word' id='word_1_223' title='bbox 1345 1821 1570 1863; x_wconf 87' lang='lat' dir='ltr'>iniquitatem</span> <span class='ocrx_word' id='word_1_224' title='bbox 1584 1821 1601 1833; x_wconf 75' lang='lat'>&#39;¹</span> <span class='ocrx_word' id='word_1_225' title='bbox 1622 1822 1694 1861; x_wconf 90' lang='lat' dir='ltr'>(vii.</span> <span class='ocrx_word' id='word_1_226' title='bbox 1716 1830 1768 1858; x_wconf 81' lang='lat'>22.</span> 
     </span>
    </p>
   </div>
   <div class='ocr_carea' id='block_1_5' title="bbox 447 1865 522 1904">
    <p class='ocr_par' dir='ltr' id='par_1_6' title="bbox 447 1865 522 1904">
     <span class='ocr_line' id='line_1_27' title="bbox 447 1865 522 1904; baseline 0 -8"><span class='ocrx_word' id='word_1_227' title='bbox 447 1865 501 1904; x_wconf 87' lang='lat'>23)</span> <span class='ocrx_word' id='word_1_228' title='bbox 515 1876 522 1896; x_wconf 93' lang='lat'>:</span> 
     </span>
    </p>
   </div>
   <div class='ocr_carea' id='block_1_6' title="bbox 271 1966 1770 2967">
    <p class='ocr_par' dir='ltr' id='par_1_7' title="bbox 271 1966 1770 2967">
     <span class='ocr_line' id='line_1_28' title="bbox 271 1966 1770 2021; baseline -0.001 -12"><span class='ocrx_word' id='word_1_229' title='bbox 271 1968 421 2021; x_wconf 86' lang='lat' dir='ltr'>agitur</span> <span class='ocrx_word' id='word_1_230' title='bbox 452 1967 511 2008; x_wconf 89' lang='lat' dir='ltr'>ibi</span> <span class='ocrx_word' id='word_1_231' title='bbox 543 1967 599 2008; x_wconf 92' lang='lat' dir='ltr'>de</span> <span class='ocrx_word' id='word_1_232' title='bbox 632 1967 902 2016; x_wconf 82' lang='lat' dir='ltr'>salvatione,</span> <span class='ocrx_word' id='word_1_233' title='bbox 937 1967 1057 2021; x_wconf 92' lang='lat' dir='ltr'>quod</span> <span class='ocrx_word' id='word_1_234' title='bbox 1098 1981 1260 2021; x_wconf 90' lang='lat' dir='ltr'>nempe</span> <span class='ocrx_word' id='word_1_235' title='bbox 1293 1980 1427 2008; x_wconf 89' lang='lat' dir='ltr'>nemo</span> <span class='ocrx_word' id='word_1_236' title='bbox 1459 1966 1660 2008; x_wconf 85' lang='lat' dir='ltr'>salvetur</span> <span class='ocrx_word' id='word_1_237' title='bbox 1691 1981 1770 2021; x_wconf 90' lang='lat' dir='ltr'>per</span> 
     </span>
     <span class='ocr_line' id='line_1_29' title="bbox 271 2030 1769 2085; baseline -0.001 -13"><span class='ocrx_word' id='word_1_238' title='bbox 271 2032 318 2072; x_wconf 93' lang='lat' dir='ltr'>id</span> <span class='ocrx_word' id='word_1_239' title='bbox 355 2031 474 2085; x_wconf 91' lang='lat' dir='ltr'>quod</span> <span class='ocrx_word' id='word_1_240' title='bbox 508 2031 622 2071; x_wconf 89' lang='lat' dir='ltr'>sciat</span> <span class='ocrx_word' id='word_1_241' title='bbox 661 2030 863 2071; x_wconf 91' lang='lat' dir='ltr'>Verbum</span> <span class='ocrx_word' id='word_1_242' title='bbox 901 2037 947 2071; x_wconf 90' lang='lat' dir='ltr'>et</span> <span class='ocrx_word' id='word_1_243' title='bbox 986 2031 1149 2071; x_wconf 86' lang='lat' dir='ltr'>doceat</span> <span class='ocrx_word' id='word_1_244' title='bbox 1182 2030 1306 2079; x_wconf 92' lang='lat' dir='ltr'>illud,</span> <span class='ocrx_word' id='word_1_245' title='bbox 1341 2031 1420 2071; x_wconf 89' lang='lat' dir='ltr'>sed</span> <span class='ocrx_word' id='word_1_246' title='bbox 1459 2045 1538 2084; x_wconf 90' lang='lat' dir='ltr'>per</span> <span class='ocrx_word' id='word_1_247' title='bbox 1574 2031 1617 2071; x_wconf 90' lang='lat' dir='ltr'>id</span> <span class='ocrx_word' id='word_1_248' title='bbox 1649 2031 1769 2085; x_wconf 90' lang='lat' dir='ltr'>quod</span> 
     </span>
     <span class='ocr_line' id='line_1_30' title="bbox 272 2094 1768 2148; baseline -0.001 -12"><span class='ocrx_word' id='word_1_249' title='bbox 272 2095 408 2136; x_wconf 84' lang='lat' dir='ltr'>faciat</span> <span class='ocrx_word' id='word_1_250' title='bbox 442 2094 580 2145; x_wconf 89' lang='lat' dir='ltr'>illud;</span> <span class='ocrx_word' id='word_1_251' title='bbox 620 2095 663 2135; x_wconf 90' lang='lat' dir='ltr'>in</span> <span class='ocrx_word' id='word_1_252' title='bbox 696 2094 1074 2135; x_wconf 83' lang='lat' dir='ltr'>antecedentibus</span> <span class='ocrx_word' id='word_1_253' title='bbox 1107 2095 1225 2135; x_wconf 89' lang='lat' dir='ltr'>enim</span> <span class='ocrx_word' id='word_1_254' title='bbox 1258 2095 1421 2135; x_wconf 91' lang='lat' dir='ltr'>dicitur</span> <span class='ocrx_word' id='word_1_255' title='bbox 1447 2094 1567 2148; x_wconf 92' lang='lat' dir='ltr'>quod</span> <span class='ocrx_word' id='word_1_256' title='bbox 1599 2094 1663 2135; x_wconf 88' lang='lat' dir='ltr'>illi</span> <span class='ocrx_word' id='word_1_257' title='bbox 1695 2108 1768 2135; x_wconf 92' lang='lat' dir='ltr'>so-</span> 
     </span>
     <span class='ocr_line' id='line_1_31' title="bbox 273 2157 1769 2211; baseline -0.001 -12"><span class='ocrx_word' id='word_1_258' title='bbox 273 2159 367 2199; x_wconf 93' lang='lat' dir='ltr'>lum</span> <span class='ocrx_word' id='word_1_259' title='bbox 394 2159 602 2199; x_wconf 88' lang='lat' dir='ltr'>intraturi</span> <span class='ocrx_word' id='word_1_260' title='bbox 629 2159 718 2198; x_wconf 89' lang='lat' dir='ltr'>sint</span> <span class='ocrx_word' id='word_1_261' title='bbox 746 2171 936 2211; x_wconf 85' lang='lat' dir='ltr'>regnum</span> <span class='ocrx_word' id='word_1_262' title='bbox 962 2157 1190 2198; x_wconf 89' lang='lat' dir='ltr'>caelorum</span> <span class='ocrx_word' id='word_1_263' title='bbox 1220 2158 1329 2211; x_wconf 81' lang='lat' dir='ltr'>“qui</span> <span class='ocrx_word' id='word_1_264' title='bbox 1361 2157 1528 2198; x_wconf 88' lang='lat' dir='ltr'>faciunt</span> <span class='ocrx_word' id='word_1_265' title='bbox 1556 2157 1769 2198; x_wconf 89' lang='lat' dir='ltr'>volunta-</span> 
     </span>
     <span class='ocr_line' id='line_1_32' title="bbox 272 2220 1767 2274; baseline -0.001 -11"><span class='ocrx_word' id='word_1_266' title='bbox 272 2228 368 2268; x_wconf 83' lang='lat' dir='ltr'>tem</span> <span class='ocrx_word' id='word_1_267' title='bbox 402 2222 485 2262; x_wconf 89' lang='lat' dir='ltr'>Dei</span> <span class='ocrx_word' id='word_1_268' title='bbox 499 2221 517 2236; x_wconf 94' lang='lat'>&#39;&#39;</span> <span class='ocrx_word' id='word_1_269' title='bbox 547 2220 681 2274; x_wconf 85' lang='lat' dir='ltr'>(vers.</span> <span class='ocrx_word' id='word_1_270' title='bbox 710 2221 782 2274; x_wconf 89' lang='lat'>21)</span> <span class='ocrx_word' id='word_1_271' title='bbox 807 2236 815 2271; x_wconf 89' lang='lat'>;</span> <span class='ocrx_word' id='word_1_272' title='bbox 859 2228 904 2261; x_wconf 89' lang='lat' dir='ltr'>et</span> <span class='ocrx_word' id='word_1_273' title='bbox 938 2222 981 2261; x_wconf 91' lang='lat' dir='ltr'>in</span> <span class='ocrx_word' id='word_1_274' title='bbox 1014 2221 1320 2274; x_wconf 83' lang='lat' dir='ltr'>sequentibus,</span> <span class='ocrx_word' id='word_1_275' title='bbox 1349 2221 1469 2274; x_wconf 90' lang='lat' dir='ltr'>quod</span> <span class='ocrx_word' id='word_1_276' title='bbox 1499 2222 1610 2274; x_wconf 90' lang='lat' dir='ltr'>“qui</span> <span class='ocrx_word' id='word_1_277' title='bbox 1642 2221 1767 2262; x_wconf 90' lang='lat' dir='ltr'>audit</span> 
     </span>
     <span class='ocr_line' id='line_1_33' title="bbox 279 2283 1769 2337; baseline 0 -13"><span class='ocrx_word' id='word_1_278' title='bbox 279 2285 417 2325; x_wconf 90' lang='lat' dir='ltr'>verba</span> <span class='ocrx_word' id='word_1_279' title='bbox 445 2284 627 2324; x_wconf 92' lang='lat' dir='ltr'>Domini</span> <span class='ocrx_word' id='word_1_280' title='bbox 654 2291 700 2325; x_wconf 91' lang='lat' dir='ltr'>et</span> <span class='ocrx_word' id='word_1_281' title='bbox 728 2284 833 2325; x_wconf 88' lang='lat' dir='ltr'>facit</span> <span class='ocrx_word' id='word_1_282' title='bbox 860 2283 969 2324; x_wconf 84' lang='lat' dir='ltr'>illa’&#39;</span> <span class='ocrx_word' id='word_1_283' title='bbox 991 2285 1049 2325; x_wconf 92' lang='lat' dir='ltr'>sit</span> <span class='ocrx_word' id='word_1_284' title='bbox 1076 2285 1141 2324; x_wconf 90' lang='lat' dir='ltr'>vir</span> <span class='ocrx_word' id='word_1_285' title='bbox 1168 2284 1378 2336; x_wconf 82' lang='lat' dir='ltr'>prudenS,</span> <span class='ocrx_word' id='word_1_286' title='bbox 1403 2284 1482 2324; x_wconf 90' lang='lat' dir='ltr'>sed</span> <span class='ocrx_word' id='word_1_287' title='bbox 1509 2285 1619 2337; x_wconf 89' lang='lat' dir='ltr'>“qui</span> <span class='ocrx_word' id='word_1_288' title='bbox 1643 2283 1769 2324; x_wconf 91' lang='lat' dir='ltr'>audit</span> 
     </span>
     <span class='ocr_line' id='line_1_34' title="bbox 277 2345 1769 2400; baseline -0.001 -12"><span class='ocrx_word' id='word_1_289' title='bbox 277 2354 324 2389; x_wconf 92' lang='lat' dir='ltr'>et</span> <span class='ocrx_word' id='word_1_290' title='bbox 351 2361 442 2388; x_wconf 92' lang='lat' dir='ltr'>non</span> <span class='ocrx_word' id='word_1_291' title='bbox 468 2347 574 2387; x_wconf 90' lang='lat' dir='ltr'>facit</span> <span class='ocrx_word' id='word_1_292' title='bbox 591 2346 610 2362; x_wconf 86' lang='lat'>’&#39;</span> <span class='ocrx_word' id='word_1_293' title='bbox 633 2348 690 2388; x_wconf 91' lang='lat' dir='ltr'>sit</span> <span class='ocrx_word' id='word_1_294' title='bbox 717 2348 784 2387; x_wconf 90' lang='lat' dir='ltr'>vir</span> <span class='ocrx_word' id='word_1_295' title='bbox 806 2347 975 2387; x_wconf 86' lang='lat' dir='ltr'>stultus</span> <span class='ocrx_word' id='word_1_296' title='bbox 1005 2345 1137 2400; x_wconf 87' lang='lat' dir='ltr'>(vers.</span> <span class='ocrx_word' id='word_1_297' title='bbox 1163 2346 1348 2399; x_wconf 89' lang='lat'>24—27):</span> <span class='ocrx_word' id='word_1_298' title='bbox 1383 2347 1488 2387; x_wconf 87' lang='lat' dir='ltr'>inde</span> <span class='ocrx_word' id='word_1_299' title='bbox 1511 2353 1641 2400; x_wconf 90' lang='lat' dir='ltr'>patet</span> <span class='ocrx_word' id='word_1_300' title='bbox 1664 2346 1769 2400; x_wconf 90' lang='lat' dir='ltr'>quid</span> 
     </span>
     <span class='ocr_line' id='line_1_35' title="bbox 274 2404 1768 2464; baseline -0.001 -13"><span class='ocrx_word' id='word_1_301' title='bbox 274 2425 354 2464; x_wconf 88' lang='lat' dir='ltr'>per</span> <span class='ocrx_word' id='word_1_302' title='bbox 379 2410 456 2450; x_wconf 89' lang='lat' dir='ltr'>illa</span> <span class='ocrx_word' id='word_1_303' title='bbox 482 2410 620 2450; x_wconf 90' lang='lat' dir='ltr'>verba</span> <span class='ocrx_word' id='word_1_304' title='bbox 646 2404 942 2463; x_wconf 90' lang='lat' dir='ltr'>intelligitur;</span> <span class='ocrx_word' id='word_1_305' title='bbox 981 2423 1144 2463; x_wconf 91' lang='lat' dir='ltr'>nempe</span> <span class='ocrx_word' id='word_1_306' title='bbox 1171 2409 1319 2450; x_wconf 90' lang='lat' dir='ltr'>cultus</span> <span class='ocrx_word' id='word_1_307' title='bbox 1347 2409 1531 2450; x_wconf 90' lang='lat' dir='ltr'>Domini</span> <span class='ocrx_word' id='word_1_308' title='bbox 1564 2423 1641 2463; x_wconf 93' lang='lat' dir='ltr'>per</span> <span class='ocrx_word' id='word_1_309' title='bbox 1668 2423 1768 2463; x_wconf 89' lang='lat' dir='ltr'>pre-</span> 
     </span>
     <span class='ocr_line' id='line_1_36' title="bbox 275 2472 1769 2526; baseline -0.001 -12"><span class='ocrx_word' id='word_1_310' title='bbox 275 2486 350 2514; x_wconf 88' lang='lat' dir='ltr'>ces</span> <span class='ocrx_word' id='word_1_311' title='bbox 378 2479 423 2514; x_wconf 92' lang='lat' dir='ltr'>et</span> <span class='ocrx_word' id='word_1_312' title='bbox 451 2487 529 2526; x_wconf 91' lang='lat' dir='ltr'>per</span> <span class='ocrx_word' id='word_1_313' title='bbox 555 2473 692 2513; x_wconf 89' lang='lat' dir='ltr'>verba</span> <span class='ocrx_word' id='word_1_314' title='bbox 715 2474 803 2513; x_wconf 88' lang='lat' dir='ltr'>oris</span> <span class='ocrx_word' id='word_1_315' title='bbox 831 2472 992 2521; x_wconf 89' lang='lat' dir='ltr'>solum,</span> <span class='ocrx_word' id='word_1_316' title='bbox 1018 2472 1288 2525; x_wconf 86' lang='lat' dir='ltr'>intelligitur</span> <span class='ocrx_word' id='word_1_317' title='bbox 1311 2486 1389 2525; x_wconf 92' lang='lat' dir='ltr'>per</span> <span class='ocrx_word' id='word_1_318' title='bbox 1414 2472 1588 2513; x_wconf 90' lang='lat' dir='ltr'>“Multi</span> <span class='ocrx_word' id='word_1_319' title='bbox 1615 2473 1769 2513; x_wconf 91' lang='lat' dir='ltr'>dicent</span> 
     </span>
     <span class='ocr_line' id='line_1_37' title="bbox 278 2535 1768 2585; baseline -0.001 -9"><span class='ocrx_word' id='word_1_320' title='bbox 278 2536 390 2576; x_wconf 87' lang='lat' dir='ltr'>Mihi</span> <span class='ocrx_word' id='word_1_321' title='bbox 412 2537 456 2576; x_wconf 91' lang='lat' dir='ltr'>in</span> <span class='ocrx_word' id='word_1_322' title='bbox 480 2535 558 2576; x_wconf 92' lang='lat' dir='ltr'>illo</span> <span class='ocrx_word' id='word_1_323' title='bbox 581 2536 667 2584; x_wconf 88' lang='lat' dir='ltr'>die,</span> <span class='ocrx_word' id='word_1_324' title='bbox 688 2536 896 2583; x_wconf 88' lang='lat' dir='ltr'>Domine,</span> <span class='ocrx_word' id='word_1_325' title='bbox 920 2536 1114 2576; x_wconf 91' lang='lat' dir='ltr'>Domine</span> <span class='ocrx_word' id='word_1_326' title='bbox 1133 2535 1166 2585; x_wconf 89' lang='lat'>;’&#39;</span> <span class='ocrx_word' id='word_1_327' title='bbox 1190 2535 1352 2575; x_wconf 90' lang='lat' dir='ltr'>docere</span> <span class='ocrx_word' id='word_1_328' title='bbox 1369 2535 1570 2575; x_wconf 91' lang='lat' dir='ltr'>Verbum</span> <span class='ocrx_word' id='word_1_329' title='bbox 1593 2541 1639 2576; x_wconf 93' lang='lat' dir='ltr'>et</span> <span class='ocrx_word' id='word_1_330' title='bbox 1658 2535 1768 2576; x_wconf 94' lang='lat' dir='ltr'>doc-</span> 
     </span>
     <span class='ocr_line' id='line_1_38' title="bbox 277 2598 1765 2652; baseline -0.001 -13"><span class='ocrx_word' id='word_1_331' title='bbox 277 2598 458 2640; x_wconf 89' lang='lat' dir='ltr'>trinalia</span> <span class='ocrx_word' id='word_1_332' title='bbox 481 2613 504 2639; x_wconf 91' lang='lat' dir='ltr'>e</span> <span class='ocrx_word' id='word_1_333' title='bbox 528 2598 696 2645; x_wconf 91' lang='lat' dir='ltr'>Verbo,</span> <span class='ocrx_word' id='word_1_334' title='bbox 722 2598 994 2652; x_wconf 85' lang='lat' dir='ltr'>intelligitur</span> <span class='ocrx_word' id='word_1_335' title='bbox 1016 2612 1094 2652; x_wconf 89' lang='lat' dir='ltr'>per</span> <span class='ocrx_word' id='word_1_336' title='bbox 1119 2598 1322 2638; x_wconf 91' lang='lat' dir='ltr'>“Nonne</span> <span class='ocrx_word' id='word_1_337' title='bbox 1349 2612 1428 2651; x_wconf 91' lang='lat' dir='ltr'>per</span> <span class='ocrx_word' id='word_1_338' title='bbox 1450 2611 1616 2639; x_wconf 92' lang='lat' dir='ltr'>nomen</span> <span class='ocrx_word' id='word_1_339' title='bbox 1640 2605 1765 2639; x_wconf 90' lang='lat' dir='ltr'>tuum</span> 
     </span>
     <span class='ocr_line' id='line_1_39' title="bbox 275 2660 1766 2715; baseline 0 -14"><span class='ocrx_word' id='word_1_340' title='bbox 275 2661 648 2715; x_wconf 87' lang='lat' dir='ltr'>prophetavimus</span> <span class='ocrx_word' id='word_1_341' title='bbox 665 2662 703 2702; x_wconf 89' lang='lat'>?”</span> <span class='ocrx_word' id='word_1_342' title='bbox 736 2676 814 2715; x_wconf 89' lang='lat' dir='ltr'>per</span> <span class='ocrx_word' id='word_1_343' title='bbox 834 2666 858 2681; x_wconf 89' lang='lat'><strong>“</strong></span> <span class='ocrx_word' id='word_1_344' title='bbox 872 2661 1069 2702; x_wconf 87' lang='lat' dir='ltr'>nomen&#39;&#39;</span> <span class='ocrx_word' id='word_1_345' title='bbox 1088 2660 1366 2714; x_wconf 86' lang='lat' dir='ltr'>significatur</span> <span class='ocrx_word' id='word_1_346' title='bbox 1389 2661 1635 2701; x_wconf 89' lang='lat' dir='ltr'>secundum</span> <span class='ocrx_word' id='word_1_347' title='bbox 1658 2661 1766 2701; x_wconf 91' lang='lat' dir='ltr'>doc-</span> 
     </span>
     <span class='ocr_line' id='line_1_40' title="bbox 276 2723 1766 2778; baseline -0.001 -13"><span class='ocrx_word' id='word_1_348' title='bbox 276 2726 442 2766; x_wconf 87' lang='lat' dir='ltr'>trinam</span> <span class='ocrx_word' id='word_1_349' title='bbox 470 2739 493 2765; x_wconf 93' lang='lat' dir='ltr'>e</span> <span class='ocrx_word' id='word_1_350' title='bbox 521 2724 690 2773; x_wconf 87' lang='lat' dir='ltr'>Verbo,</span> <span class='ocrx_word' id='word_1_351' title='bbox 719 2731 765 2765; x_wconf 89' lang='lat' dir='ltr'>et</span> <span class='ocrx_word' id='word_1_352' title='bbox 799 2739 877 2778; x_wconf 90' lang='lat' dir='ltr'>per</span> <span class='ocrx_word' id='word_1_353' title='bbox 906 2723 1251 2778; x_wconf 88' lang='lat' dir='ltr'>“prophetare‘&#39;</span> <span class='ocrx_word' id='word_1_354' title='bbox 1274 2723 1553 2776; x_wconf 85' lang='lat' dir='ltr'>significatur</span> <span class='ocrx_word' id='word_1_355' title='bbox 1578 2724 1766 2764; x_wconf 87' lang='lat' dir='ltr'>docere:</span> 
     </span>
     <span class='ocr_line' id='line_1_41' title="bbox 276 2786 1766 2841; baseline -0.001 -13"><span class='ocrx_word' id='word_1_356' title='bbox 276 2801 356 2841; x_wconf 89' lang='lat' dir='ltr'>per</span> <span class='ocrx_word' id='word_1_357' title='bbox 381 2788 658 2828; x_wconf 86' lang='lat' dir='ltr'>“daemonia</span> <span class='ocrx_word' id='word_1_358' title='bbox 685 2787 876 2840; x_wconf 88' lang='lat' dir='ltr'>ejicere”</span> <span class='ocrx_word' id='word_1_359' title='bbox 900 2787 1180 2840; x_wconf 88' lang='lat' dir='ltr'>significatur</span> <span class='ocrx_word' id='word_1_360' title='bbox 1205 2801 1228 2827; x_wconf 91' lang='lat' dir='ltr'>e</span> <span class='ocrx_word' id='word_1_361' title='bbox 1255 2787 1376 2827; x_wconf 88' lang='lat' dir='ltr'>falsis</span> <span class='ocrx_word' id='word_1_362' title='bbox 1399 2786 1628 2840; x_wconf 83' lang='lat' dir='ltr'>religionis</span> <span class='ocrx_word' id='word_1_363' title='bbox 1655 2786 1766 2827; x_wconf 92' lang='lat' dir='ltr'>libe-</span> 
     </span>
     <span class='ocr_line' id='line_1_42' title="bbox 275 2849 1767 2903; baseline 0 -13"><span class='ocrx_word' id='word_1_364' title='bbox 275 2864 400 2900; x_wconf 85' lang='lat' dir='ltr'>rare;</span> <span class='ocrx_word' id='word_1_365' title='bbox 452 2850 759 2891; x_wconf 86' lang='lat' dir='ltr'>“daemonia”</span> <span class='ocrx_word' id='word_1_366' title='bbox 801 2857 906 2891; x_wconf 90' lang='lat' dir='ltr'>sunt</span> <span class='ocrx_word' id='word_1_367' title='bbox 951 2849 1065 2890; x_wconf 88' lang='lat' dir='ltr'>falsa</span> <span class='ocrx_word' id='word_1_368' title='bbox 1109 2849 1363 2903; x_wconf 85' lang='lat' dir='ltr'>religionis:</span> <span class='ocrx_word' id='word_1_369' title='bbox 1417 2864 1495 2903; x_wconf 90' lang='lat' dir='ltr'>per</span> <span class='ocrx_word' id='word_1_370' title='bbox 1538 2850 1767 2890; x_wconf 88' lang='lat' dir='ltr'>“virtutes</span> 
     </span>
     <span class='ocr_line' id='line_1_43' title="bbox 277 2912 1766 2967; baseline -0.002 -12"><span class='ocrx_word' id='word_1_371' title='bbox 277 2914 444 2962; x_wconf 82' lang='lat' dir='ltr'>multas</span> <span class='ocrx_word' id='word_1_372' title='bbox 485 2913 661 2955; x_wconf 80' lang='lat' dir='ltr'>facere’‘</span> <span class='ocrx_word' id='word_1_373' title='bbox 698 2913 978 2966; x_wconf 88' lang='lat' dir='ltr'>significatur</span> <span class='ocrx_word' id='word_1_374' title='bbox 1018 2913 1173 2967; x_wconf 84' lang='lat' dir='ltr'>plures·</span> <span class='ocrx_word' id='word_1_375' title='bbox 1209 2919 1499 2954; x_wconf 88' lang='lat' dir='ltr'>convertere:</span> <span class='ocrx_word' id='word_1_376' title='bbox 1545 2912 1624 2954; x_wconf 90' lang='lat' dir='ltr'>sed</span> <span class='ocrx_word' id='word_1_377' title='bbox 1665 2913 1766 2966; x_wconf 90' lang='lat' dir='ltr'>quia</span> 
     </span>
    </p>
   </div>
  </div>
 </body>
</html>
