1962 3334
250 317 357 359 1440
659 314 993 347 APOCALYPSIS
1024 314 1324 348 EXPLICATA.

239 429 317 470 illa
339 435 635 478 evanescunt,
660 443 719 470 ex
742 442 879 470 causa
900 429 1002 482 quia
1028 435 1132 470 sunt
1155 436 1348 471 externa
1375 431 1418 471 in
1442 431 1600 485 quibus
1623 431 1732 473 nihil

239 492 493 542 internum;
532 492 650 533 tales
681 492 892 541 visiones,
926 492 1028 545 quia
1059 506 1119 532 ex
1156 492 1409 546 phantasiis
1441 501 1560 543 sunt,
1594 495 1733 548 signi-

239 553 377 595 ficant
413 555 629 604 fallacias,
668 555 771 609 quia
807 554 969 595 fallunt
1006 569 1178 603 sensus,
1217 562 1264 596 et
1305 556 1529 598 fallaciter
1566 558 1732 600 sistunt

239 617 400 658 similia
439 618 660 659 realibus:
707 618 920 671 quoniam
962 617 1047 658 hae
1093 625 1198 659 sunt
1243 632 1356 672 quae
1402 619 1730 672 significantur,

238 681 340 721 ideo
377 681 552 730 dicitur,
595 680 740 721 “Vidi
777 694 918 734 equos
954 681 998 721 in
1036 681 1246 722 visione.''
1320 680 1546 734 Quoniam
1586 684 1735 736 agitur

237 743 310 784 hic
349 744 405 784 de
442 743 866 784 ratiocinationibus
903 757 963 784 ex
999 743 1201 791 fallaciis,
1241 744 1481 786 dicendum
1520 752 1591 787 est
1627 746 1732 799 quid

239 806 459 848 fallaciae.
523 807 704 848 Dantur
735 806 942 847 fallaciae
974 807 1018 847 in
1046 806 1340 855 naturalibus,
1369 809 1412 848 in
1445 808 1661 857 civilibus,
1689 810 1733 850 in

241 871 499 919 moralibus,
529 877 575 911 et
607 871 651 910 in
678 870 996 923 spiritualibus,
1026 870 1226 921 multae;
1261 871 1340 911 sed
1367 872 1469 924 quia
1501 885 1579 925 per
1604 871 1732 913 falla-

238 933 331 973 cias
363 933 434 974 hic
467 933 784 986 intelliguntur
814 932 1020 974 fallaciae
1053 934 1096 973 in
1130 933 1451 987 spiritualibus,
1486 933 1622 975 velim
1655 948 1734 988 per

238 995 389 1049 aliqua
416 996 630 1049 exempla
656 996 884 1037 illustrare
911 996 1016 1050 quid
1055 1003 1102 1037 et
1135 996 1292 1049 quales
1315 1002 1420 1037 sunt
1453 996 1658 1038 fallaciae
1690 997 1733 1037 in

238 1059 556 1112 spiritualibus.
618 1058 851 1100 Sensualis
874 1059 1013 1100 homo
1040 1059 1084 1099 in
1115 1059 1305 1100 fallaciis
1332 1066 1416 1108 est,
1444 1060 1547 1113 quia
1574 1073 1733 1101 omnes

238 1122 366 1163 ideae
398 1123 693 1175 cogitationis
731 1122 825 1175 ejus
859 1128 964 1163 sunt
1003 1136 1062 1163 ex
1101 1122 1270 1162 mundo
1308 1129 1354 1163 et
1392 1123 1617 1164 intrarunt
1657 1138 1734 1178 per

239 1198 398 1225 sensus
424 1186 652 1238 corporis;
690 1199 828 1239 quare
854 1185 993 1226 etiarn
1021 1199 1080 1226 ex
1108 1185 1194 1225 illis
1222 1186 1398 1238 cogitat
1427 1191 1473 1226 et
1501 1186 1733 1228 concludit

239 1248 296 1288 de
334 1248 666 1301 spiritualibus;
711 1249 858 1289 nescit
895 1249 1036 1289 etiam
1077 1248 1181 1302 quid
1220 1248 1466 1302 spirituale,
1507 1254 1553 1289 et
1591 1250 1734 1291 credit

239 1311 359 1364 quod
392 1324 483 1352 non
515 1311 682 1365 aliquid
715 1325 848 1364 supra
875 1310 1096 1352 Naturam
1129 1311 1274 1359 detur,
1304 1317 1350 1351 et
1383 1311 1419 1351 si
1451 1311 1583 1352 datur
1614 1312 1734 1365 quod

239 1374 297 1415 sit
325 1374 530 1415 naturale
555 1381 601 1415 et
625 1374 886 1415 materiale:
921 1387 1101 1427 prorsus
1129 1387 1219 1414 non
1244 1379 1399 1427 potest
1427 1387 1588 1427 capere
1615 1375 1735 1428 quod

239 1437 282 1477 in
310 1437 479 1477 mundo
506 1437 724 1491 spirituali
751 1437 917 1491 aliquid
949 1437 1123 1477 existat
1151 1436 1295 1477 simile
1329 1435 1516 1488 objectis
1543 1451 1658 1491 quae
1690 1438 1734 1478 in

240 1501 409 1542 mundo
433 1500 640 1549 naturali,
665 1500 785 1554 quod
810 1513 972 1553 nempe
995 1514 1210 1553 apparere
1237 1500 1413 1553 possint
1441 1500 1498 1539 ibi
1526 1500 1734 1553 paradisi,

241 1565 468 1611 arboreta,
497 1563 668 1612 floreta,
698 1564 856 1610 vireta,
885 1563 1068 1616 palatia,
1095 1563 1281 1613 domus;
1315 1562 1427 1603 haec
1452 1563 1608 1603 dicunt
1637 1577 1735 1604 esse

243 1627 524 1681 phantasias,
550 1627 736 1668 tametsi
763 1627 910 1667 sciunt
934 1626 1053 1680 quod
1080 1625 1240 1666 similia
1266 1626 1361 1666 visa
1384 1626 1474 1666 sint
1501 1625 1736 1679 prophetis

241 1690 422 1744 quando
448 1690 625 1730 fuerunt
658 1690 701 1730 in
729 1690 910 1743 spiritu:
951 1702 1100 1737 causa,
1130 1688 1249 1742 quod
1278 1702 1368 1728 non
1402 1689 1592 1730 credant
1627 1689 1736 1730 talia

241 1755 335 1795 dari
361 1754 404 1794 in
428 1753 597 1794 mundo
621 1751 853 1806 spirituali,
875 1758 945 1793 est
969 1752 1070 1805 quia
1094 1758 1258 1805 putant
1279 1751 1466 1792 nihilum
1490 1765 1589 1792 esse
1611 1752 1736 1805 quic-

241 1817 347 1871 quid
374 1830 465 1857 non
488 1815 628 1856 oculis
652 1816 809 1856 vident
836 1821 882 1856 et
909 1814 1059 1868 aliquo
1086 1828 1220 1855 sensu
1247 1815 1446 1867 corporis
1469 1815 1734 1868 percipiunt.

242 1879 330 1934 Qui
357 1880 531 1933 judicat
564 1893 622 1919 ex
661 1878 864 1926 fallaciis,
899 1891 1080 1931 prorsus
1113 1891 1203 1917 non
1237 1891 1397 1930 capere
1430 1883 1584 1930 potest
1617 1877 1736 1931 quod

179 1975 183 1979 .
240 1944 381 1984 homo
403 1948 508 1996 post
531 1947 726 1982 mortem
750 1941 807 1982 sit
830 1941 873 1981 in
899 1939 1096 1994 perfe5ta
1118 1941 1259 1981 forma
1283 1940 1494 1989 humana,
1514 1953 1596 1981 nec
1616 1940 1735 1994 quod

241 2006 393 2060 angeli
419 2006 462 2046 in
490 2004 566 2045 illa
588 2004 731 2045 forma
753 2004 871 2054 sint;
904 2017 1041 2057 quare
1066 2009 1237 2056 negant
1261 2003 1380 2056 quod
1404 2003 1610 2043 homines
1633 2009 1736 2056 post

242 2076 436 2111 mortem
460 2069 550 2108 sint
573 2068 742 2108 formae
765 2067 990 2107 humanae
1010 2081 1017 2116 ;
1046 2067 1200 2107 dicunt
1227 2079 1326 2106 esse
1349 2072 1608 2119 pneumata,
1633 2065 1736 2106 abs-

242 2147 327 2187 que
369 2132 524 2180 oculis,
564 2131 757 2179 auribus,
797 2130 960 2178 oribus,
1000 2129 1187 2183 proinde
1226 2129 1394 2182 absque
1430 2129 1541 2176 visu,
1580 2128 1736 2168 auditu

242 2202 289 2237 et
316 2195 510 2249 loquela,
538 2194 782 2235 volitantia
808 2194 851 2233 in
878 2207 996 2240 aere,
1024 2199 1070 2233 et
1103 2190 1423 2245 exspectantia
1449 2189 1736 2232 resurrectio-

243 2272 347 2300 nem
374 2258 586 2311 corporis,
616 2263 665 2297 ut
692 2257 893 2304 videant,
922 2256 1106 2296 audiant
1134 2262 1180 2295 et
1214 2254 1482 2307 loquantur:
1523 2255 1642 2308 quod
1674 2255 1737 2305 ita

245 2323 401 2363 dicant
419 2328 474 2362 et
503 2321 705 2368 credant,
735 2326 805 2360 est
838 2333 897 2359 ex
929 2318 1117 2359 fallaciis
1150 2330 1361 2358 sensuum
1389 2318 1601 2370 corporis.
1665 2316 1735 2357 Illi

244 2384 317 2437 qui
340 2383 667 2424 ratiocinantur
685 2389 730 2423 et
753 2381 1032 2423 concludunt
1055 2395 1114 2421 ex
1132 2380 1319 2421 fallaciis
1339 2393 1563 2428 sensuum,
1584 2381 1736 2420 omnia

245 2447 448 2488 tribuunt
476 2445 693 2494 Naturae,
722 2451 768 2486 et
800 2445 890 2485 fere
918 2443 1027 2484 nihil
1061 2443 1252 2493 Divino;
1286 2443 1321 2482 si
1348 2443 1627 2483 creationem
1655 2442 1734 2483 Di-

245 2511 351 2550 vino
373 2510 591 2556 tribuunt,
617 2522 756 2562 usque
779 2514 942 2561 putant
970 2507 1121 2547 omnia
1144 2505 1368 2546 translata
1391 2519 1490 2545 esse
1516 2506 1560 2545 in
1587 2505 1734 2546 Natu-

244 2586 356 2621 ram,
385 2578 431 2613 et
464 2586 523 2612 ex
555 2571 632 2611 illa
664 2570 762 2611 sola
788 2570 968 2611 effluere
995 2582 1153 2610 omnes
1180 2566 1363 2608 effectus
1395 2568 1467 2621 qui
1499 2574 1734 2621 apparent,

244 2643 291 2677 et
322 2635 432 2676 nihil
470 2649 529 2676 ex
563 2634 784 2688 spirituali
817 2633 1014 2683 mundo;
1057 2639 1105 2673 ut
1143 2631 1249 2672 dum
1281 2631 1439 2671 vident
1472 2631 1737 2671 admiranda

245 2700 289 2739 in
323 2697 637 2750 bombycibus,
672 2696 986 2750 papilionibus,
1021 2695 1191 2748 apibus,
1226 2693 1491 2734 admiranda
1522 2694 1565 2733 in
1597 2706 1736 2746 gene-

246 2762 423 2802 ratione
455 2761 656 2801 omnium
686 2759 948 2800 animalium
980 2772 1039 2799 ex
1072 2758 1182 2805 ovis,
1216 2763 1262 2797 et
1295 2756 1457 2797 similia
1489 2756 1589 2804 alia,
1623 2769 1737 2809 quae

245 2823 590 2865 innumerabilia
626 2828 746 2871 sunt,
786 2828 950 2875 putant
991 2821 1103 2862 haec
1148 2819 1323 2873 opificia
1361 2819 1498 2859 solius
1535 2818 1736 2858 Naturae

245 2901 371 2937 esse;
410 2900 493 2927 nec
523 2892 715 2939 possunt
742 2885 909 2939 aliquid
935 2884 1139 2937 cogitare
1166 2883 1221 2923 de
1248 2881 1466 2935 spirituali
1493 2880 1661 2921 mundo
1687 2886 1734 2920 et

246 2949 338 3002 ejus
365 2949 535 2990 influxu
559 2950 603 2989 in
630 2948 901 2998 naturalem,
931 2947 1065 2989 etde
1093 2946 1341 2988 existentia
1368 2951 1414 2986 et
1442 2943 1736 2985 subsistentia
