1962 3334
259 257 364 299 1866
665 267 999 300 APOCALYPSIS
1030 268 1330 300 EXPLICATA.

251 381 413 422 dicitur
461 380 647 421 “Deum
697 381 896 430 timere‚‘'
941 388 987 423 et
1041 382 1310 423 “hominem
1360 382 1591 432 revereri,''
1640 383 1743 438 quia

251 444 411 484 timere
438 443 663 496 significat
692 445 885 485 revereri
917 445 960 485 in
988 446 1199 498 superiori
1232 445 1388 498 gradu.
1451 445 1588 499 Apud
1619 446 1744 487 Mat-

251 506 439 555 thaeum,

323 586 427 628 Jesus
441 586 538 624 dixit,
555 586 637 617 “Ne
649 587 804 618 timeatis
817 588 861 618 ab
876 587 918 618 iis
931 588 989 628 qui
1003 588 1162 619 occidere
1175 598 1301 628 corpus
1316 595 1475 628 possunt,
1490 589 1646 620 animam
1659 598 1745 620 vero

425 630 583 661 occidere
601 640 673 661 non
689 637 839 670 possunt
857 641 864 666 ;
890 631 1010 662 timete
1029 632 1145 671 potius
1162 631 1284 671 Ipsum
1304 632 1361 672 qui
1379 638 1497 672 potest
1514 639 1548 664 et
1565 642 1692 673 corpus
1710 639 1745 665 et

425 674 583 704 animam
602 674 749 714 perdere
767 674 802 704 in
820 674 1014 714 gehenna''
1035 674 1080 714 (x.
1100 676 1140 705 28
1156 685 1163 712 ;
1188 675 1271 706 Luc.
1289 675 1349 706 xii.
1365 684 1395 714 4,
1416 684 1443 714 5,
1463 675 1514 715 7):

252 761 330 802 sed
363 761 433 802 hic
467 775 545 814 per
573 761 800 802 “timere'’
826 761 1102 814 significatur
1136 763 1346 803 timorem
1373 762 1540 804 habere
1567 776 1623 804 ne
1654 763 1744 816 spi-

254 823 476 864 ritualiter
507 825 770 872 moriantur,
800 824 990 877 proinde
1023 826 1234 865 timorem
1268 825 1536 874 naturalem,
1570 826 1643 879 qui
1675 833 1744 867 est

252 886 441 927 formido
487 893 532 927 et
575 901 739 940 pavor;
791 888 927 927 timor
968 893 1121 928 autem
1164 888 1407 940 spiritualis
1450 894 1520 929 est
1563 886 1744 929 sanctus

200 989 209 997 ,
253 949 401 996 timor,
423 950 495 1002 qui
513 950 630 990 inest
650 950 772 990 omni
795 950 937 990 amori
961 950 1179 1003 spirituali
1198 951 1317 990 varie
1342 951 1589 991 secundum
1613 950 1744 1004 quale

253 1013 417 1052 amoris
435 1018 481 1052 et
502 1013 749 1053 secundum
768 1019 986 1066 quantum
1009 1012 1126 1064 ejus:
1161 1014 1203 1053 in
1223 1012 1309 1053 hoc
1330 1014 1492 1054 timore
1515 1014 1745 1055 esthomo

253 1075 518 1129 spiritualis;
551 1076 587 1115 is
610 1089 788 1129 quoque
812 1076 896 1116 scit
920 1076 1039 1129 quod
1065 1076 1285 1116 Dominus
1310 1090 1400 1116 non
1424 1076 1554 1117 alicui
1577 1077 1744 1118 malum

252 1138 400 1186 faciat,
427 1139 571 1178 minus
594 1138 789 1192 aliquem
813 1138 961 1192 quoad
990 1152 1151 1191 corpus
1179 1145 1224 1179 et
1252 1139 1400 1192 quoad
1423 1140 1620 1180 animam
1643 1153 1743 1193 per-

253 1201 333 1242 dat
370 1202 413 1241 in
452 1200 686 1249 Gehenna,
721 1200 800 1241 sed
838 1201 956 1254 quod
995 1202 1202 1241 omnibus
1234 1201 1503 1250 benefaciat,
1537 1208 1583 1243 et
1624 1202 1744 1255 quod

253 1265 596 1318 unumquemvis
624 1264 771 1317 quoad
799 1277 960 1317 corpus
987 1270 1032 1304 et
1066 1264 1214 1317 quoad
1242 1265 1439 1304 animam
1465 1264 1575 1305 velit
1603 1265 1660 1305 ad
1686 1263 1744 1306 Se

253 1329 296 1368 in
324 1327 499 1368 caelum
523 1326 763 1376 attollere;
797 1327 900 1366 inde
924 1326 1016 1379 ejus
1045 1327 1180 1367 timor
1207 1333 1276 1367 est
1303 1325 1486 1367 sanctus
1512 1328 1661 1375 timor,
1687 1341 1743 1368 ne

256 1405 334 1445 per
360 1391 528 1431 malum
559 1390 681 1430 vitae
714 1396 760 1430 et
793 1403 871 1443 per
901 1389 1062 1430 falsum
1095 1387 1328 1430 doctrinae
1361 1389 1499 1430 homo
1532 1390 1743 1431 Divinum

256 1454 380 1495 illum
414 1466 614 1494 amorem
647 1453 690 1493 in
723 1467 770 1493 se
796 1458 990 1501 avertat,
1022 1459 1068 1493 et
1100 1453 1162 1493 sic
1196 1453 1375 1493 laedat:
1416 1453 1495 1493 sed
1528 1454 1744 1504 naturalis

252 1518 388 1558 timor
414 1523 483 1557 est
509 1516 713 1563 formido,
739 1529 878 1568 pavor
900 1522 946 1556 et
973 1521 1130 1564 terror,
1156 1529 1236 1568 pro
1262 1515 1485 1568 periculis,
1510 1517 1670 1569 poenis
1697 1523 1743 1557 et

252 1581 313 1620 sic
338 1594 418 1633 pro
441 1579 626 1626 inferno,
646 1579 718 1631 qui
743 1579 879 1618 timor
900 1579 1018 1618 inest
1042 1578 1164 1618 omni
1187 1578 1327 1618 amori
1349 1591 1580 1631 corporeo,
1605 1580 1743 1620 etiam

252 1644 373 1683 varie
399 1642 646 1682 secundum
672 1641 803 1694 quale
830 1641 1008 1689 amoris,
1034 1648 1079 1681 et
1108 1641 1354 1681 secundum
1380 1648 1598 1694 quantum
1623 1642 1742 1695 ejus;

253 1706 391 1746 homo
424 1704 655 1753 naturalis,
690 1704 758 1744 cui
795 1703 870 1744 ille
908 1704 1043 1744 timor
1079 1710 1164 1751 est,
1199 1717 1288 1744 non
1325 1705 1410 1744 scit
1447 1704 1578 1745 aliter
1610 1718 1743 1758 quam

253 1769 370 1822 quod
415 1768 636 1808 Dominus
678 1766 846 1807 malum
887 1766 1021 1807 saciat
1064 1766 1209 1815 malis,
1252 1781 1330 1807 eos
1371 1767 1661 1817 condemnet,
1699 1769 1743 1809 in

253 1831 471 1872 infernum
497 1829 723 1882 conjiciat,
752 1836 798 1870 et
826 1830 982 1883 puniat
1004 1844 1012 1880 ;
1050 1844 1109 1870 ex
1142 1844 1196 1870 eo
1223 1836 1291 1870 est
1319 1830 1438 1883 quod
1464 1829 1527 1870 illi
1550 1831 1742 1872 timeant

252 1900 298 1934 et
330 1893 573 1934 formident
606 1906 631 1932 a
665 1892 875 1932 Domino.
939 1893 990 1932 In
1023 1892 1109 1932 hoc
1142 1893 1304 1933 timore
1337 1892 1512 1933 fuerunt
1545 1893 1744 1946 plerique

253 1970 312 1997 ex
353 1962 493 2009 gente
528 1955 714 2008 Judaica
757 1961 802 1996 et
847 1955 1111 2004 Israelitica,
1149 1969 1209 1996 ex
1251 1969 1385 1995 causa
1425 1956 1527 2009 quia
1567 1955 1743 1997 fuerunt

250 2019 483 2060 naturales
525 2019 731 2059 homines
753 2033 761 2068 ;
809 2025 1085 2072 quapropter
1122 2019 1259 2059 toties
1301 2019 1344 2058 in
1387 2018 1542 2059 Verbo
1582 2019 1746 2060 dicitur

256 2088 537 2137 “pavescere
582 2088 628 2123 et
675 2082 1024 2122 contremiscere
1071 2095 1151 2135 pro
1195 2081 1440 2134 Jehovah‚''
1477 2088 1522 2122 et
1568 2095 1744 2135 quoque

254 2146 373 2199 quod
413 2146 494 2185 “in
532 2159 698 2197 pavore
735 2151 780 2185 et
818 2145 1218 2184 contremiscentia
1253 2143 1467 2184 fuerint:‘'
1507 2145 1611 2184 inde
1647 2144 1742 2193 fuit,

253 2209 373 2261 quod
396 2208 452 2248 de
478 2207 577 2247 filiis
601 2207 779 2247 Israelis
803 2207 978 2247 dicatur
1000 2207 1120 2260 quod
1146 2207 1509 2259 “trepidaverint
1523 2206 1541 2221 ‘'
1564 2207 1744 2259 quando

255 2271 418 2311 Divina
445 2270 545 2311 Lex
588 2284 666 2311 seu
694 2270 908 2310 Divinum
935 2269 1105 2310 Verum
1132 2269 1506 2323 promulgabatur
1532 2283 1555 2310 e
1583 2269 1744 2310 Monte

257 2334 378 2375 Sinai

366 2424 487 2464 (Exod.
505 2434 561 2455 xx.
582 2431 685 2463 15-17
706 2421 764 2465 [Β.
779 2424 824 2455 A.
845 2421 966 2464 18-20]
984 2432 990 2461 ;
1015 2423 1136 2454 Deutr.
1156 2433 1187 2454 v.
1209 2430 1316 2453 20-22
1335 2420 1393 2464 [B.
1407 2423 1451 2454 A.
1470 2420 1631 2464 23—25]):

254 2517 329 2558 ille
356 2518 491 2557 timor
517 2523 601 2565 est,
630 2516 703 2570 qui
730 2515 877 2570 quoad
905 2522 1082 2569 partem
1108 2515 1379 2568 intelligitur
1405 2529 1484 2568 per

320 2605 338 2617 ‘⁴
350 2603 523 2634 Pavorem
543 2601 668 2640 Isaci,”
685 2611 748 2642 per
765 2611 869 2642 quem
888 2600 1043 2642 Jacobus
1059 2600 1190 2640 juravit
1209 2600 1342 2632 Labani
1360 2599 1454 2639 (Gen.
1472 2600 1566 2632 xxxi.
1583 2608 1636 2639 42,
1656 2599 1730 2640 53);

255 2715 334 2754 per
377 2698 763 2740 “Abrahamum’'
805 2699 938 2747 enim,
984 2698 1235 2739 “Isaeum'’
1276 2704 1322 2738 et
1367 2697 1657 2750 “Jacobum'’
1695 2698 1743 2740 in

255 2763 409 2804 Verbo
432 2762 702 2815 intelligitur
729 2762 975 2811 Dominus;
1010 2775 1087 2814 per
1112 2760 1496 2801 “Abrahamum’'
1520 2760 1742 2800 Dominus

255 2826 403 2879 quoad
442 2825 653 2865 Divinum
690 2824 903 2873 caeleste,
943 2838 1021 2877 per
1059 2823 1307 2864 “Isaeum‘’
1339 2823 1486 2877 quoad
1527 2823 1739 2863 Divinum

256 2889 501 2943 spirituale,
541 2894 586 2929 et
629 2902 707 2941 per
745 2886 1034 2940 “Jacobum''
1071 2887 1219 2940 quoad
1257 2887 1468 2927 Divinum
1506 2885 1739 2937 naturale;
