1962 3334
275 287 383 332 1550
685 288 1020 323 APOCALYPSIS
1051 291 1352 325 EXPLICATA.

336 402 432 445 “Qui
458 404 768 489 CIPmedEijuni)
780 414 920 445 panem,
941 406 1083 438 sustulit
1102 416 1207 447 super
1228 406 1288 438 Me
1308 407 1512 439 calcaneum
1537 417 1639 439 suum
1654 406 1672 420 ''
1689 407 1761 449 (Ps.

442 457 465 478 x
482 458 502 479 ι,
523 456 563 478 10
636 472 642 479 .
695 458 737 488 .9
782 459 787 480 :

268 543 380 584 haec
407 542 528 584 dicta
559 551 664 586 sunt
691 545 747 586 de
777 545 978 598 judaeis,
1002 547 1120 599 apud
1153 561 1264 601 quos
1291 553 1420 588 erant
1453 547 1617 588 Divina
1641 562 1760 596 vera,

267 607 371 660 quia
406 607 637 648 habebant
668 608 886 658 Verbum,
915 616 962 650 ut
996 616 1206 650 constare
1239 617 1394 662 potest
1428 610 1546 662 apud
1583 610 1760 658 Jolzan·

267 682 363 709 nem
398 669 514 723 (cap.
542 671 632 711 xiii.
665 670 750 724 18),
784 672 857 712 ubi
888 672 964 712 illa
989 673 1126 713 verba
1156 673 1336 725 Judaeis
1369 673 1597 726 applicata
1627 681 1761 723 sunt;

268 746 404 785 quare
437 747 516 786 per
543 735 821 775 “comedere
855 735 1049 788 panem'’
1076 735 1259 776 Domini
1293 735 1574 788 significatur
1599 749 1761 789 appro-

267 796 428 849 priatio
457 797 606 837 Divini
633 797 768 848 Veri3
801 798 859 838 ibi
883 799 1237 839 communicatio
1262 798 1368 851 ejus,
1388 799 1490 852 quia
1514 799 1558 839 id
1581 799 1645 839 eis
1672 812 1761 839 non

265 860 414 912 potuit
433 861 708 914 appropriari
725 875 733 901 :
752 865 777 881 ⁴⁶
791 862 918 915 panis
931 861 949 876 ”
964 861 1188 915 significat
1204 862 1421 912 Verbum,
1436 877 1494 903 ex
1513 876 1601 916 quo
1620 863 1760 903 nutri-

268 923 334 963 tio
357 923 624 975 spiritualis:
660 924 862 965 “tollere
889 924 1151 965 calcaneum
1179 939 1310 978 super
1333 925 1484 978 Ipsum
1496 925 1514 940 ''
1537 924 1760 978 significat

266 992 524 1038 pervertere
565 1000 745 1027 sensum
787 987 966 1028 litterae
1004 987 1145 1042 Verbi
1190 1002 1328 1041 usque
1370 988 1427 1028 ad
1466 988 1758 1041 negationem

266 1047 451 1089 Domini
488 1056 534 1090 et
572 1050 631 1090 ad
666 1049 1024 1091 falsificationem
1062 1051 1208 1091 omnis
1245 1051 1366 1091 veri:
1409 1064 1513 1091 nam
1550 1050 1761 1091 Divinum

266 1110 438 1152 Verum
470 1113 643 1154 sistitur
673 1114 717 1153 in
749 1114 945 1166 imagine
977 1114 1092 1155 sicut
1127 1114 1310 1164 Homo;
1354 1113 1471 1154 unde
1507 1113 1680 1154 caelum
1717 1114 1761 1154 in

266 1181 368 1215 toto
400 1176 643 1229 complexu
674 1183 862 1217 vocatur
894 1177 1124 1217 Maximus
1156 1177 1324 1225 Homo,
1358 1183 1404 1218 et
1436 1176 1761 1230 correspondet

267 1239 474 1279 omnibus
497 1240 703 1288 hominis,
727 1239 901 1280 caelum
925 1240 1043 1280 enim
1063 1240 1301 1280 formatum
1325 1247 1394 1281 est
1416 1239 1662 1280 secundum
1681 1238 1759 1279 Di-

265 1302 418 1342 vinum
443 1302 614 1343 Verum
647 1303 898 1356 procedens
929 1317 955 1343 a
987 1303 1211 1353 Domino;
1254 1311 1299 1344 et
1331 1304 1433 1357 quia
1459 1302 1660 1343 Verbum
1691 1308 1760 1342 est

266 1364 479 1406 Divinum
498 1366 683 1415 Verum,
707 1367 809 1407 ideo
831 1367 968 1407 etiam
991 1366 1076 1407 hoc
1100 1380 1251 1407 coram
1271 1367 1468 1407 Domino
1491 1372 1561 1406 est
1583 1366 1627 1405 in
1650 1365 1760 1405 ima-

265 1428 370 1480 gine
397 1430 512 1470 sicut
536 1429 724 1470 Divinus
749 1429 931 1480 Homo;
962 1430 1064 1470 ideo
1086 1429 1268 1470 ultimus
1292 1429 1383 1482 ejus
1405 1442 1575 1476 sensus,
1595 1428 1668 1481 qui
1690 1435 1760 1469 est

266 1504 386 1532 mere
402 1505 558 1532 sensus
573 1492 765 1541 litterae,
780 1493 1105 1545 correspondet
1121 1492 1353 1533 calcaneo:
1382 1492 1608 1544 perversio
1621 1490 1761 1531 Verbi

265 1568 344 1595 seu
367 1554 516 1595 Divini
535 1554 643 1595 Veri
665 1569 744 1608 per
761 1555 1113 1608 applicationem
1133 1569 1288 1596 sensus
1312 1555 1490 1610 litterae
1509 1554 1565 1595 ad
1588 1553 1759 1594 falsita-

265 1624 349 1665 tes,
380 1617 534 1670 quales
566 1618 741 1658 fuerunt
773 1618 1040 1659 traditiones
1065 1618 1351 1671 Judaeorum,
1379 1617 1656 1670 significatur
1682 1631 1762 1670 per

267 1684 292 1700 ‘⁴
309 1681 470 1722 tollere
485 1695 617 1734 super
633 1682 876 1722 Dominum
893 1682 1193 1723 calcaneum.'’
1235 1681 1369 1734 Quod
1388 1682 1642 1722 universum
1657 1694 1759 1722 cae-

266 1743 357 1784 lum
379 1745 435 1785 sit
458 1745 501 1785 in
525 1746 719 1798 imagine
742 1746 857 1786 sicut
883 1745 1049 1794 Homo,
1070 1753 1116 1786 et
1139 1747 1259 1799 quod
1282 1746 1385 1786 inde
1408 1745 1760 1797 correspondeat

264 1809 470 1849 omnibus
496 1809 703 1857 hominis,
730 1815 777 1849 et
804 1809 924 1862 quod
951 1809 1125 1850 caelum
1154 1809 1244 1849 tale
1272 1809 1328 1849 sit
1356 1809 1458 1862 quia
1484 1814 1684 1849 creatum
1713 1815 1759 1848 et

264 1872 504 1913 formatum
542 1879 612 1912 est
649 1886 675 1912 a
712 1872 910 1913 Domino
950 1886 1028 1925 per
1061 1873 1272 1912 Divinum
1306 1871 1476 1912 Verum
1510 1870 1760 1924 procedens

263 1936 322 1976 ab
348 1935 467 1988 Ipso,
495 1935 616 1988 quod
642 1941 712 1976 est
739 1935 942 1976 Verbum
969 1950 1028 1976 ex
1055 1949 1143 1989 quo
1175 1936 1325 1976 omnia
1350 1933 1468 1975 saeta
1499 1940 1603 1975 sunt
1632 1933 1759 1987 (Jolz.

263 1997 290 2037 i.
319 1997 434 2050 1—3),
458 1997 668 2037 videatur
693 1997 738 2036 in
764 2011 903 2050 opere
924 1997 991 2037 De
1015 1996 1146 2039 Caelo
1166 2003 1209 2037 et
1231 1997 1415 2048 Inferna
1433 2006 1478 2044 (n.
1495 2012 1625 2044 59—102,
1641 2010 1709 2035 tum
1729 2015 1760 2036 n.

263 2068 430 2106 200—212).
488 2057 629 2110 Apud
660 2056 840 2105 Lucam,

331 2160 352 2174 ‘⁸
370 2158 548 2199 Incipient
566 2159 693 2197 dicere,
710 2158 856 2190 Edimus
874 2168 993 2190 coram
1012 2158 1073 2197 Te,
1086 2165 1121 2190 et
1136 2158 1291 2189 bibimus
1309 2167 1428 2189 coram
1447 2157 1508 2196 Te,
1526 2163 1561 2188 et
1581 2157 1616 2188 in
1634 2156 1760 2197 plateis

441 2203 573 2234 nostris
597 2203 770 2240 docuisti:
795 2203 859 2234 sed
883 2203 991 2234 dicet.
1006 2227 1013 2234 .
1028 2227 1035 2234 .
1050 2227 1074 2240 .,
1093 2202 1174 2233 Non
1201 2202 1285 2232 novi
1305 2211 1371 2233 vos
1395 2201 1490 2232 unde
1514 2200 1622 2239 estis;
1650 2200 1761 2232 disce-

438 2247 526 2278 dite.
540 2271 548 2278 .
563 2246 732 2287 .operarii
750 2246 946 2287 iniquitatis
957 2245 975 2257 ‘¹
992 2246 1077 2286 (xiii.
1092 2246 1145 2284 26,
1162 2246 1216 2286 27)
1231 2257 1236 2277 :

263 2358 384 2413 quod
406 2357 564 2399 dicturi
587 2359 691 2407 sint,
715 2358 896 2412 quando
918 2358 1134 2399 sistentur
1147 2357 1203 2398 ad
1221 2356 1448 2410 judicium,
1468 2355 1588 2410 quod
1609 2358 1634 2375 ⁴‘
1651 2354 1757 2395 ede·

262 2422 383 2463 rint’'
415 2428 462 2463 et
500 2422 620 2475 quod
655 2422 887 2462 “biberint
903 2421 921 2436 '¹
954 2434 1104 2462 coram
1143 2420 1355 2468 Domino,
1383 2418 1606 2472 significat
1638 2417 1758 2471 quod

264 2485 458 2539 legerint
474 2485 678 2526 Verbum
702 2491 747 2525 et
770 2485 999 2525 hauserint
1023 2483 1307 2537 cognitiones
1329 2483 1434 2523 boni
1456 2489 1502 2523 et
1524 2482 1615 2522 veri
1638 2482 1755 2528 inde,

265 2554 480 2603 putantes
502 2548 622 2601 quod
649 2562 707 2588 ex
730 2562 784 2588 eo
807 2547 1113 2597 salvarentur;
1146 2560 1281 2599 quare
1308 2546 1518 2599 sequitur,
1547 2544 1637 2584 “In
1660 2543 1756 2597 pla-

263 2612 348 2652 teis
381 2612 546 2652 nostris
579 2610 811 2658 docuisti,”
843 2624 921 2663 per
953 2610 1071 2663 quod
1104 2608 1379 2662 significatur
1405 2608 1523 2661 quod
1550 2604 1757 2648 instruffl

262 2675 424 2716 fuerint
450 2675 493 2714 in
521 2675 636 2715 veris
663 2688 722 2714 ex
750 2673 921 2722 Verbo,
945 2674 1009 2714 ita
1034 2687 1060 2713 a
1087 2672 1308 2713 Domino:
1344 2672 1423 2711 sed
1451 2671 1571 2724 quod
1604 2670 1756 2723 legere

262 2738 481 2787 Verbum,
509 2751 558 2778 ac
586 2738 746 2778 instrui
768 2751 827 2777 ex
855 2736 947 2786 illo,
975 2736 1084 2777 nihil
1110 2736 1243 2777 saciat
1276 2735 1332 2775 ad
1364 2734 1557 2775 salutem
1590 2734 1673 2774 nisi
1698 2734 1755 2774 si·

262 2802 355 2843 mul
386 2803 562 2842 vivatur
604 2801 850 2841 secundum
888 2799 1012 2848 illud,
1046 2798 1323 2852 significatur
1365 2812 1443 2850 per
1474 2810 1753 2849 responsum,

262 2865 382 2918 quod
406 2865 526 2905 dicet
552 2868 576 2884 “
592 2864 696 2904 Non
720 2865 824 2904 novi
846 2877 927 2904 vos
949 2863 1067 2903 unde
1091 2863 1224 2912 estis;
1253 2861 1471 2902 discedite
1494 2874 1519 2900 a
1542 2860 1631 2908 Me,
1647 2872 1753 2912 ope-

262 2929 361 2969 rarii
387 2927 633 2981 iniquitatis
651 2927 685 2978 ;''
718 2926 825 2967 nihil
849 2927 967 2967 enirn
991 2926 1095 2967 facit
1118 2925 1173 2966 ad
1201 2925 1392 2965 salutem
1412 2924 1555 2964 ditare
1582 2935 1753 2963 merno-
