1962 3334
269 272 373 323 1642
679 281 1013 315 APOCALYPSIS
1045 283 1345 315 EXPLICATA.

330 396 348 409 “
360 394 535 478 Εὲοξιξιιῐῃ
549 395 598 426 illi
610 402 847 479 aeg3otarent,
857 397 969 429 vestis
981 407 1061 429 mea
1074 407 1207 436 saccus,
1218 397 1326 429 afflixi
1337 397 1431 429 fame
1444 398 1601 429 animam
1612 407 1728 429 meam
1739 396 1758 410 ”

482 449 509 470 s.
524 449 629 471 xxxv.
646 448 684 479 13
711 449 719 478 ;

263 514 381 567 apud
407 515 615 565 eundem,

329 590 447 622 “Cum
466 591 546 622 flevi
565 591 601 622 in
618 591 755 632 jejunio
772 593 915 624 animae
929 602 1040 631 meae,
1055 591 1189 624 factum
1208 593 1294 624 mihi
1311 599 1366 625 est
1383 594 1418 624 in
1437 593 1653 634 opprobria:
1678 603 1757 624 cum

436 635 516 666 dedi
535 642 671 718 v)estem
689 645 805 667 meam
826 646 978 675 saccum,
993 635 1109 668 factus
1127 646 1205 668 sum
1220 637 1289 668 illis
1306 637 1342 668 in
1356 635 1544 668 dicterium
1556 637 1574 649 ''
1587 637 1660 677 (Ps.
1675 637 1758 668 lxix.

439 687 488 717 11,
510 687 547 709 12
575 688 582 717 ;

263 754 381 807 apud
407 754 614 805 Hiobum,

329 831 347 845 ‘¹
361 830 507 862 Saecum
526 832 650 863 consui
668 842 774 872 super
787 838 902 864 cutem
918 842 1046 870 meam,
1061 839 1096 864 et
1112 832 1179 864 feci
1193 832 1339 873 pulvere
1353 843 1465 864 cornu
1482 842 1599 865 meum
1614 842 1622 872 ;
1646 832 1755 865 facies

439 885 540 906 meae
557 877 718 907 turbatae
735 882 819 907 sunt
836 886 920 917 prae
938 876 1050 908 fletu’'
1068 877 1151 916 (xvi.
1169 885 1218 915 15,
1239 877 1312 916 16);

266 951 384 1004 apud
409 951 613 1001 Esaiam,

409 1028 561 1060 “Vestio
578 1029 697 1060 caelos
714 1035 842 1067 atrore,
860 1035 895 1061 et
912 1039 1052 1061 saccum
1071 1029 1163 1060 facio
1181 1029 1344 1060 velamen
1363 1039 1486 1060 eorum
1497 1028 1516 1041 ’'
1532 1029 1567 1069 (1.
1583 1028 1635 1069 3);

266 1111 312 1146 et
328 1105 456 1158 -apud
482 1105 715 1154 Davidem,

328 1180 575 1213 “Convertisti
600 1180 733 1213 luctum
751 1192 870 1213 meum
897 1182 932 1213 in
958 1183 1124 1214 choream
1149 1183 1247 1219 mihi.
1268 1183 1438 1223 aperuisti
1463 1191 1604 1214 saccum
1623 1192 1754 1220 meum,

440 1232 476 1257 et
493 1226 678 1257 accinxisti
696 1236 752 1257 me
770 1226 931 1266 gaudio’'
949 1226 1020 1266 (Ps.
1035 1237 1116 1258 xxx.
1134 1235 1172 1258 12
1193 1225 1252 1268 [B.
1267 1228 1311 1258 A.
1329 1224 1419 1268 11]):

261 1315 306 1355 in
337 1315 405 1355 his
438 1315 548 1356 locis
578 1315 808 1356 “saccus’'
834 1317 971 1357 etiam
999 1315 1222 1369 significat
1256 1314 1439 1364 luctum,
1468 1329 1518 1357 ac
1548 1317 1759 1357 “succin-

262 1392 368 1431 gere
400 1392 581 1419 saccum
619 1392 752 1431 supra
778 1392 940 1432 corpus
981 1379 1083 1420 loco
1114 1381 1254 1420 vestis
1267 1379 1286 1394 ’'
1318 1379 1544 1432 significat
1589 1378 1757 1420 luctum

261 1448 447 1495 propter
464 1442 750 1494 deperditum
768 1456 921 1483 verum
939 1442 1158 1483 ecclesiae
1177 1457 1186 1493 ;
1219 1449 1265 1483 et
1286 1443 1560 1495 “accingere
1579 1456 1758 1483 saccum

263 1518 396 1558 super
422 1505 598 1545 lumbos
630 1511 676 1546 et
708 1519 841 1558 super
872 1505 1085 1546 carnem''
1112 1505 1336 1558 significat
1374 1504 1542 1546 luctum
1575 1512 1760 1559 propter

262 1569 547 1621 deperditum
563 1569 731 1609 bonum
747 1568 966 1609 ecclesiae
985 1583 993 1619 ;
1018 1582 1121 1609 nam
1140 1573 1164 1589 ‘⁴
1178 1570 1318 1609 vestis
1331 1569 1349 1583 '’
1365 1568 1588 1622 significat
1603 1582 1757 1609 verum

262 1631 494 1681 ecclesiae,
528 1645 579 1672 ac
609 1631 821 1672 “lumbi”
846 1638 893 1672 et
922 1632 1095 1672 “caro'’
1122 1631 1377 1685 significant
1410 1633 1578 1673 bonum
1611 1632 1757 1673 eccle-

262 1696 366 1736 siae.
429 1694 564 1748 Quod
597 1696 835 1748 accingere
863 1708 1042 1736 saccum
1076 1696 1212 1736 modo
1244 1697 1679 1748 repraesentativum
1711 1702 1757 1736 et

263 1758 368 1799 inde
400 1758 747 1811 significativum
780 1756 926 1799 luctus
958 1764 1004 1799 et
1037 1759 1343 1811 paenitentiae
1376 1758 1520 1807 fuerit,
1554 1764 1601 1799 at
1633 1759 1677 1798 in
1709 1772 1756 1799 se

263 1835 353 1863 non
380 1820 526 1862 luctus
552 1828 598 1862 et
625 1822 921 1874 paenitentia,
949 1828 1132 1862 constat
1159 1821 1277 1874 apud
1303 1821 1506 1870 Esaiam,

329 1910 455 1943 “Num
473 1911 564 1942 sicut
580 1911 647 1942 hoc
666 1911 732 1942 erit
749 1910 924 1951 jejunium
943 1911 1036 1952 quod
1054 1911 1196 1951 eligam,
1214 1910 1290 1942 dies
1310 1919 1379 1951 quo
1402 1910 1526 1950 affligit
1551 1911 1659 1942 homo
1683 1911 1759 1942 ani·

438 1965 533 1986 mam
546 1965 657 1993 suam,
672 1961 710 1986 ut
722 1955 882 1986 incurvet
893 1955 983 1986 sicut
996 1954 1123 1995 juncus
1135 1961 1239 1994 caput
1253 1964 1367 1992 suum,
1380 1961 1414 1985 et
1430 1957 1463 1985 in
1479 1964 1581 1985 sacco
1593 1960 1627 1986 et
1641 1955 1758 1986 cinere

437 2000 567 2030 cubet?
590 2009 675 2029 num
700 1999 768 2030 hoc
793 1999 936 2030 vocabis
961 1998 1136 2039 jejunium
1162 2004 1197 2029 et
1221 1998 1315 2029 diem
1341 1998 1552 2038 beneplaciti
1575 1998 1760 2040 Jehovae?

438 2042 568 2074 Nonne
585 2043 652 2073 hoc
669 2042 845 2083 jejunium
863 2043 958 2083 quod
975 2043 1079 2082 eligo,
1093 2042 1230 2082 aperire
1247 2042 1389 2073 vincula
1406 2042 1589 2080 malitiae„
1605 2067 1611 2073 .
1626 2067 1633 2074 .
1648 2041 1759 2073 Aran-

437 2097 520 2126 gere
538 2086 704 2117 famelico
725 2096 854 2126 panem
873 2093 982 2124 tuum,
1000 2093 1036 2117 et
1059 2084 1209 2117 afflictos
1227 2086 1348 2117 exules
1366 2086 1570 2117 introducas
1588 2085 1760 2118 domum?

439 2140 518 2161 cum
538 2130 668 2161 videris
687 2130 819 2161 nudum
838 2135 873 2161 et
893 2130 1071 2161 obtexeris
1090 2130 1187 2161 illum
1198 2129 1231 2162 ?'¹
1249 2129 1347 2169 (lviii.
1364 2137 1424 2168 5—7
1439 2129 1461 2169 ;)

263 2212 309 2247 et
336 2206 453 2259 apud
480 2206 664 2254 Joelem,

329 2283 620 2315 “Convertimini
644 2282 689 2314 ad
715 2282 776 2313 Me
801 2288 878 2313 toto
902 2282 1009 2313 corde
1027 2288 1157 2319 vestro,
1175 2287 1210 2313 et
1235 2281 1270 2312 in
1295 2281 1432 2322 jejunio
1449 2287 1484 2313 et
1509 2280 1544 2312 in
1563 2281 1647 2313 fletu
1663 2287 1698 2313 et
1722 2282 1758 2313 in

438 2325 583 2367 planetu
598 2336 605 2364 ς
623 2332 658 2358 et
671 2326 822 2358 scindite
835 2336 896 2357 cor
908 2333 1075 2364 vestrum,
1087 2332 1122 2357 et
1135 2335 1207 2356 non
1224 2332 1342 2357 vestes
1357 2332 1494 2357 vestras
1506 2325 1523 2337 '’
1535 2325 1582 2366 (ii.
1596 2323 1680 2367 [12,]
1695 2325 1758 2365 13).

343 2426 562 2480 638[a].
602 2437 709 2475 [Vers.
725 2437 770 2475 4.]
797 2426 876 2466 “m
886 2429 984 2466 sunt
996 2426 1101 2466 duae
1117 2426 1248 2472 oleae,
1263 2428 1306 2465 et
1317 2425 1394 2465 duo
1411 2425 1758 2465 candelabra.”—

264 2488 398 2542 Quod
417 2488 639 2541 significet
656 2488 811 2528 bonum
827 2487 995 2529 amoris
1009 2488 1054 2528 ilc
1071 2487 1322 2535 Dominum,
1338 2493 1380 2527 et
1394 2486 1633 2527 charitatis
1649 2501 1758 2540 erga

256 2552 530 2606 proximum,
559 2566 609 2593 ac
634 2566 786 2592 verum
811 2551 1038 2592 doc‘Zrz'nae
1061 2557 1103 2591 et
1114 2550 1241 2605 fidei,
1261 2565 1317 2590 ex
1341 2550 1498 2603 quibus
1523 2549 1687 2591 caelum
1717 2556 1760 2590 et

249 2617 450 2664 ecclesia,
470 2622 653 2657 constat
671 2630 730 2656 ex
749 2615 1080 2669 significatione
1101 2619 1126 2635 “
1140 2614 1334 2664 oliveti‚'’
1355 2618 1378 2634 “
1393 2614 1519 2655 oleae
1533 2614 1552 2628 ''
1570 2620 1616 2654 et
1637 2613 1756 2654 “oli-

262 2680 385 2729 vae,”
411 2680 531 2733 quod
563 2680 620 2720 sit
652 2680 700 2720 -in
740 2679 834 2720 lato
866 2693 999 2720 sensu
1031 2691 1218 2731 regnum
1251 2677 1449 2719 caeleste
1483 2677 1678 2725 Domini,
1711 2684 1756 2718 et

263 2744 367 2784 inde
399 2743 591 2784 ecclesia
623 2743 859 2793 caelestis;
891 2756 1006 2795 quae
1033 2742 1090 2782 ab
1116 2741 1212 2782 aliis
1239 2741 1439 2782 ecclesiis
1466 2741 1757 2792 distinguitur

263 2808 307 2847 in
334 2820 402 2854 eo,
427 2806 546 2859 quod
569 2805 631 2846 illi
658 2819 684 2846 a
709 2806 866 2858 quibus
884 2805 960 2845 illa
985 2804 1176 2845 ecclesia
1193 2804 1350 2844 existit
1374 2804 1463 2844 sint
1482 2804 1524 2843 in
1543 2816 1694 2843 amore
1712 2804 1755 2843 in

265 2869 508 2910 Dominum
535 2875 580 2909 et
607 2869 650 2908 in
677 2881 830 2909 amore
857 2881 967 2921 erga
992 2868 1275 2920 proximum;
1308 2866 1411 2907 inde
1434 2873 1503 2906 est
1530 2865 1649 2919 quod
1676 2879 1754 2919 per

266 2931 481 2973 “oleam''
507 2937 553 2973 et
583 2930 785 2972 “olivam
798 2931 817 2946 '’
844 2937 1030 2984 uterque
1063 2929 1136 2971 ille
1169 2943 1308 2980 amor,
1335 2943 1413 2970 seu
1444 2929 1611 2970 bonum
1644 2928 1752 2969 utri-
