1962 3334
602 264 709 299 cAP.
731 265 814 306 XL,
836 260 976 298 VERs.
999 258 1146 298 8.-Ν.
1167 256 1344 311 654[g].
1519 289 1521 291 -
1611 265 1717 312 1735

231 390 311 431 per
343 377 691 420 “Pharaonem'’
726 376 870 420 simile
906 378 1184 434 significatur
1218 379 1338 433 q'uo'd
1376 383 1455 432 per
1487 379 1718 433 “Aegyp-

230 440 367 489 tum,”
384 453 560 493 nempe,
581 441 797 482 naturalis
820 442 956 482 homo
970 442 1119 495 quoad
1142 443 1377 483 scientiam
1395 450 1441 483 et
1464 443 1568 483 inde
1583 443 1718 483 intel-

230 501 490 555 ligentiam:
522 503 663 544 fastus
680 504 883 556 propriae
902 504 1231 557 intelligentiae
1254 519 1314 545 ex
1336 506 1526 545 scientia
1547 505 1716 546 intelli-

230 566 351 617 gitur
378 578 457 618 per
487 566 606 619 quod
635 566 819 606 “elatus
845 567 903 606 sit
928 566 1183 615 altitudine,
1211 574 1258 607 et
1289 567 1464 608 dederit
1490 567 1718 620 fastigium

229 628 347 668 inter
381 628 618 680 implexa,”
654 635 701 669 et
737 629 858 681 quod
897 629 1104 669 “elatum
1139 631 1197 670 sit
1236 643 1312 670 cor
1348 629 1441 682 ejus
1476 630 1717 670 altitudine

229 702 309 730 sua
324 689 358 740 ;’‘
407 704 486 743 per
533 690 801 743 “implexa''
850 690 1160 743 significantur
1207 691 1453 733 scientifica
1502 692 1716 733 naturalis

229 751 445 793 hominis:
479 753 598 806 quod
624 753 870 794 scientifica
890 754 1118 806 applicata
1140 755 1229 795 sint
1252 754 1570 795 confirmandis
1592 755 1716 808 cupi-

228 814 445 856 ditatibus
463 816 567 856 mali
584 822 631 857 et
648 816 759 865 falsi,
775 816 1051 869 significatur
1068 830 1146 869 per
1162 817 1333 858 “Dabo
1351 831 1453 858 eum
1470 819 1513 858 in
1533 831 1714 858 manum

227 876 353 918 fortis
377 879 582 930 gentium
601 878 634 927 ;”
673 878 841 919 “fortis
872 879 1077 931 gentium
1089 878 1108 893 '’
1134 878 1358 931 significat
1389 879 1549 920 falsum
1580 880 1712 920 mali:

228 940 348 994 quod
379 940 490 980 falsa
520 940 625 980 mali
655 941 891 981 destruent
917 954 1034 989 eum,
1063 941 1344 994 significatur
1374 956 1453 995 per
1481 942 1717 983 “Exscin-

227 1001 339 1043 dent
374 1016 476 1043 eum
511 1003 657 1052 alieni,
690 1003 876 1044 violenti
912 1005 1117 1056 gentium
1158 1004 1368 1057 dejicient
1405 1005 1557 1045 eum:‘’
1596 1005 1718 1058 quod

228 1065 378 1105 omnia
401 1078 506 1105 vera
531 1065 777 1106 scientifica
802 1073 847 1106 et
873 1066 1114 1106 rationalia
1139 1066 1342 1119 dispersa
1367 1068 1456 1107 s'int
1490 1081 1568 1120 per
1598 1067 1719 1108 mala

227 1133 274 1167 et
299 1126 424 1176 falsa,
448 1128 724 1180 significatur
749 1142 828 1181 per
852 1127 1036 1181 “Super
1060 1130 1289 1169 montibus
1315 1137 1362 1170 et
1384 1130 1575 1170 vallibus
1600 1132 1716 1171 ceci·

227 1189 389 1244 derunt
415 1191 525 1230 rami
550 1190 691 1243 ejus:”
729 1191 848 1244 quod
874 1192 1026 1231 omnia
1049 1205 1155 1231 vera
1180 1191 1398 1232 ecclesiae
1424 1191 1586 1234 abacta
1610 1194 1715 1242 sint,

226 1251 503 1304 significatur
517 1266 596 1305 per
616 1256 640 1273 “
655 1253 1000 1294 Descenderunt
1022 1267 1081 1293 ex
1098 1254 1255 1294 umbra
1276 1254 1369 1307 ejus
1388 1268 1545 1295 omnes
1564 1256 1718 1308 populi

227 1320 387 1363 terrae,
407 1322 454 1356 et
476 1315 769 1356 deseruerunt
791 1329 893 1356 eum
910 1315 944 1355 :'’
975 1316 1095 1369 quod
1119 1316 1220 1357 loco
1241 1331 1395 1357 eorum
1417 1320 1716 1359 successerint

227 1377 530 1429 cogitationes
556 1385 603 1419 et
628 1377 887 1419 affectiones
912 1378 1024 1427 falsi,
1050 1378 1327 1432 significatur
1352 1393 1430 1432 per
1455 1381 1575 1434 quod
1604 1385 1716 1422 “su-

226 1452 307 1492 per
334 1440 459 1480 ruina
495 1439 587 1492 ejus
618 1440 888 1481 habitabunt
919 1442 1065 1481 omnis
1103 1442 1197 1482 avis
1228 1442 1468 1490 caelorum,
1502 1450 1548 1484 et
1585 1457 1718 1497 super

226 1502 360 1543 ramis
390 1501 482 1555 ejus
513 1509 643 1543 erunt
674 1504 820 1544 omnis
850 1503 942 1543 fera
977 1505 1072 1556 agri
1089 1503 1123 1554 ;”
1165 1505 1286 1558 quod
1317 1507 1468 1546 omnia
1501 1506 1718 1548 damnata

226 1563 317 1605 sint
347 1571 393 1606 et
419 1565 663 1614 infernalia,
691 1565 968 1618 significatur
997 1580 1077 1619 per
1108 1567 1229 1620 quod
1259 1571 1455 1608 “omnes
1482 1569 1718 1610 tradentur

227 1628 374 1682 morti,
401 1628 458 1668 ad
490 1634 656 1668 terram
682 1628 934 1669 inferiorem
965 1630 1010 1669 in
1043 1630 1193 1670 medio
1219 1630 1408 1671 filiorum
1435 1631 1628 1672 hominis
1658 1633 1716 1673 ad

226 1683 558 1730 descendentes
585 1691 630 1730 in
655 1690 828 1731 foveam
847 1691 880 1741 ;”
919 1691 1032 1732 “filii
1059 1692 1281 1732 hominis”
1307 1700 1410 1733 sunt
1443 1694 1515 1746 qui
1541 1695 1584 1733 in
1611 1708 1715 1747 pro-

226 1753 322 1804 pria
346 1752 664 1805 intelligentia,
692 1760 739 1794 et
768 1754 934 1794 “fovea
945 1754 964 1768 ”
989 1761 1059 1794 est
1086 1755 1159 1794 ubi
1189 1755 1253 1795 illi
1284 1756 1357 1808 qui
1388 1757 1432 1796 in
1458 1756 1578 1797 falsis
1605 1757 1715 1798 doc·

226 1815 401 1865 trinae;
446 1815 652 1856 inhibitio
690 1829 745 1856 ne
782 1816 930 1869 aliqua
970 1830 1076 1857 vera
1113 1817 1359 1858 scientifica
1394 1825 1441 1859 et
1478 1820 1715 1861 rationalia

225 1877 411 1926 intrent,
444 1877 721 1930 significatur
752 1891 830 1930 per
863 1877 1132 1931 “Obtegam
1164 1893 1297 1932 super
1327 1894 1382 1920 eo
1414 1881 1640 1933 abyssum,
1669 1890 1716 1924 et

226 1939 439 1980 inhibebo
463 1940 643 1980 flumina
668 1940 787 1993 ejus;
820 1941 939 1994 quod
966 1955 1048 1982 nec
1074 1955 1179 1982 vera
1204 1943 1463 1994 spiritualia,
1490 1944 1715 1996 significa-

228 2008 301 2042 tur
337 2015 415 2055 per
448 2006 535 2043 “ut
576 2002 872 2044 occludantur
907 2018 1050 2057 aquae
1087 2017 1278 2057 magnae
1295 2004 1328 2055 ;’'
1360 2005 1480 2058 quod
1522 2019 1612 2047 non
1652 2007 1715 2048 illi

225 2065 459 2115 rationale,
497 2065 775 2118 significatur
810 2079 888 2118 per
928 2066 1147 2107 “Atrabo
1183 2080 1315 2120 super
1349 2081 1404 2108 eo
1442 2068 1663 2109 Libanum
1681 2069 1715 2119 ;”

225 2127 345 2181 quod
377 2140 458 2168 nec
490 2128 552 2168 illi
584 2128 758 2181 aliquae
785 2129 1072 2181 cognitiones
1099 2130 1191 2169 veri
1221 2143 1335 2183 quae
1362 2130 1594 2179 ecclesiae,
1622 2132 1714 2185 sig·

226 2188 431 2231 nificatur
455 2203 534 2243 per
558 2191 678 2244 quod
707 2195 903 2232 “omnes
929 2192 1110 2232 arbores
1134 2193 1230 2244 agri
1261 2205 1394 2245 super
1422 2207 1477 2233 eo
1503 2193 1713 2246 langues-

226 2258 332 2293 cent
349 2251 383 2303 ;”
419 2253 539 2306 quod
570 2253 633 2293 illi
665 2266 756 2293 non
787 2253 978 2306 amplius
1009 2254 1167 2306 aliquis
1199 2253 1458 2295 intellectus
1489 2257 1595 2309 veri,
1629 2269 1712 2297 nec

225 2315 374 2369 aliqua
395 2317 626 2368 perceptio
647 2317 958 2369 cognitionum
977 2316 1096 2365 boni,
1116 2324 1300 2372 propter
1321 2318 1485 2358 fastum
1508 2321 1713 2372 propriae

225 2377 569 2431 intelligentiae,
613 2379 889 2431 significatur
930 2393 1008 2432 per
1046 2379 1165 2420 “Cui
1206 2380 1360 2420 similis
1401 2380 1542 2422 sactus
1584 2396 1632 2422 es
1669 2383 1713 2422 in

224 2439 368 2492 gloria
393 2447 440 2481 et
465 2441 509 2480 in
536 2442 846 2493 magnitudine
871 2442 989 2482 inter
1013 2441 1197 2482 arbores
1221 2442 1390 2483 Edenis
1406 2443 1443 2483 ?'’
1474 2445 1577 2497 quia
1602 2457 1712 2497 cog-

225 2502 420 2543 nitiones
445 2503 551 2543 boni
582 2516 661 2556 per
685 2503 1014 2556 applicationes
1039 2504 1098 2544 ad
1127 2504 1245 2544 mala
1271 2518 1450 2558 prorsus
1477 2520 1712 2558 perversae

226 2571 346 2613 sunt,
379 2564 655 2617 significatur
686 2579 764 2618 per
797 2570 936 2606 “cum
968 2566 1243 2608 descendere
1275 2566 1417 2609 factus
1448 2569 1579 2609 fueris
1611 2583 1711 2610 curn

225 2626 457 2667 arboribus
480 2627 647 2668 Edenis
674 2629 716 2668 in
740 2635 905 2668 terram
928 2628 1178 2669 inferiorem
1199 2629 1232 2679 ;“
1267 2630 1486 2671 “arbores
1511 2631 1712 2672 Edenis'’

223 2695 330 2730 sunt
356 2691 639 2742 cognitiones
665 2691 770 2732 boni
796 2706 855 2732 ex
879 2691 1046 2740 Verbo,
1071 2705 1181 2746 quas
1207 2696 1423 2735 naturalis
1448 2696 1584 2736 homo
1611 2710 1710 2749 per-

223 2752 359 2793 vertit
386 2758 432 2794 et
457 2752 734 2794 falsificavit:
775 2754 894 2807 quod
926 2755 1043 2795 inter
1073 2756 1173 2796 illos
1204 2758 1246 2797 in
1278 2758 1450 2799 inferno
1475 2766 1606 2799 erunt
1638 2760 1710 2812 qui

224 2826 304 2866 per
333 2814 467 2855 fidem
498 2825 751 2868 separatam
783 2833 808 2858 a
839 2819 933 2859 vita
969 2819 1200 2860 charitatis
1234 2833 1367 2861 omne
1399 2835 1554 2861 verum
1591 2823 1710 2874 apud

223 2890 272 2918 se
303 2878 638 2929 exstinxerunt,
670 2880 947 2934 significatur
978 2895 1055 2934 per
1088 2885 1226 2923 “cum
1262 2884 1306 2923 in
1339 2884 1487 2925 medio
1519 2897 1708 2937 praepu-
