1962 3334
601 273 708 307 cap.
731 232 795 314 κς
817 272 956 305 VERs.
977 271 1126 317 9.-Ν,
1147 261 1310 317 617[e].
1596 273 1613 303 1
1622 271 1644 316 5
1650 270 1700 315 55

212 399 347 428 sensu
367 385 624 440 significant
646 385 936 440 appropriare
952 385 1036 426 sibi
1061 383 1229 426 malum
1254 390 1303 426 et
1327 383 1503 432 falsum,
1525 389 1573 425 et
1598 383 1705 424 inde

207 449 424 503 conjungi
455 449 628 491 inferno
645 463 655 498 ;
694 456 743 490 ut
777 455 990 490 constare
1022 454 1179 501 potest
1214 461 1275 488 ex
1310 447 1601 501 sequentibus
1637 445 1705 496 10-

212 513 277 554 cis
291 512 502 565 :—Apud
525 511 730 560 Esaiam,

280 611 458 645 “Vombit
479 612 656 644 Dominus
670 611 824 654 Jehovih
841 612 877 643 in
894 612 952 644 die
969 611 1030 643 illo
1046 611 1092 643 ad
1115 610 1237 642 fletum
1254 617 1291 642 et
1314 611 1359 642 ad
1384 608 1580 651 planetum,
1602 616 1638 642 et
1660 610 1707 641 ad

387 657 563 688 mlvitiem
580 662 617 688 et
632 656 678 688 ad
693 656 914 687 induendum
931 664 1072 686 saccum
1086 664 1094 692 ;
1118 664 1199 686 ecce
1218 654 1354 685 laetitia
1372 661 1408 685 et
1430 654 1599 694 gaudium
1616 654 1708 684 occi-

386 700 472 731 dere
494 701 624 731 bovem
647 706 683 730 et
706 697 864 730 mactare
888 699 1073 739 pecudem,
1091 698 1280 729 comedere
1297 707 1441 729 oernem
1457 703 1493 728 et
1516 697 1637 728 bibere
1654 697 1708 728 vi-

387 753 495 779 num:
518 743 779 775 comedendum
798 749 835 774 et
853 742 1058 774 bibendum
1066 748 1133 779 est,
1152 751 1230 773 cras
1250 741 1347 773 enim
1367 741 1561 772 moriemur
1570 740 1589 751 ''
1606 740 1704 779 (xxii.

390 795 440 825 12,
454 787 507 826 13)
522 797 530 819 :

212 895 412 937 vastatio
440 894 680 943 ecclesiae,
707 901 754 936 et
785 894 1055 935 lamentatio
1079 907 1213 947 super
1242 908 1310 943 ea,
1336 893 1605 934 describitur
1629 906 1708 945 per

215 959 404 999 “vocari
434 959 479 999 in
518 959 590 999 die
620 958 699 999 illo
729 958 787 998 ad
819 957 989 1006 fletum,
1022 955 1268 1010 planetum,
1301 957 1529 998 calvitiem
1561 963 1608 997 et
1638 957 1707 996 in-

216 1021 463 1062 duitionem
494 1022 613 1062 sacci
630 1020 664 1071 ;”
695 1020 963 1062 lamentatio
998 1021 1119 1073 quod
1144 1033 1299 1061 verum
1331 1020 1616 1073 deperditum
1649 1020 1707 1060 sit

218 1082 494 1136 significatur
533 1097 613 1136 per
652 1083 883 1132 “fletum‚”
918 1083 1040 1136 quod
1081 1083 1249 1124 bonum
1286 1096 1366 1136 per
1397 1081 1708 1135 “planetumr

215 1146 336 1200 quod
358 1147 503 1187 omnis
525 1144 702 1187 affeffio
722 1147 829 1187 boni
849 1159 928 1199 per
947 1150 972 1166 “
986 1145 1255 1195 calvitiem‚”
1272 1146 1392 1199 quod
1414 1144 1591 1187 affectio
1614 1145 1708 1186 veri

215 1222 295 1262 per
313 1213 530 1250 “saccum
549 1209 584 1249 :'¹
615 1222 694 1261 per
712 1213 738 1229 ‘⁴
753 1209 958 1250 occidere
976 1209 1142 1250 bovem
1163 1215 1211 1250 et
1233 1207 1433 1250 mactare
1455 1209 1677 1262 pecudem
1689 1207 1709 1222 ”

217 1271 493 1325 significatur
517 1273 810 1325 exstinguere
835 1272 1003 1313 bonum
1030 1271 1235 1312 naturale
1260 1279 1307 1313 et
1332 1272 1500 1312 bonum
1526 1272 1707 1324 spiritu-

216 1334 315 1376 ale:
347 1348 427 1388 per
453 1335 728 1375 “comedere
754 1348 935 1375 carnem
961 1342 1008 1375 et
1039 1335 1191 1376 bibere
1222 1334 1405 1375 vinum”
1431 1334 1710 1387 significatur

219 1399 505 1452 appropriare
542 1398 625 1438 sibi
660 1398 828 1439 malum
858 1405 907 1439 et
941 1398 1133 1448 salsum;
1177 1398 1351 1439 “caro’'
1376 1398 1447 1439 hic
1484 1397 1709 1451 significat

218 1461 399 1509 malum,
424 1462 614 1501 “vinum
626 1461 646 1476 ”
662 1461 822 1502 salsum
845 1461 964 1509 mali,
984 1474 1035 1502 ac
1061 1462 1336 1502 “comedere
1360 1468 1406 1502 et
1424 1461 1577 1502 bibere
1592 1460 1612 1474 ”
1633 1460 1710 1501 illa

217 1524 504 1577 appropriare
530 1524 627 1564 sibi.
687 1523 827 1577 Apud
851 1523 1138 1573 Ezechielem,

287 1620 431 1655 Ditstum
454 1629 510 1654 est
535 1623 737 1664 Prophetae
759 1629 798 1655 ut
821 1624 1026 1655 comederet
1050 1624 1167 1655 cibum
1192 1624 1352 1664 pondere
1376 1630 1411 1655 et
1435 1633 1515 1654 cum
1539 1623 1710 1654 sollicitu-

392 1667 487 1704 dine,
502 1673 538 1698 et
554 1668 648 1708 quod
666 1667 803 1699 biberet
819 1677 948 1708 aquam
965 1668 1001 1698 in
1019 1677 1189 1699 mensura
1207 1674 1243 1699 et
1266 1677 1347 1698 cum
1362 1674 1531 1707 stupore;
1555 1673 1591 1698 et
1614 1667 1710 1707 quod

392 1710 595 1742 comederet
614 1710 817 1750 placentam
837 1711 1053 1742 hordeorum
1077 1709 1209 1742 §aetam
1230 1721 1309 1742 cum
1330 1718 1507 1742 stercore:
1540 1711 1636 1751 quod
1659 1710 1711 1741 sic

390 1754 581 1785 comedent
603 1754 665 1785 filii
691 1753 835 1785 Israelis
859 1764 988 1794 panem
1012 1764 1117 1785 suum
1141 1755 1363 1785 immundum
1384 1755 1476 1785 inter
1494 1761 1621 1794 gentes
1640 1763 1710 1794 quo

391 1797 623 1837 depellentur.
642 1803 679 1828 et
693 1798 863 1829 carebunt
881 1807 972 1837 pane
988 1804 1023 1829 et
1039 1808 1142 1838 aqua,
1159 1805 1194 1829 et
1210 1799 1467 1829 desolabuntur
1480 1798 1535 1828 vir
1550 1804 1586 1828 et
1601 1797 1711 1828 irater

392 1840 481 1880 ejus,
498 1847 534 1871 et
549 1841 805 1872 contabescent
820 1848 965 1881 propter
981 1840 1204 1882 iniquitatem
1221 1842 1281 1881 (iv.
1296 1842 1434 1880 10-17):

219 1965 300 2005 per
318 1951 430 1993 haec
452 1951 570 2005 apud
594 1951 866 2004 Prophetam
888 1944 1314 2004 repraesentabatur
1334 1952 1607 1994 adulteratio
1629 1953 1709 1993 Di·

217 2014 311 2056 vini
340 2013 450 2055 Veri
485 2028 563 2054 seu
599 2013 740 2054 Verbi
776 2014 895 2067 apud
932 2021 1119 2067 gentem
1153 2015 1413 2067 Judaicam:
1459 2016 1711 2069 “placenta

218 2076 488 2118 hordeorum
525 2075 643 2117 sacta
673 2089 774 2117 cum
811 2083 1010 2117 stercore
1022 2077 1042 2091 ''
1072 2077 1299 2130 significat
1328 2078 1710 2120 adulterationem

214 2138 358 2187 illam,
393 2139 643 2193 “placenta
678 2139 980 2180 hordeorum’'
1010 2140 1179 2181 bonum
1214 2147 1262 2182 et
1298 2155 1453 2182 verum
1490 2143 1709 2190 naturale,

219 2202 351 2255 quale
378 2201 582 2243 Verbum
609 2209 679 2243 est
710 2203 754 2242 in
786 2216 921 2243 sensu
952 2202 1147 2253 litterae,
1175 2205 1418 2245 “stercus”
1444 2206 1611 2246 malum
1642 2207 1710 2246 in-

219 2263 413 2315 sernale;
456 2278 591 2318 quare
633 2265 794 2305 dicitur
832 2265 953 2318 quod
994 2265 1107 2306 “filii
1147 2266 1326 2308 Israelis
1365 2268 1426 2308 sic
1467 2269 1711 2310 comedent

220 2340 384 2380 panem
421 2340 548 2367 suum
588 2327 867 2368 immundum
885 2327 919 2378 ;‘’
956 2329 1123 2381 “panis
1158 2329 1415 2370 immundus
1430 2331 1451 2346 ”
1485 2331 1711 2384 significat

219 2389 388 2430 bonum
414 2396 765 2442 conspurcatum
792 2390 927 2438 malo,
950 2403 1028 2431 seu
1055 2391 1384 2434 adulteratum:
1418 2395 1540 2447 quod
1560 2395 1711 2434 “cari-

220 2452 308 2492 turi
333 2465 451 2504 pane
477 2459 524 2492 et
550 2466 665 2506 aqua
690 2453 806 2493 inter
833 2460 998 2505 gentes
1023 2467 1112 2507 quo
1137 2454 1462 2507 depellentur‚”
1487 2456 1711 2510 significat

220 2514 342 2568 quod
357 2528 446 2555 non
461 2515 548 2555 illis
563 2516 730 2555 bonum
745 2523 791 2556 et
806 2529 959 2556 verum
975 2516 1179 2569 amplius,
1190 2519 1293 2571 quia
1307 2519 1350 2559 in
1367 2519 1495 2560 malis
1509 2528 1554 2560 et
1572 2520 1710 2569 falsis;

223 2580 422 2630 “gentes
433 2577 453 2592 ”
474 2577 730 2630 significant
754 2578 873 2618 mala
894 2585 941 2619 et
966 2578 1090 2627 falsa,
1116 2580 1350 2633 “depelli'’
1371 2582 1476 2622 illuc
1501 2590 1571 2623 est
1594 2583 1712 2623 tradi

222 2639 336 2680 illis:
370 2653 448 2692 per
467 2641 646 2681 “virum
671 2647 718 2681 et
741 2641 964 2688 fratrem,”
980 2642 1054 2694 qui
1075 2642 1411 2692 desolabuntur,
1435 2644 1712 2697 significatur

222 2700 334 2742 fides
359 2709 406 2743 et
432 2702 657 2753 charitas;
692 2704 795 2743 “vir
809 2703 829 2717 ”
854 2703 1076 2756 significat
1101 2719 1254 2746 verum
1286 2706 1402 2754 fidei,
1429 2715 1475 2748 et
1504 2707 1711 2748 “frater‘'

222 2763 389 2805 bonum
420 2765 666 2818 charitati-s,
699 2773 745 2806 et
779 2766 1010 2806 “desolari
1024 2766 1044 2781 “
1074 2766 1320 2820 plenariam
1353 2768 1707 2811 exstinctionem

222 2827 476 2880 utriusque:
519 2829 728 2881 quoniam
761 2828 837 2868 illa
868 2828 1176 2881 significantur
1207 2845 1286 2883 per
1318 2834 1594 2873 “comedere
1627 2846 1707 2885 pa-

224 2901 327 2929 nem
358 2896 404 2930 et
441 2890 591 2931 bibere
622 2891 823 2944 aquam,’'
855 2891 957 2932 ideo
993 2892 1154 2934 dicitur
1185 2895 1305 2948 quod
1339 2897 1708 2937 “contabescent
