1962 3334
330 247 436 288 1800
738 257 1071 291 APOCALYPSIS
1103 260 1403 294 EXPLICATA.

325 368 533 409 similiter
560 371 829 423 spospondit
856 377 902 412 et
929 372 1052 413 vovit
1077 372 1232 426 Jacob,

389 457 425 488 Si
445 464 686 489 reverteretur
704 459 738 489 in
761 470 847 499 pace
871 460 916 491 ad
941 461 1089 492 domurn
1110 462 1223 501 patris
1248 462 1313 500 sui,
1334 462 1428 503 quod
1454 471 1561 493 omne
1586 462 1680 502 quod
1705 461 1812 504 Jeho-

499 502 568 532 vah
586 502 725 533 dederit
742 503 784 540 ei,
799 503 1012 535 decimando
1031 505 1269 536 decimaturus
1287 511 1382 537 esset
1401 505 1496 545 (Gen.
1515 505 1634 536 xxviii.
1655 514 1705 543 21,
1725 506 1788 544 22).

323 594 397 634 Ex
442 594 512 635 his
559 595 684 643 locis,
719 603 899 649 praeter
938 611 996 637 ex
1037 597 1148 646 aliis,
1183 604 1394 639 constare
1434 604 1587 651 potest
1624 598 1727 651 quid
1765 598 1809 638 in

323 656 480 698 Verbo
523 658 801 710 significatur
842 673 920 712 per
963 660 1184 700 “decem’'
1226 667 1272 701 et
1315 675 1393 713 per
1432 664 1646 714 “partem
1689 661 1809 701 deci-

323 721 482 760 mam.’'
545 720 677 773 Quod
714 722 942 762 “decem”
975 722 1230 775 significent
1268 724 1431 770 omnia,
1467 723 1590 763 ducit
1627 735 1809 763 causam

324 797 383 823 ex
415 784 513 836 ipso
545 784 700 834 caelo;
747 784 921 825 caelum
964 786 1082 825 enirn
1120 786 1163 825 in
1205 792 1307 826 toto
1339 793 1385 826 et
1427 787 1470 826 in
1507 792 1635 839 parte
1675 785 1809 826 refert

325 845 584 894 Hominem,
614 847 730 887 unde
757 848 800 887 id
828 847 1056 888 Maximus
1086 848 1238 888 Homo
1265 855 1478 899 vocatur;
1512 862 1669 889 omnes
1694 849 1810 888 vires

321 910 442 950 vitae
476 910 666 950 Maximi
698 910 814 950 illius
848 910 1071 958 Hominis,
1106 925 1184 951 seu
1215 911 1342 958 caeli,
1377 912 1588 952 desinunt
1621 912 1664 951 in
1696 911 1809 951 duas

323 986 480 1013 manus
507 979 552 1013 et
579 973 623 1012 in
646 973 758 1013 duos
784 973 934 1026 pedes,
961 987 1010 1013 ac
1036 987 1193 1013 manus
1217 981 1264 1014 ut
1291 981 1337 1014 et
1367 974 1506 1027 pedes
1528 975 1738 1014 desinunt
1765 974 1808 1013 in

322 1035 479 1076 decern
508 1036 701 1088 digitos;
740 1050 875 1089 quare
902 1037 1053 1076 omnia
1079 1036 1273 1076 hominis
1299 1037 1446 1090 quoad
1479 1038 1732 1090 potentiam
1759 1043 1805 1077 et

322 1098 470 1151 quoad
499 1099 881 1139 sustentationem
907 1099 1009 1151 quia
1040 1099 1210 1139 collata
1241 1106 1344 1139 sunt
1378 1099 1538 1140 ultimo
1569 1100 1613 1139 in
1645 1099 1804 1139 decem

322 1161 504 1213 digitos,
533 1160 750 1214 [“decem
778 1162 907 1214 digiti
921 1161 958 1214 '']
984 1161 1239 1214 significant
1266 1163 1417 1202 omnia
1443 1162 1559 1214 ejus:
1600 1169 1645 1203 et
1678 1176 1807 1215 prae·

321 1230 447 1264 terea
476 1224 705 1264 “ultima‘'
732 1225 775 1264 in
804 1224 959 1264 Verbo
985 1225 1122 1264 etiam
1150 1224 1407 1277 significant
1434 1226 1596 1265 omnia.

401 1285 535 1338 676.
566 1285 643 1324 “Et
661 1286 801 1325 occisa
824 1289 921 1325 sunt
944 1285 982 1324 Ῐη
1004 1289 1144 1325 tet-me
1164 1289 1272 1325 motu
1291 1286 1449 1325 nomina
1469 1286 1663 1326 hominum
1686 1286 1809 1326 millia

321 1345 711 1397 septem.”—-Quod
752 1345 978 1397 significet
1018 1346 1138 1397 quod
1170 1346 1218 1385 in
1257 1352 1405 1385 status
1444 1346 1687 1386 mutatione
1723 1347 1807 1398 illa

315 1405 535 1458 perierint
559 1407 684 1458 apud
709 1406 807 1446 illos
839 1406 983 1446 omnia
1014 1420 1120 1446 vera
1152 1406 1262 1454 boni,
1290 1413 1332 1446 et
1365 1406 1428 1446 sic
1456 1406 1600 1447 omnia
1630 1407 1741 1447 caeli
1766 1414 1808 1448 et

321 1467 532 1516 ecclesiae,
559 1475 741 1509 constat
765 1483 822 1509 ex
851 1468 1179 1520 significatione
1205 1469 1426 1516 “occidi,’'
1448 1469 1567 1522 quod
1595 1470 1651 1509 sit
1675 1470 1804 1522 spiri-

323 1529 508 1569 tualiter
537 1530 697 1575 occidi,
725 1529 845 1582 quod
872 1529 979 1569 mest
1011 1530 1155 1582 perire
1187 1543 1266 1581 per
1296 1530 1417 1569 mala
1448 1536 1494 1569 et
1524 1529 1639 1570 falsa
1670 1541 1725 1578 (de
1744 1550 1808 1578 qua

322 1607 427 1636 supra,
443 1608 473 1628 n.
494 1598 585 1640 315,
605 1598 696 1640 547,
717 1598 806 1640 572,
827 1590 922 1640 589)
942 1603 949 1637 ;
982 1602 1040 1628 ex
1060 1588 1390 1640 significatione
1411 1593 1597 1628 “terrae
1613 1589 1806 1636 motus,''

322 1651 442 1703 quod
466 1651 523 1691 sit
547 1652 741 1691 mutatio
764 1657 911 1691 status
934 1650 1195 1690 interiorum
1214 1650 1331 1703 apud
1354 1650 1455 1690 illos
1478 1651 1550 1703 qui
1576 1651 1633 1691 ab
1656 1651 1804 1692 eccle-

322 1712 388 1751 sia
413 1722 467 1758 (de
488 1731 671 1760 quasupra,
692 1731 722 1751 n.
739 1711 864 1762 674);
907 1725 966 1750 ex
997 1710 1329 1763 significatione
1355 1712 1627 1751 “nominum
1658 1711 1804 1752 homi—

322 1770 469 1819 num,’'
495 1771 615 1824 quod
642 1771 733 1810 sint
759 1784 866 1810 vera
891 1770 1013 1817 boni,
1042 1776 1087 1810 et
1119 1771 1223 1810 inde
1255 1770 1517 1811 intellectus
1547 1771 1639 1811 veri
1672 1781 1727 1818 (de
1742 1791 1807 1819 qua

320 1841 503 1880 sequitur);
540 1836 585 1870 et
616 1844 675 1870 ex
702 1829 1036 1882 significatione
1065 1834 1282 1882 “septem
1309 1829 1538 1877 millium,''
1560 1830 1681 1883 quod
1712 1832 1803 1871 sint

322 1892 473 1932 omnia
499 1891 610 1932 caeli
643 1897 688 1931 et
721 1890 954 1938 ecclesiae,
983 1904 1087 1930 narn
1120 1905 1197 1943 per
1226 1891 1472 1943 “septem'’
1495 1890 1806 1943 significantur

321 1953 488 2000 omnia,
516 1959 562 1993 et
589 1952 909 2005 praedicantur
934 1952 990 1991 de
1017 1950 1186 1991 sanctis
1209 1951 1323 1991 caeli
1344 1957 1390 1991 et
1417 1951 1638 1991 ecclesiae
1666 1962 1720 1998 (de
1740 1971 1804 2000 qua

320 2024 387 2060 ejus
403 2023 525 2052 numeri
545 2022 774 2059 significatione
789 2022 932 2050 videatur
944 2031 1049 2059 supra,
1065 2031 1095 2050 n.
1111 2019 1223 2063 257),
1244 2017 1289 2050 et
1313 2010 1586 2063 Significatio
1611 2011 1705 2063 ejus
1732 2025 1802 2052 re-

323 2075 493 2114 tinetur
529 2073 634 2112 dum
677 2071 1003 2125 multiplicatur
1043 2086 1120 2125 per
1164 2071 1337 2120 decem,
1376 2071 1447 2112 vel
1493 2078 1690 2120 centum,
1728 2072 1801 2113 vel

321 2136 458 2184 mille,
488 2149 591 2176 nam
625 2135 669 2175 hi
701 2135 873 2174 numeri
899 2133 1160 2186 significant
1188 2135 1363 2174 omnia:
1402 2148 1460 2174 ex
1493 2133 1560 2174 his
1593 2141 1803 2175 constare

321 2205 474 2251 potest
501 2197 620 2251 quod
648 2211 725 2250 per
752 2197 870 2250 quod
897 2197 1084 2236 “occisa
1110 2197 1199 2237 sint
1226 2197 1269 2236 in
1296 2203 1442 2236 terrae
1466 2203 1591 2236 motu
1618 2197 1801 2237 nomina

321 2261 554 2301 hominum
582 2259 721 2299 millia
746 2259 953 2312 septem''
973 2258 1248 2311 significetur
1270 2259 1387 2311 quod
1415 2259 1457 2298 in
1481 2264 1628 2298 status
1652 2265 1801 2299 muta-

320 2324 444 2363 tione
486 2323 563 2362 illa
604 2323 816 2375 perierint
850 2322 1001 2362 omnia
1032 2335 1137 2361 vera
1169 2321 1288 2369 boni,
1323 2327 1369 2361 et
1406 2321 1466 2360 sic
1509 2321 1659 2360 omnia
1690 2321 1803 2362 caeli

320 2392 366 2426 et
399 2385 630 2426 ecclesiae.
693 2383 826 2436 Quod
859 2398 937 2437 per
965 2384 1186 2423 “nomina
1212 2382 1474 2423 hominum”
1496 2381 1804 2435 significentur

319 2462 424 2488 vera
464 2448 583 2495 boni,
618 2454 664 2487 et
701 2447 804 2487 inde
848 2445 1105 2487 intellectus
1150 2447 1255 2493 veri,
1294 2451 1503 2486 constare
1548 2451 1701 2498 potest
1743 2460 1802 2486 ex

320 2510 647 2564 significatione
673 2509 943 2557 “nominis,'’
966 2508 1085 2562 quod
1112 2509 1169 2548 sit
1196 2508 1327 2561 quale
1350 2508 1411 2548 rei
1438 2514 1483 2548 et
1511 2514 1658 2548 status
1681 2508 1801 2561 apud

320 2574 564 2620 hominem,
599 2579 644 2612 et
678 2586 702 2612 a
735 2571 1063 2624 significatione
1093 2570 1364 2617 “hominis‚”
1391 2570 1510 2623 quod
1543 2571 1600 2610 sit
1631 2570 1799 2610 intelli-

319 2636 488 2689 gentia,
517 2635 580 2674 ita
607 2648 782 2687 quoque
814 2631 1070 2673 intellectus
1097 2633 1212 2672 veri:
1252 2632 1370 2686 quod
1400 2631 1634 2672 “nomen”
1660 2633 1799 2685 signi-

319 2697 423 2738 ficet
449 2697 580 2750 quale
607 2697 668 2736 rei
701 2703 745 2736 et
779 2702 926 2736 status
959 2695 1075 2748 apud
1108 2694 1353 2742 hominem,
1383 2701 1451 2734 est
1483 2695 1584 2747 quia
1617 2695 1799 2734 nomina

319 2772 610 2814 personarum
630 2772 719 2797 non
744 2759 906 2798 dantur
928 2758 971 2797 in
995 2757 1161 2797 mundo
1185 2757 1401 2810 spirituali
1427 2758 1540 2797 sicut
1563 2757 1606 2796 in
1630 2757 1798 2797 mundo

319 2821 538 2870 naturali;
571 2822 613 2860 in
638 2821 805 2860 mundo
823 2819 1040 2872 spirituali
1063 2821 1351 2859 nominantur
1370 2832 1526 2859 omnes
1549 2819 1794 2859 secundum

318 2884 449 2938 quale
476 2884 596 2923 vitae
629 2895 796 2931 eorum,
825 2883 886 2922 sic
920 2895 1019 2922 curn
1053 2881 1301 2922 differentia
1333 2882 1449 2922 intra
1475 2882 1719 2921 societates
1752 2887 1797 2922 et

1940 3202 1962 3334 §fik-xm.
1953 3148 1962 3196 -..a
1957 3118 1962 3128 ,,
