1962 3334
619 331 725 364 CAP.
748 331 830 371 XL,
853 329 991 362 VERS.
1020 329 1189 374 19.—N.
1211 319 1372 377 7oo[e].
1634 320 1738 371 1883

256 448 305 484 ut
336 448 383 483 et
414 455 492 495 per
515 445 725 490 “aurum,
752 448 991 495 argentum
1022 447 1069 482 et
1094 440 1288 489 vestes,''
1312 454 1425 494 quae
1452 439 1529 480 filii
1555 440 1736 480 Israelis

255 503 540 545 abstulerunt
566 503 824 557 Aegyptiis,
849 511 895 544 et
922 504 1025 544 dein
1051 503 1368 557 impenderunt
1395 501 1738 551 Tabernaculo;

256 573 302 606 et
324 580 500 619 quoque
525 580 604 619 per
631 570 822 606 “aurum
849 572 895 606 et
922 564 1201 618 argentum,”
1226 579 1340 618 quae
1368 564 1515 604 David
1546 578 1606 604 ex
1632 578 1738 617 spo-

255 627 324 668 liis
355 627 554 668 hostium
586 629 834 680 congessit,
862 634 909 668 et
941 627 1119 681 reliquit
1147 626 1378 668 Salomoni
1408 627 1466 667 ad
1497 625 1738 666 aedifican-

254 690 360 730 dum
387 690 640 743 Templum.
670 707 673 709 ·
702 689 836 742 Quod
861 687 1166 730 “maledictus
1187 695 1309 730 esset
1336 690 1409 742 qui
1430 688 1738 730 reaedificaret

251 751 600 804 Jerichuntem,”
625 759 671 793 et
703 753 823 806 quod
851 752 1096 792 “fundaret
1128 751 1253 791 illam
1285 765 1365 804 pro
1396 765 1477 792 suo
1507 752 1737 804 primoge-

254 815 365 863 nito,
392 821 439 855 et
465 822 655 868 poneret
677 814 834 855 valvas
859 828 940 867 pro
965 828 1046 854 suo
1073 813 1297 860 minim0‚”
1320 813 1607 866 significabat
1634 827 1735 866 pro-

252 875 527 917 fanationem
554 877 703 917 Divini
729 876 838 917 Veri
868 890 894 916 a
925 877 1068 929 primo
1100 875 1192 928 ejus
1223 876 1280 916 ad
1313 875 1536 924 ultimum,
1563 876 1599 915 si
1629 874 1737 915 alibi

252 945 667 991 repraesentaretur
689 937 938 995 ‘instructio
974 939 1018 978 in
1055 952 1110 978 eo
1146 951 1280 991 quam
1317 939 1360 978 in
1399 936 1734 990 Hierosolyma,

252 1014 332 1054 per
361 1014 496 1054 quam
522 1001 849 1054 significaretur
879 1000 1071 1041 ecclesia
1101 1001 1250 1053 quoad
1282 998 1534 1040 doctrinam
1566 1000 1658 1040 veri
1689 1006 1735 1039 et

253 1063 374 1111 boni,
402 1069 447 1103 et
480 1064 628 1116 quoad
654 1062 995 1104 instructionem
1025 1077 1084 1103 ex
1111 1062 1291 1103 Verbo:
1330 1062 1450 1115 quod
1482 1061 1558 1102 illa
1589 1061 1736 1115 profa-

253 1126 379 1166 natio
404 1124 522 1166 fausta
553 1127 612 1166 sit
643 1126 726 1166 sub
756 1139 862 1179 rege
889 1125 1084 1165 Achabo
1111 1138 1138 1165 a
1164 1124 1324 1165 Chielo
1351 1124 1595 1172 Bethelita,
1624 1123 1735 1176 legi-

227 1185 326 1228 'tur
360 1188 405 1228 in
440 1187 578 1228 Libro
605 1187 762 1228 Primo
791 1188 961 1240 Regum
994 1186 1111 1240 (cap.
1143 1187 1234 1227 xvi.
1270 1186 1374 1239 34);
1417 1186 1473 1227 de
1508 1200 1597 1239 quo
1629 1199 1735 1238 rege

253 1249 417 1290 dicitur
441 1250 560 1303 quod
594 1250 761 1290 malum
793 1250 948 1290 fecerit
980 1251 1024 1289 in
1056 1249 1197 1289 oculis
1220 1249 1422 1302 jehovae
1453 1262 1559 1302 prae
1590 1249 1734 1288 omni-

253 1311 336 1352 bus
364 1313 545 1365 regibus
578 1312 756 1353 Israelis
791 1311 924 1364 (vers.
958 1322 1023 1363 30,
1053 1322 1119 1363 33,
1146 1311 1249 1364 ibi).
1303 1310 1378 1351 Ex
1410 1310 1626 1351 miraculo
1656 1310 1735 1350 illo

254 1387 333 1427 per
357 1387 508 1415 arcam
533 1373 665 1422 sacto,
694 1376 831 1415 etiam
858 1382 1069 1414 constare
1095 1379 1250 1427 potest
1279 1373 1398 1427 quod
1425 1387 1503 1426 per
1534 1386 1648 1421 eam,
1676 1386 1736 1413 ex

253 1435 379 1490 Lege
415 1437 459 1477 in
496 1451 564 1486 ea,
596 1443 962 1490 repraesentatus
995 1437 1052 1476 sit
1089 1435 1310 1476 Dominus
1342 1435 1491 1489 quoad
1523 1435 1736 1475 Divinum

252 1497 437 1547 Verum,
461 1505 507 1539 et
533 1499 636 1539 inde
663 1513 741 1552 per
766 1499 889 1539 illam
916 1497 1218 1551 significatum
1244 1499 1302 1538 'sit
1326 1497 1538 1537 Divinum
1564 1496 1734 1538 Verum

252 1561 502 1614 procedens
527 1575 554 1601 a
580 1561 788 1601 Domino.

335 1620 415 1674 [e.]
466 1621 662 1661 Tertium
689 1621 976 1668 Miuzculum,
1008 1620 1130 1673 quod
1169 1620 1336 1673 Dagon
1372 1620 1483 1660 deus
1518 1619 1734 1660 Aschdo·

252 1681 466 1722 dacorum
492 1682 710 1722 deciderit
737 1695 888 1722 coram
920 1695 1038 1729 arca,
1066 1688 1113 1721 et
1145 1681 1264 1734 quod
1297 1681 1605 1729 Aschdodaei,
1635 1680 1735 1721 Git-

252 1745 380 1792 titae,
409 1744 658 1785 Ekronitae
684 1751 730 1785 et
764 1744 1135 1784 Bethschemitae
1167 1744 1365 1796 percussi
1396 1743 1557 1784 fuerint
1589 1743 1735 1796 plagis

252 1812 438 1859 propter
462 1806 600 1854 illam,
628 1807 895 1846 describitur
920 1807 985 1846 ita
1007 1807 1054 1848 in
1078 1805 1215 1846 Libro
1238 1805 1396 1846 Primo
1422 1805 1655 1853 Samuelis,
1783 1804 1791 1810 χ

318 1895 337 1908 “
349 1894 466 1926 Exivit
485 1894 594 1926 Israel
610 1901 734 1925 contra
749 1894 986 1925 philisthaeos
1005 1894 1039 1924 in
1058 1894 1189 1925 bellurn
1194 1919 1283 1931 .....
1291 1900 1326 1924 et
1343 1904 1532 1934 percussus
1550 1900 1606 1925 est
1624 1893 1735 1925 Israel

424 1948 542 1969 coram
565 1938 803 1969 philisthaeis.
819 1962 826 1968 .
840 1962 847 1968 .
862 1938 922 1968 ,ad
942 1945 1092 1978 quatuor
1115 1938 1225 1968 millia
1243 1937 1399 1968 virorum
1415 1947 1438 1973 ;.
1453 1962 1460 1969 .
1474 1962 1481 1969 .
1497 1947 1619 1978 .quare
1639 1938 1736 1969 dixe-

426 1988 508 2012 runt
524 1982 693 2018 seniores,
710 1981 934 2020 Recipiamus
951 1981 995 2011 ad
1013 1991 1079 2011 nos
1097 1991 1116 2011 e
1134 1981 1313 2012 Schilunte
1330 1991 1448 2012 arcam
1462 1981 1617 2012 foederis
1630 1981 1736 2022 Jeho-

425 2035 500 2062 vae,
518 2031 553 2056 et
569 2025 688 2055 veniat
707 2025 742 2055 in
763 2025 880 2055 medio
897 2032 1111 2061 nostrorum,
1129 2030 1164 2055 et
1181 2024 1306 2055 liberet
1327 2034 1393 2055 nos
1412 2035 1432 2055 e
1452 2034 1561 2055 manu
1577 2025 1733 2056 hostium

428 2066 664 2110 [nostrorum]
679 2079 703 2099 :.
717 2093 724 2099 .
738 2093 745 2099 .
761 2074 811 2099 ,et
841 2068 1073 2107 deportarunt
1102 2065 1216 2108 [inde]
1250 2077 1367 2098 arcam
1396 2068 1550 2099 foederis
1576 2067 1735 2109 Jehovae

425 2111 584 2142 Zebaoth
608 2111 764 2142 sedentis
789 2120 894 2150 super
917 2111 1100 2146 cherubis:
1133 2118 1167 2142 et
1194 2120 1272 2141 cum
1297 2120 1379 2142 arca
1402 2111 1472 2142 duo
1496 2111 1558 2142 filii
1584 2111 1652 2142 Eli.
1668 2136 1695 2143 ..
1711 2136 1734 2143 ..

429 2155 474 2186 Et
492 2153 625 2186 {aetum
645 2161 700 2185 est
718 2164 797 2185 cum
818 2154 956 2185 veniret
974 2164 1055 2185 arca
1074 2155 1118 2185 ad
1137 2161 1262 2191 castra,
1279 2155 1490 2186 acclamaret
1509 2161 1604 2186 totus
1626 2155 1736 2186 Israel

425 2198 679 2229 acclamatione
699 2207 843 2237 magna.
858 2222 865 2228 .
880 2222 887 2229 .
901 2207 928 2233 .:
953 2198 1164 2231 audiverunt
1182 2197 1406 2229 philisthaei.
1421 2223 1428 2229 .
1442 2223 1449 2230 .
1464 2223 1487 2236 .,
1505 2204 1540 2229 et
1559 2208 1735 2238 cognove-

427 2248 508 2272 runt
525 2242 618 2282 quod
634 2251 716 2272 arca
731 2241 888 2282 jehovae
906 2241 1062 2272 venisset
1078 2241 1122 2271 ad
1138 2248 1262 2278 castra,
1279 2251 1319 2272 ac
1336 2242 1530 2272 timuerunt
1546 2242 1628 2273 sibi.
1643 2266 1666 2279 .,
1683 2242 1736 2273 di·

425 2292 555 2322 centes,
576 2284 682 2316 Venit
707 2285 803 2315 Deus
826 2285 870 2315 ad
894 2291 1007 2315 castra
1021 2294 1044 2319 ;.
1059 2308 1067 2315 .
1081 2309 1088 2315 .
1103 2294 1182 2315 .vae
1207 2284 1319 2322 nobis,
1339 2285 1417 2325 quis
1441 2285 1603 2316 liberabit
1626 2295 1692 2316 nos
1716 2296 1736 2316 e

425 2338 533 2359 manu
549 2329 695 2359 deorum
714 2328 981 2367 magnificorum
998 2328 1148 2359 horum?
1195 2327 1242 2358 Hi
1259 2328 1306 2358 dii
1326 2328 1384 2368 qui
1402 2336 1651 2368 percusserunt
1666 2329 1736 2359 Ae-

425 2372 568 2412 gyptios
585 2372 682 2402 omni
699 2372 819 2411 plaga.
834 2396 841 2402 .
855 2396 862 2402 .
876 2381 882 2408 ;
908 2371 969 2402 sed
986 2371 1096 2402 fortes
1110 2380 1175 2401 vos
1192 2378 1379 2411 praestate,
1393 2378 1428 2402 et
1444 2378 1558 2403 estote
1575 2372 1610 2402 in
1628 2372 1734 2409 viros,

429 2415 644 2452 Philisthaei,
665 2425 709 2445 ne
729 2415 891 2445 serviatis
915 2413 1105 2446 Hebraeis.
1118 2439 1126 2445 .
1141 2439 1148 2445 .
1162 2438 1185 2445 ..
1234 2414 1277 2445 Et
1300 2422 1503 2455 pugnarunt
1529 2415 1735 2446 philisthaei

426 2465 462 2489 et
478 2468 663 2498 percussus
680 2465 734 2489 est
754 2458 878 2489 Israel.
893 2482 900 2489 .
914 2482 921 2489 .
937 2458 1050 2489 .clade
1068 2467 1212 2497 magna.
1228 2482 1234 2488 .
1249 2483 1256 2489 .
1271 2458 1331 2489 ,ad
1350 2459 1496 2498 triginta
1512 2458 1623 2489 millia
1640 2459 1736 2498 pedi·

428 2508 513 2539 tum,
530 2508 565 2532 et
581 2511 663 2532 arca
681 2502 745 2532 Dei
763 2508 866 2541 capta
882 2508 944 2538 est,
962 2507 997 2532 et
1013 2502 1119 2532 ambo
1138 2501 1196 2531 filii
1219 2500 1272 2532 Eli
1290 2502 1429 2532 mortui.
1459 2526 1466 2533 .
1482 2527 1488 2533 .
1502 2526 1509 2533 .
1524 2502 1591 2533 ‚Ac
1611 2502 1736 2532 Philis-

428 2545 521 2575 thaei
539 2551 766 2585 sumpserunt
782 2554 915 2575 arcam.
930 2570 953 2582 .,
971 2552 1005 2575 et
1021 2545 1242 2575 deduxerunt
1258 2554 1352 2576 eam.
1368 2569 1375 2576 .
1389 2545 1662 2582 .Aschdodutn,.
1677 2569 1684 2576 .
1698 2569 1705 2576 .
1719 2569 1727 2575 .

427 2588 463 2618 in
480 2589 604 2619 aedem
624 2587 793 2628 Dagonis,
807 2595 841 2619 et
859 2595 1052 2628 posuerunt
1068 2597 1146 2618 eam
1163 2587 1264 2627 juxta
1279 2588 1475 2628 Dagonem.
1522 2587 1611 2619 Cum
1630 2598 1734 2618 mane

429 2639 614 2671 surgerent
633 2631 867 2668 Aschdodaei,
889 2641 968 2662 ecce
990 2631 1117 2670 Dagon
1137 2631 1275 2670 jacebat
1294 2641 1401 2671 super
1420 2631 1576 2662 faciebus
1601 2632 1673 2662 suis
1698 2632 1732 2662 in

427 2681 521 2705 terra
536 2681 618 2706 ante
635 2684 751 2706 arcam
769 2674 954 2716 Jehovae‚.
969 2699 976 2706 .
990 2699 997 2706 .
1013 2681 1062 2706 ,et
1079 2674 1341 2714 reposuerunt’'
1361 2675 1545 2714 Dagonem
1556 2699 1563 2706 .
1577 2699 1584 2706 .
1599 2699 1606 2706 .
1621 2684 1647 2709 .;
1672 2674 1734 2704 sed

427 2727 506 2748 cum
531 2727 634 2748 mane
658 2725 858 2758 surgerent.
874 2714 902 2749 .'.
917 2743 940 2754 .,
968 2717 1094 2758 Dagon
1119 2718 1257 2757 jacebat
1285 2727 1391 2758 super
1414 2718 1570 2749 faciebus
1598 2718 1670 2748 suis
1699 2718 1734 2747 in

429 2767 522 2791 terra
533 2767 616 2792 ante
629 2771 745 2792 arcam
755 2786 762 2793 .
777 2786 800 2798 .‚
814 2768 849 2792 et
866 2761 970 2792 simul
987 2767 1091 2801 caput
1110 2761 1280 2800 Dagonis,
1294 2769 1329 2792 et
1345 2762 1434 2792 duae
1449 2762 1550 2792 volae
1564 2770 1733 2791 manuum

428 2803 505 2843 ejus
524 2804 700 2835 abscissae
720 2814 825 2844 super
844 2805 975 2835 limine.
1010 2829 1016 2836 .
1032 2829 1038 2835 .
1053 2829 1060 2836 .
1075 2804 1136 2836 .Et
1159 2805 1278 2844 gravis
1299 2803 1392 2835 facta
1411 2811 1464 2835 est
1484 2813 1610 2835 manus
1630 2803 1736 2844 Jeho-

427 2856 492 2878 vae
526 2857 632 2887 super
665 2848 944 2884 Aschdodaeos‚.
958 2873 965 2879 .
981 2872 988 2879 .
1002 2854 1052 2879 .et
1087 2848 1258 2888 percussit
1294 2857 1356 2879 eos
1393 2847 1734 2883 haemorrhoidibus,

428 2890 656 2921 Aschdodum
677 2898 712 2922 et
731 2892 902 2922 terminos
922 2891 998 2930 ejus
1013 2902 1037 2922 :.
1052 2916 1058 2922 .
1074 2916 1080 2922 .
1095 2898 1193 2922 .tunc
1212 2891 1375 2922 dixerunt
1397 2891 1630 2926 Aschdodaei,
1652 2889 1732 2920 Non

428 2934 584 2964 manebit
600 2943 695 2966 arca.
710 2934 867 2965 .Israelis
885 2935 977 2974 apud
995 2944 1061 2964 nos
1076 2945 1099 2965 1.
1114 2959 1121 2965 .
1136 2959 1143 2965 .
1157 2944 1278 2974 .quare
1292 2935 1455 2964 dixerunt
1473 2940 1633 2972 satrapae
1654 2932 1734 2963 Phi-

429 2976 684 3015 listhaeorum,.
699 3002 706 3009 .
720 3001 727 3010 .
742 2978 814 3009 ,Ad
832 2977 926 3009 Gath
943 2977 1175 3009 transferatur
1191 2987 1272 3008 arca
1292 2977 1355 3008 Dei
1374 2976 1547 3014 Israelis,''
1566 2983 1600 3007 et
1618 2983 1730 3007 trans-
