1962 3334
231 271 338 316 1534
645 274 976 309 APOCALvPffls
1007 277 1305 310 EXPLICATA.

227 392 273 427 et
310 401 369 427 ex
407 387 741 441 significatione
776 391 997 444 “quando
1029 392 1201 433 futurus
1233 392 1485 446 clangere,''
1512 393 1631 446 quod
1663 393 1719 433 sit

225 456 332 490 tunc
370 451 588 492 revelatio
627 453 775 493 Divini
813 454 936 496 Veri.
998 453 1133 508 Quod
1176 469 1254 508 per
1288 455 1540 508 “clangere
1578 456 1686 496 tuba
1702 456 1721 470 ’⁸

225 526 302 553 seu
321 514 577 555 “buccina'’
595 515 872 569 significetur
894 518 1087 559 influxus
1111 519 1261 559 Divini
1284 518 1407 567 Veri,
1427 533 1478 560 ac
1502 518 1721 560 revelatio

225 573 333 625 ejus,
353 576 564 616 videatur
579 591 713 630 supra
732 589 777 626 (n.
797 588 892 631 502)
912 594 920 629 ;
953 580 1074 633 quod
1097 580 1168 620 hic
1195 579 1475 633 significetur
1499 580 1721 621 revelatio

225 636 331 689 ejus,
367 644 495 689 patet
528 652 586 678 ex
621 641 914 693 sequentibus
945 642 1072 694 hujus
1105 656 1275 690 versus,
1310 643 1383 683 ubi
1415 643 1590 692 dicitur,
1621 643 1722 683 “Et

225 702 609 742 consummabitur
651 705 916 756 mysterium
961 705 1059 752 Dei,
1097 706 1212 745 sicut
1255 694 1590 758 evangelizavit
1632 707 1721 747 suis

225 764 364 804 servis
411 765 682 818 prophetis,’'
721 780 799 819 per
841 782 954 821 quae
990 768 1269 821 significatur
1306 769 1427 822 quod
1464 769 1722 822 implebitur

224 833 331 867 tunc
359 826 606 879 praedifflo
633 829 687 869 de
715 830 915 871 adventu
942 831 1150 872 Domini:
1185 845 1286 872 cum
1313 831 1513 873 adventu
1541 833 1722 874 Domini

224 896 294 930 est
317 903 493 944 quoque
520 891 739 933 revelatio
766 893 916 934 Divini
950 894 1071 934 Veri.

305 969 429 1010 612.
459 969 538 1009 “Et
559 962 905 1011 consummabitur
926 972 1162 1025 mysterium
1188 971 1273 1019 oei,
1298 972 1410 1013 sieut
1431 972 1725 1026 evunyelizavii

224 1028 357 1069 servis
370 1028 456 1070 suis
464 1030 909 1083 prophetis.''—Quod
926 1031 1156 1084 significet
1165 1033 1522 1084 praedich'onem
1539 1033 1587 1073 z'n
1605 1032 1719 1074 Ver-

225 1090 275 1130 bo
302 1091 355 1131 de
378 1091 571 1132 adventu
595 1092 780 1133 Domini
800 1093 1071 1145 2¹77zplendam
1095 1108 1190 1134 cum
1202 1094 1317 1148 finis
1343 1094 1543 1135 ecclesiae
1566 1095 1720 1142 instat,

225 1160 407 1195 constat
434 1169 494 1195 ex
520 1155 851 1208 significatione
881 1157 1262 1213 “consummari‚''
1285 1158 1405 1211 quod
1432 1158 1489 1198 sit
1521 1157 1721 1210 impleri;

224 1231 284 1258 ex
311 1217 638 1270 significatione
664 1220 904 1272 “mysterii
937 1220 1036 1268 Dei,
1065 1221 1179 1261 sicut
1206 1220 1576 1273 evangelizavit,”
1602 1221 1721 1274 quod

224 1279 283 1319 sit
301 1279 529 1320 adventus
546 1279 731 1320 Domini
747 1291 802 1329 (de
817 1301 882 1328 qua
894 1292 1070 1331 sequitur);
1099 1288 1144 1322 et
1164 1295 1222 1322 ex
1239 1281 1573 1334 significatione
1589 1286 1613 1302 “
1627 1296 1720 1322 ser-

224 1354 381 1381 vorum
404 1355 582 1382 suorum
607 1342 969 1394 prophetarum‚''
992 1343 1112 1396 quod
1135 1344 1226 1383 sint
1249 1357 1356 1383 vera
1378 1342 1625 1392 doctrinae,
1649 1343 1720 1383 hic

223 1402 441 1445 Verbum.
504 1404 637 1457 Quod
671 1407 823 1446 “servi
854 1406 1066 1447 Domini‘’
1098 1407 1306 1447 dicantur
1336 1407 1408 1460 qui
1441 1408 1484 1447 in
1515 1407 1630 1447 veris
1661 1421 1720 1447 ex

223 1465 347 1506 bono
365 1472 486 1515 sunt,
502 1467 713 1507 videatur
727 1481 862 1520 supra
880 1478 925 1515 (n.
938 1467 976 1512 6,
989 1478 1162 1519 409[a]);
1190 1474 1236 1508 et
1255 1468 1375 1521 quod
1395 1471 1419 1488 “
1433 1468 1688 1521 prophetae
1702 1468 1720 1482 ”

224 1528 430 1569 dicantur
453 1529 525 1581 qui
551 1527 802 1569 do&rinam
829 1529 1011 1578 docent,
1036 1537 1082 1570 et
1109 1530 1229 1583 quod
1262 1530 1305 1570 in
1333 1543 1467 1570 sensu
1489 1527 1721 1570 abstulero

225 1589 317 1629 sint
335 1589 571 1630 doctrinae
590 1601 644 1638 (de
658 1610 722 1638 qua
734 1610 767 1630 re
777 1601 935 1630 videbitur
944 1601 1057 1639 infra);
1090 1591 1211 1644 quod
1228 1591 1369 1631 etiam
1387 1591 1479 1631 sint
1497 1590 1718 1638 Verbum,

224 1658 294 1692 est
317 1652 417 1704 quia
445 1651 647 1692 Verbum
671 1659 740 1692 est
766 1650 972 1693 doctrina
998 1652 1147 1692 Divini
1172 1652 1295 1700 Veri,
1320 1659 1365 1693 et
1393 1653 1495 1705 quia
1518 1652 1719 1692 Verbum

224 1728 302 1767 per
334 1715 581 1767 prophetas
613 1716 918 1767 conscriptum
952 1722 1036 1764 est,
1065 1722 1160 1756 tum
1194 1717 1295 1769 quia
1327 1729 1461 1756 omne
1487 1714 1719 1756 doetrinae

224 1780 307 1819 erit
335 1793 393 1819 ex
422 1779 589 1819 Verbo.
652 1779 726 1819 Ex
754 1780 820 1819 his
847 1793 963 1820 nunc
990 1781 1191 1832 sequitur
1216 1780 1337 1833 quod
1364 1793 1442 1832 per
1470 1783 1719 1820 “consum-

225 1843 419 1882 mabitur
441 1843 707 1895 mysterium
732 1842 831 1890 Dei,
852 1844 966 1883 sicut
990 1842 1321 1895 evangelizavit
1345 1843 1484 1883 servis
1507 1843 1594 1882 suis
1617 1856 1719 1895 pro-

225 1906 372 1958 phetis
384 1905 402 1919 ''
418 1905 695 1958 significetur
712 1903 958 1958 praedi<ffio
973 1906 1015 1945 in
1031 1905 1187 1946 Verbo
1209 1904 1283 1958 [de
1299 1904 1517 1958 adventu]
1537 1905 1720 1946 Domini

224 1968 454 2021 implenda
490 1982 591 2009 cum
628 1968 725 2009 finis
763 1969 981 2009 ecclesiae
1018 1970 1172 2009 instat.
1235 1967 1369 2021 Quod
1407 1969 1492 2008 hoc
1530 1981 1608 2021 per
1644 1968 1720 2009 illa

223 2033 362 2072 verba
406 2031 683 2085 significetur
717 2039 846 2084 patet
892 2046 950 2072 ex
998 2045 1106 2073 mox
1148 2031 1538 2084 praecedentibus,
1572 2037 1620 2072 ut
1661 2046 1720 2072 ex

224 2097 541 2150 sequentibus:
575 2097 618 2136 in
642 2109 752 2136 mox
771 2096 1145 2149 praecedentibus
1169 2096 1329 2136 dicitur
1352 2095 1471 2148 quod
1494 2095 1578 2136 hoc
1602 2095 1719 2136 futu-

223 2173 320 2200 rum
350 2161 430 2199 “in
459 2160 615 2199 diebus
643 2161 766 2199 vocis
793 2160 974 2212 septimi
1001 2159 1190 2212 angeli‚''
1213 2172 1292 2211 per
1314 2173 1427 2212 quae
1450 2158 1719 2211 intelligitur

223 2223 342 2276 quod
361 2223 445 2263 hoc
464 2223 658 2263 futurum
678 2223 858 2276 quando
877 2221 974 2262 finis
993 2222 1210 2262 ecclesiae
1229 2223 1369 2262 instat
1390 2236 1399 2271 ;
1426 2222 1469 2262 in
1488 2223 1718 2275 sequenti-

222 2287 318 2335 bus,
343 2286 462 2339 quod
488 2290 765 2339 “postquam
792 2286 1011 2338 septimus
1037 2285 1226 2338 angelus
1249 2285 1437 2332 clanxit,
1466 2283 1634 2326 dietum
1661 2286 1719 2326 sit

223 2349 343 2403 quod
370 2363 510 2402 regna
537 2349 690 2389 mundi
717 2347 834 2389 facta
857 2349 946 2389 sint
974 2349 1155 2389 Domini
1182 2355 1227 2389 et
1255 2348 1420 2389 Christi
1449 2348 1591 2401 Ipsius
1608 2347 1642 2399 ;‘'
1673 2355 1719 2389 et

222 2418 398 2464 postea,
426 2412 546 2465 quod
572 2416 814 2464 “apertum
842 2412 899 2452 sit
932 2411 1151 2465 templum
1180 2412 1264 2452 Dei
1295 2412 1338 2451 in
1372 2411 1513 2460 caelo,
1541 2425 1592 2452 ac
1625 2412 1720 2452 visa

223 2474 282 2513 sit
309 2486 413 2513 arca
439 2473 634 2513 foederis
662 2474 808 2526 Ipsius
831 2474 875 2513 in
901 2473 1079 2526 templo
1106 2473 1253 2526 Ipsius
1279 2473 1508 2525 (videatur
1539 2486 1638 2526 cap.
1657 2474 1717 2514 xi.

227 2535 396 2590 15-19).
459 2536 585 2576 Idem
609 2537 746 2577 etiam
775 2550 834 2576 ex
867 2550 922 2576 eo
954 2541 1084 2588 patet
1107 2535 1227 2588 quod
1250 2535 1356 2574 dum
1379 2534 1477 2574 finis
1501 2535 1718 2575 ecclesiae

221 2601 377 2648 instat,
417 2599 618 2640 Verbum
658 2600 896 2652 aperiatur,
936 2606 982 2640 et
1024 2613 1141 2639 nova
1181 2598 1372 2639 ecclesia
1413 2599 1713 2639 instauretur:

223 2663 309 2703 hoc
333 2677 510 2716 quoque
537 2662 805 2716 intelligitur
830 2676 909 2715 per
935 2663 1180 2702 adventum
1209 2662 1404 2710 Domini,
1429 2675 1532 2702 nam
1561 2662 1717 2702 Domi-

222 2741 303 2767 nus
330 2733 399 2767 est
427 2726 656 2777 Verbum;
690 2741 825 2780 quare
853 2727 938 2767 hoc
972 2739 1072 2767 cum
1100 2726 1310 2778 aperitur,
1338 2731 1526 2777 apparet
1560 2725 1716 2766 Domi-

221 2804 316 2830 nus.
379 2789 511 2842 Quod
530 2789 732 2830 Verbum
751 2796 957 2842 apertum
976 2789 1104 2830 fuerit
1128 2788 1306 2842 quando
1322 2788 1423 2841 Ipse
1439 2789 1481 2828 in
1501 2788 1716 2828 mundum

221 2854 359 2902 venit,
393 2859 550 2893 notum
588 2860 685 2903 est;
728 2853 847 2906 quod
880 2853 1017 2893 etiam
1059 2865 1174 2892 nunc
1213 2858 1418 2904 apertum
1459 2853 1516 2892 sit
1557 2865 1635 2904 per
1672 2852 1715 2892 id

222 2917 341 2970 quod
368 2929 525 2957 sensus
547 2916 786 2969 spiritualis
810 2915 950 2957 Verbi
977 2915 1202 2956 revelatus
1229 2916 1300 2965 sit,
1326 2922 1534 2957 constare
1561 2921 1716 2968 potest
