1962 3334
606 260 713 292 CAP.
736 259 819 300 XL,
842 259 980 292 VERS.
1001 249 1151 290 6.-Ν,
1171 247 1333 303 644[c].
1363 219 1370 224 ι
1608 246 1714 300 1667

76 386 90 400 ’
103 366 115 386 '³
228 386 325 415 ram
336 372 357 388 ”
377 372 601 426 significat
622 372 862 413 secundare
883 371 1137 427 ecclesiam,
1160 384 1276 425 quae
1300 369 1528 411 fecundari
1553 368 1718 410 dicitur

229 450 332 478 cum
362 436 723 490 multiplicantur
752 448 859 476 vera
894 441 943 476 et
977 434 1084 476 inde
1119 434 1283 475 crescit
1312 432 1635 486 intelligentia,
1668 438 1716 473 et

228 511 332 540 cum
351 496 673 540 fruEtificantur
694 498 815 538 bona
839 503 886 538 et
912 497 1017 537 inde
1038 497 1203 538 crescit
1228 495 1440 537 caelestis
1462 507 1602 535 amor.
1664 493 1717 534 In

227 560 366 602 Libro
389 561 582 603 Secundo
609 559 844 609 Samuelis,

295 649 415 682 “Mihi
438 650 559 682 locuta
582 657 638 682 est
662 650 770 681 Petra
793 649 939 681 Israelis
943 673 1036 687 .....
1043 649 1135 680 sicut
1158 648 1220 680 lux
1244 654 1404 680 matutae
1422 647 1537 679 oritur
1556 646 1622 684 sol,
1642 655 1718 678 ma-

402 699 503 776 ἓξὲξ
524 694 613 776 εὲίηέ)
625 693 791 754 nubibus,
815 703 838 724 a
860 693 1053 733 splendore
1077 698 1160 733 post
1183 691 1345 732 pluviam
1369 701 1519 732 gramen
1543 700 1564 722 e
1588 697 1685 722 terra
1697 689 1717 700 ''

505 761 513 769 .
553 762 561 775 ,
625 763 632 769 .

227 824 341 867 haec
372 839 550 879 quoque
586 825 644 865 de
676 824 888 873 Domino,
921 823 1011 878 qui,
1044 837 1105 865 ex
1142 823 1310 864 Divino
1340 822 1466 863 Vero
1502 821 1623 875 quod
1659 820 1717 862 ab

229 887 336 941 Ipso
356 887 575 941 procedit,
595 894 784 928 vocatur
803 890 829 907 “
842 887 976 927 Petra
993 885 1174 927 Israelis
1190 885 1224 926 :”
1246 886 1366 940 quod
1389 885 1603 926 Divinum
1620 883 1715 924 Ve-

227 963 326 992 rum
342 965 403 992 ex
420 950 586 991 Divino
604 950 733 991 Bono
751 950 897 1003 Ipsius
915 949 1149 1003 procedat,
1164 948 1436 1002 intelligitur
1452 961 1531 1001 per
1551 952 1577 967 “
1590 946 1715 988 Sicut

190 1016 193 1019 ⁴
229 1012 310 1054 lux
340 1020 545 1054 matutae
576 1014 718 1054 oritur
748 1012 817 1053 sol
835 1012 871 1063 ;”
911 1012 1193 1066 comparatio
1229 1018 1300 1053 est
1337 1024 1439 1052 cum
1476 1011 1575 1051 luce
1611 1011 1715 1063 quia

231 1075 351 1116 “lux
361 1075 382 1091 ''
397 1074 621 1129 significat
642 1075 855 1116 Divinum
873 1075 1044 1116 Verum
1062 1074 1328 1128 procedens,
1348 1080 1395 1115 et
1418 1086 1519 1114 cum
1538 1079 1717 1114 matuta

228 1139 332 1192 quia
364 1142 534 1178 “mane
548 1138 568 1152 ”
599 1137 824 1191 significat
857 1137 1070 1178 Divinum
1103 1137 1293 1184 Bonum,
1327 1143 1373 1178 et
1405 1149 1507 1177 cum
1538 1136 1716 1177 oriente

228 1201 325 1242 sole
350 1202 453 1255 quia
479 1202 665 1242 “oriens
676 1201 697 1214 ''
721 1207 768 1242 et
802 1201 908 1242 “sol
923 1201 943 1216 ”
968 1199 1194 1254 significat
1226 1200 1440 1241 Divinum
1466 1199 1715 1249 Amorem;

229 1264 349 1318 quod
388 1264 466 1305 illa
504 1265 595 1305 sint
635 1264 805 1318 absque
843 1264 1049 1312 obscuro,
1090 1263 1370 1317 significatur
1408 1278 1487 1318 per
1531 1263 1716 1304 “lucem

230 1333 435 1368 matutae
465 1328 561 1368 sine
597 1327 788 1368 nubibus
804 1327 840 1367 :”
879 1327 1124 1368 illustratio
1155 1327 1350 1368 hominis
1381 1327 1601 1368 ecclesiae
1637 1340 1716 1380 per

228 1390 536 1443 receptionem
568 1396 614 1431 et
647 1397 752 1443 post
783 1391 1091 1443 receptionem
1125 1390 1276 1430 Divini
1307 1389 1416 1431 Veri
1452 1403 1512 1430 ex
1550 1389 1716 1430 Divino

230 1451 360 1494 Bono
382 1452 578 1501 Domini,
597 1452 878 1506 significatur
899 1466 979 1506 per
997 1456 1061 1493 “a
1082 1452 1324 1506 splendore
1342 1459 1446 1506 post
1465 1452 1663 1506 pluviam
1681 1451 1716 1502 ;”

232 1514 484 1568 “splendor
495 1515 514 1530 '’
535 1514 761 1568 significat
787 1514 1153 1564 illustrationem,
1176 1528 1228 1556 ac
1246 1514 1475 1569 .“pluvia’'
1497 1515 1715 1555 influxum

228 1583 276 1618 et
307 1577 411 1618 inde
441 1579 778 1631 receptionem:
816 1578 935 1632 quod
968 1579 1072 1619 inde
1103 1579 1308 1626 scientia,
1335 1578 1644 1631 intelligentia
1668 1584 1716 1618 et

229 1641 453 1694 sapientia
482 1640 570 1681 illis
600 1642 674 1695 qui
706 1642 764 1681 ab
794 1641 988 1682 ecclesia
1013 1648 1134 1689 sunt,
1161 1640 1441 1694 significatur
1466 1655 1545 1694 per
1572 1646 1715 1694 “gra-

229 1715 334 1744 men
350 1717 375 1743 e
392 1709 512 1744 terra
529 1703 563 1752 ;”
583 1707 608 1723 ‘⁸
624 1704 844 1756 gramen”
861 1703 1086 1757 significat
1105 1705 1400 1755 nutritionem
1418 1704 1714 1757 spiritualem,

228 1764 374 1806 simile
398 1766 519 1819 quod
547 1768 574 1785 “
592 1766 846 1818 pascuum,”
871 1773 918 1807 et
949 1767 1054 1807 inde
1079 1767 1332 1814 scientiam,
1359 1766 1715 1819 intelligentiam

229 1834 277 1868 et
301 1828 586 1881 sapientiam,
609 1842 724 1882 quae
745 1835 850 1869 sunt
876 1829 962 1870 cibi
987 1829 1270 1882 spirituales;
1303 1836 1349 1870 et
1375 1843 1455 1883 per
1479 1834 1685 1870 “terram
1696 1828 1716 1843 ”

229 1890 507 1944 significatur
528 1891 720 1932 ecclesia
741 1898 788 1932 et
811 1892 949 1932 homo
970 1892 1203 1933 ecclesiae.
1266 1892 1404 1946 Apud
1420 1893 1714 1942 Matthaeum,

296 1986 454 2018 “Amate
471 1987 637 2018 inimicos
650 1993 801 2024 vestros,
817 1988 1018 2019 benedicite
1035 1988 1332 2020 maledicentibus
1348 1989 1461 2027 vobis,
1476 1987 1714 2020 fflbenefacite

404 2030 489 2061 odio
498 2031 714 2062 habentibus
722 2041 799 2067 vos,
811 2038 846 2062 et
858 2038 959 2063 orate
970 2041 1035 2072 pro
1046 2032 1273 2063 laedentibus
1282 2039 1319 2064 et
1329 2033 1625 2073 persequentibus
1634 2043 1716 2069 vos:

402 2079 442 2105 ut
458 2074 536 2105 sitis
555 2074 616 2105 filii
637 2074 752 2105 Patris
765 2075 874 2106 vestri
891 2075 950 2115 qui
967 2076 1004 2106 in
1021 2076 1141 2113 caelis,
1155 2076 1214 2116 qui
1231 2076 1345 2107 solem
1360 2086 1465 2107 suum
1478 2076 1611 2107 exoriri
1628 2076 1715 2108 facit

391 2127 510 2157 ⁴super
526 2118 641 2149 malos
661 2125 696 2149 et
712 2119 839 2155 bonos,
857 2125 893 2149 et
910 2119 1068 2159 pluviam
1086 2119 1196 2150 mittit
1213 2128 1320 2159 super
1334 2119 1452 2160 justos
1471 2126 1507 2151 et
1525 2119 1682 2160 injustos
1694 2119 1714 2131 ”

403 2162 449 2200 (v.
465 2169 518 2199 44,
533 2161 611 2200 45):

230 2255 496 2296 describitur
539 2257 731 2309 primum
776 2256 974 2298 charitas
1018 2271 1127 2311 erga
1171 2258 1443 2311 proximum,
1484 2273 1600 2313 quae
1643 2266 1715 2300 est

230 2317 398 2380 bonum
433 2317 551 2358 velle
587 2325 634 2359 et
670 2319 839 2359 bonum
876 2319 1023 2360 facere
1061 2321 1199 2361 etiam
1235 2321 1440 2370 inimicis,
1479 2335 1558 2375 per
1594 2322 1715 2376 quod

234 2382 477 2421 “amarent
516 2379 658 2428 illos‚’¹
702 2381 1067 2423 “benedicerent
1109 2382 1238 2431 illis,”
1276 2389 1323 2424 et
1367 2387 1588 2425 “orarent
1634 2398 1716 2438 pro

231 2441 319 2482 illis
335 2442 370 2492 ;”
400 2456 504 2483 nam
525 2445 722 2496 genuina
744 2444 942 2485 charitas
965 2458 1055 2485 non
1077 2444 1255 2498 spec'tat
1277 2447 1360 2487 nisi
1385 2461 1520 2500 quam
1547 2448 1715 2489 bonum

231 2503 441 2545 alterius:
475 2505 533 2546 ibi
561 2510 750 2547 “amare
762 2506 782 2521 ”
808 2506 1033 2559 significat
1060 2507 1348 2558 charitatem,
1378 2510 1684 2552 “benedicere
1697 2511 1715 2525 '’

230 2566 586 2616 instructionem,
614 2576 661 2609 et
690 2573 854 2610 “orare
866 2569 885 2583 ’⁹
911 2570 1310 2622 intercessionem;
1349 2586 1484 2613 causa
1515 2580 1585 2614 est
1612 2575 1716 2627 quia

230 2629 352 2670 intus
391 2631 435 2671 in
474 2631 699 2673 charitate
739 2639 809 2673 est
850 2631 949 2673 finis
985 2633 1321 2676 benefaciendi:
1366 2637 1488 2689 quod
1528 2636 1614 2678 hoc
1656 2638 1715 2678 sit

231 2692 376 2745 ipsum
412 2693 623 2742 Divinum
659 2695 777 2748 apud
814 2694 1059 2744 hominem,
1093 2697 1207 2738 sicut
1245 2705 1315 2739 est
1352 2699 1470 2752 apud
1507 2699 1715 2740 homines

231 2761 539 2807 regeneratos,
567 2756 845 2809 significatur
870 2771 949 2810 per
976 2761 1063 2800 “ut
1095 2759 1193 2800 sitis
1224 2758 1301 2800 filii
1334 2761 1479 2801 Patris
1504 2763 1643 2802 vestri
1669 2763 1715 2803 in

232 2815 369 2857 caelis
385 2816 421 2867 ;”
464 2817 635 2859 “Pater
671 2820 714 2859 in
751 2819 920 2860 caelis'‘
951 2826 1022 2861 est
1058 2821 1271 2863 Divinum
1309 2824 1574 2876 procedenS,
1608 2838 1712 2866 nam

232 2890 389 2920 omnes
420 2880 492 2934 qui
523 2881 743 2935 recipiunt
769 2881 878 2923 illud
910 2882 1120 2925 dicuntur
1147 2883 1261 2926 “filii
1280 2878 1478 2936 'Patris,'’
1504 2887 1589 2928 hoc
1623 2894 1710 2937 est,
