1962 3334
585 283 691 316 CAP.
713 283 795 323 xl„
818 283 956 315 vssks.
978 274 1125 315 8.-Ν.
1145 272 1308 327 654[e].
1503 283 1506 286 ’
1585 282 1687 327 1731

203 396 291 449 per
308 395 614 449 “Aegyptum
625 394 645 410 '⁹
670 395 741 436 hic
764 394 1041 447 significatur
1064 385 1256 436 ecclesia
1280 394 1399 447 apud
1425 394 1527 435 illos
1548 394 1622 448 qui
1647 395 1692 435 in

200 458 364 500 >morali
388 459 482 499 vita
511 472 572 499 ex
597 458 790 499 naturali
820 458 987 499 lumine
1012 465 1144 508 sunt;
1183 459 1463 499 tentationes
1488 471 1600 511 quas
1629 457 1693 498 illi

205 521 406 569 subituri,
439 534 495 562 ne
531 521 746 562 naturalis
781 521 918 561 homo
948 521 1206 562 dominetur
1235 534 1368 574 super
1397 519 1690 573 spiritualem,

176 584 179 585 ⁷
200 583 485 637 'significatur
509 597 588 637 per
610 583 948 637 “quadraginta
977 597 1121 624 annos
1138 583 1173 634 ;”
1203 582 1451 624 scientifica
1474 596 1554 636 per
1578 597 1693 636 quae

206 645 528 688 confirmarunt
567 646 691 695 falsa,
729 646 1039 699 significantur
1077 660 1156 699 per
1188 646 1496 699 “Aegyptum
1507 646 1527 661 ”
1557 659 1692 700 quam

205 708 409 762 Jehovah
442 709 778 762 “congregabit
808 723 869 750 ex
899 709 1076 762 populis
1110 723 1201 762 quo
1236 709 1425 761 dispersi
1461 709 1692 758 fuerunt;”

206 771 448 813 illustratio
468 785 622 813 eorum
644 786 723 825 per
742 772 1027 825 cognitiones
1043 772 1149 820 veri,
1169 771 1446 825 significatur
1466 785 1545 824 per
1559 771 1692 812 “Re-

209 835 371 876 ducam
387 849 466 875 eos
487 849 619 888 super
631 842 797 875 terram
815 835 1044 883 Pathros‚”
1057 848 1172 888 quae
1193 839 1219 855 “
1232 842 1352 875 terra
1369 835 1691 888 negotiationis

210 897 394 938 eorum”
418 905 607 938 vocatur
636 912 695 938 ex
729 898 1063 951 cognitionibus
1093 911 1205 951 quas
1234 898 1318 938 sibi
1349 897 1692 950 comparabunt,

209 972 315 1001 nam
334 961 592 1013 “negotiari
603 960 623 974 ‘'
638 959 862 1012 significat
883 973 1146 1012 comparare
1166 966 1213 1000 et
1235 961 1567 1000 communicare
1585 973 1694 1012 cog-

209 1023 430 1063 nitiones:
467 1035 523 1062 ne
549 1021 797 1063 scientifica
822 1023 1040 1063 naturalis
1064 1023 1259 1063 hominis
1280 1035 1329 1062 se
1354 1021 1554 1070 efferant,
1578 1029 1624 1063 et
1650 1023 1694 1062 in

207 1085 404 1126 elatione
426 1084 710 1125 malefaciant
730 1085 846 1125 veris
871 1091 918 1125 et
942 1085 1073 1125 bonis
1094 1084 1314 1125 ecclesiae
1335 1091 1383 1125 et
1405 1085 1694 1126 dominentur

200 1161 342 1203 'super
364 1147 455 1195 illa,
478 1147 755 1200 significatur
775 1161 854 1200 per
878 1147 999 1200 quod
1027 1151 1197 1188 “erunt
1222 1161 1413 1200 regnum
1438 1147 1620 1197 humile,
1643 1154 1693 1188 ut

209 1223 301 1251 non
326 1211 506 1251 exaltes
537 1218 582 1251 te
613 1210 804 1263 amplius
829 1224 962 1264 super
987 1217 1165 1263 gentes,
1193 1217 1239 1251 et
1265 1211 1510 1250 diminuam
1536 1224 1614 1251 eos
1645 1217 1694 1251 ut

186 1270 300 1314 'non
337 1273 624 1314 dominentur
663 1286 797 1326 super
836 1279 1001 1326 gentes
1016 1272 1051 1324 ;”
1095 1287 1174 1326 per
1212 1276 1415 1326 “gentes
1425 1272 1444 1287 ”
1480 1274 1524 1313 in
1564 1274 1698 1325 priori

209 1335 313 1377 loco
334 1335 644 1389 significantur
665 1349 770 1376 vera
790 1335 1023 1384 ecclesiae,
1047 1342 1094 1376 et
1115 1349 1195 1388 per
1218 1339 1421 1388 “gentes
1433 1335 1452 1350 '’
1473 1336 1518 1376 in
1541 1342 1696 1388 poste·

214 1399 318 1440 riori
342 1398 459 1447 loco,
486 1398 606 1439 bona
630 1397 736 1451 ejus.
796 1397 935 1451 Apud
962 1397 1243 1447 Sachariam,

274 1496 434 1529 “Omnis
457 1497 618 1528 residuus
641 1507 687 1528 ex
708 1497 877 1528 omnibus
900 1497 1066 1537 gentibus
1085 1497 1313 1528 venientibus
1336 1504 1463 1528 contra
1487 1497 1698 1538 Hierosoly-

382 1550 477 1571 mam
490 1541 685 1571 ascendent
696 1541 740 1571 de
756 1550 854 1571 anno
870 1541 907 1571 in
923 1550 1058 1571 annum
1074 1541 1119 1572 ad
1135 1541 1355 1572 adorandum
1372 1540 1508 1581 Regem
1521 1541 1697 1582 Jehovam

381 1583 550 1621 lebaoth,
567 1590 603 1615 et
621 1584 666 1615 ad
685 1583 883 1615 feriandum
903 1583 1034 1615 festum
1052 1584 1380 1615 Tabernaculomm
1395 1594 1419 1619 :.
1434 1609 1442 1616 .
1454 1585 1529 1625 ‚qui
1549 1594 1622 1615 non
1642 1594 1699 1615 as-

382 1627 539 1658 cenderit
542 1652 635 1663 .....
643 1637 715 1658 non
735 1637 843 1667 super
860 1637 923 1659 eos
942 1628 1010 1658 erit
1029 1628 1168 1667 pluvia:
1192 1634 1228 1658 et
1246 1628 1277 1658 si
1296 1627 1434 1658 familia
1448 1628 1604 1668 Aegypti
1624 1638 1698 1659 non

381 1671 591 1708 ascenderit,
612 1680 677 1702 nec
701 1671 850 1708 venerit,
869 1680 984 1711 neque
1008 1681 1087 1702 cum
1111 1671 1193 1709 illis,
1213 1671 1279 1702 erit
1303 1671 1411 1711 plaga
1433 1681 1503 1712 qua
1526 1673 1699 1712 percutiet

381 1713 544 1756 Jehovah
559 1721 686 1754 gentes
699 1713 718 1725 ’⁹
734 1714 818 1754 (xiv.
838 1714 973 1753 16-18):

207 1811 321 1854 haec
342 1825 519 1866 quoque
545 1811 601 1851 de
623 1811 822 1852 adventu
844 1811 1026 1853 Domini
1051 1818 1098 1852 et
1124 1812 1180 1852 de
1202 1812 1526 1853 instauratione
1548 1812 1696 1854 eccle-

209 1875 300 1916 siae
324 1875 383 1915 ab
407 1875 541 1927 Ipso:
575 1887 654 1927 per
677 1874 893 1926 “Regem
916 1873 1135 1926 Jehovam
1158 1874 1404 1922 Zebaoth‚”
1426 1889 1559 1928 quem
1585 1876 1696 1916 ado-

208 1937 360 1985 raturi,
376 1936 644 1989 intelligitur
661 1938 882 1978 Dominus
899 1951 908 1987 ;
935 1950 1015 1989 per
1034 1940 1059 1956 “
1071 1937 1236 1977 festum
1253 1937 1666 1978 Tabernaculorum
1679 1938 1699 1953 ’'

209 1999 487 2052 significatur
512 2000 799 2052 implantatio
825 2000 930 2040 boni
962 2013 1041 2052 per
1065 2013 1199 2049 vera;
1237 2001 1358 2053 quod
1389 2014 1479 2041 non
1504 2001 1699 2041 influxus

210 2063 303 2103 veri
328 2069 375 2103 et
400 2062 507 2103 boni
532 2077 558 2102 a
583 2063 781 2103 Domino
802 2063 860 2110 sit
885 2063 972 2103 illis
997 2063 1071 2116 qui
1096 2076 1187 2103 non
1213 2063 1270 2103 ad
1291 2062 1531 2104 ecclesiam
1554 2064 1698 2116 Ipsius

213 2125 450 2172 accedunt,
477 2125 753 2177 significatur
779 2139 858 2178 per
885 2124 1011 2177 “Qui
1038 2139 1127 2165 non
1153 2126 1422 2174 ascenderit,
1451 2140 1541 2166 non
1567 2140 1699 2179 super

211 2201 291 2228 eos
311 2188 394 2228 erit
415 2187 566 2240 pluvia
582 2187 616 2238 ;”
651 2188 725 2241 qui
746 2188 791 2228 in
814 2188 1006 2228 naturali
1029 2187 1195 2228 lumine
1220 2202 1279 2228 ex
1305 2188 1412 2229 solis
1438 2189 1695 2230 scientificis

211 2256 332 2298 sunt,
355 2257 403 2292 et
429 2264 518 2291 non
544 2251 660 2303 apud
688 2251 790 2291 illos
814 2251 1071 2303 implantari
1096 2251 1264 2292 bonum
1290 2265 1370 2304 per
1394 2266 1499 2292 vera
1525 2258 1694 2304 potest.

51 2319 86 2335 ’
147 2338 151 2342 «
203 2314 333 2368 'quod
367 2314 411 2354 in
448 2315 593 2354 omnis
629 2315 806 2367 generis
843 2314 972 2354 malis
1007 2321 1054 2355 et
1090 2314 1211 2355 salsis
1246 2321 1390 2363 erunt,
1422 2314 1700 2368 significatur

213 2389 294 2430 per
325 2375 408 2417 “Si
444 2376 610 2417 familia
645 2376 852 2430 Aegypti
891 2390 981 2417 non
1019 2377 1288 2424 ascenderit,
1321 2376 1404 2418 erit
1441 2378 1577 2430 plaga
1612 2391 1700 2431 qua

211 2440 433 2493 percutiet
462 2439 666 2492 Jehovah
691 2439 891 2492 gentes.‘’
949 2439 1088 2492 Apud
1112 2439 1316 2488 Esaiam,

281 2538 300 2551 ¹¹
311 2537 388 2578 Ego
404 2537 566 2580 Jehovah
585 2538 681 2570 Deus
698 2545 789 2575 tuus,
807 2535 959 2569 Sanc‘tus
978 2537 1132 2575 Israelis,
1147 2537 1311 2569 Salvator
1326 2545 1417 2576 tuuS,
1430 2539 1511 2570 dedi
1527 2539 1700 2579 expiatio·

387 2591 469 2612 nem
494 2582 543 2612 tui
563 2582 780 2622 Aegyptum,
801 2581 918 2612 Cusch
942 2587 977 2612 et
1001 2581 1129 2612 Sebam
1153 2581 1233 2613 loco
1253 2582 1329 2619 tui„
1344 2606 1352 2614 .
1366 2607 1373 2614 .
1387 2583 1495 2614 .dabo
1514 2582 1697 2614 hominem

385 2624 464 2656 loco
481 2625 541 2663 tui,
558 2631 593 2656 et
609 2626 778 2665 populum
796 2634 861 2665 pro
876 2625 998 2655 anima
1013 2631 1073 2656 tua
1084 2624 1103 2636 ’'
1119 2624 1217 2665 (xliii.
1235 2633 1266 2664 3,
1281 2626 1316 2665 4)
1331 2637 1338 2657 :

212 2723 324 2764 haec
356 2737 532 2777 quoque
569 2723 624 2763 de
657 2723 866 2771 Domino,
900 2730 946 2764 et
982 2724 1038 2764 de
1074 2724 1383 2778 redemptione
1414 2725 1590 2766 illorum
1621 2726 1696 2779 qui

213 2792 467 2839 agnoscunt
494 2785 659 2838 Ipsum,
686 2793 732 2826 et
758 2800 817 2826 ex
843 2784 1080 2827 affectione
1102 2787 1323 2839 recipiunt
1348 2802 1455 2828 vera
1479 2788 1536 2828 ab
1563 2788 1667 2840 Ipso
1687 2803 1696 2838 ;

212 2848 466 2902 redemptio
501 2847 777 2901 significatur
813 2862 891 2901 per
929 2850 1314 2902 “expiationem,”
1351 2863 1517 2903 perque
1557 2850 1699 2891 “loco

212 2911 281 2952 tui
293 2909 312 2925 ”
336 2917 384 2952 et
407 2914 525 2963 “pro
550 2911 698 2952 anima
719 2917 797 2952 tua
813 2911 849 2962 ;'’
879 2909 1055 2953 affectio
1080 2912 1294 2954 naturalis
1316 2913 1486 2954 sciendi
1509 2927 1613 2954 vera
1638 2927 1698 2954 ex
