1962 3334
0 687 19 841 ξ

0 846 12 940 Ξ

557 277 663 310 CAP.
686 278 769 318 XL,
792 278 930 310 VERs.
958 270 1129 310 18.—N.
1150 268 1317 323 696[b].
1471 270 1474 273 ’
1573 270 1680 322 1859

197 384 291 431 veri
314 389 561 439 intellectu,
586 391 672 432 hoc
698 397 783 439 est,
807 391 1054 432 secundum
1075 392 1383 445 receptionem
1409 391 1515 432 boni
1541 392 1678 432 corde

198 459 246 494 et
279 454 585 506 receptionem
619 454 711 494 veri
747 455 908 494 anima.
969 453 1059 495 Sed
1099 454 1211 495 haec
1253 468 1367 508 quae
1404 467 1521 495 nunc
1558 452 1679 494 dicta

198 521 317 564 sunt,
340 516 592 557 evidentius
613 514 823 557 constare
849 515 1075 570 fflpossunt
1097 531 1157 558 ex
1182 517 1474 570 sequentibus
1495 516 1607 557 locis
1632 517 1677 557 in

197 577 353 619 Verbo
368 578 576 632 2—Apud
599 579 768 628 Μοςεη,

262 672 386 714 “Quid
403 673 564 715 Jehovah
586 674 697 705 Deus.
712 675 815 714 .petit
833 684 855 705 a
873 681 918 711 te,
939 675 1007 706 nisi
1031 681 1070 706 ut
1089 675 1216 706 timeas
1234 675 1409 717 Jehovam
1431 675 1547 707 Deum
1566 682 1676 714 tuum,

368 718 414 748 ad
432 717 585 748 eundum
606 718 642 748 in
666 718 831 749 omnibus
851 718 918 749 viis
939 718 1066 758 Ipsius,
1085 726 1121 749 et
1143 719 1188 750 ad
1211 720 1402 750 amandum
1426 719 1559 759 Ipsum,
1579 727 1614 751 et
1633 721 1678 751 ad

368 761 592 791 serviendum
610 761 767 802 Jehovae
788 761 866 792 Deo
885 768 957 799 tuo,
978 771 1023 793 ex
1041 768 1117 793 toto
1136 763 1242 794 corde
1260 769 1333 800 tuo,
1350 769 1385 793 et
1404 773 1448 794 ex
1467 769 1543 794 tota
1557 763 1679 794 anima

368 803 470 836 tua?''
486 804 620 842 (Deutr.
637 815 669 836 x.
689 813 738 839 12.
756 813 799 835 20
810 805 833 844 :)

195 898 357 939 dicitur
401 899 597 939 “timere
636 898 857 951 Jehovam
902 899 1090 947 Deum,’‘
1131 900 1235 941 “ire
1277 900 1322 940 in
1367 901 1448 940 viis
1493 900 1677 954 Ipsius,”

198 963 385 1001 “amare
407 961 600 1014 Ipsum,’‘
621 969 667 1002 et
688 963 890 1002 “servire
915 962 1045 1016 Ipsi,”
1067 968 1114 1003 et
1136 976 1215 1016 per
1236 963 1387 1004 omnia
1408 963 1486 1003 illa
1508 964 1675 1004 descri-

193 1022 314 1063 bitur
333 1023 482 1064 cultus
507 1037 585 1076 per
606 1038 711 1064 vera
736 1038 795 1065 ex
822 1025 968 1075 bono;
1001 1024 1154 1066 cultus
1180 1039 1258 1078 per
1279 1039 1385 1066 vera
1407 1025 1678 1078 intelligitur

193 1098 273 1138 per
299 1086 499 1126 “timere
522 1086 743 1139 Jehovam
770 1086 948 1127 Deum”
974 1100 1025 1128 ac
1056 1089 1262 1128 “servire
1294 1088 1425 1141 Ipsi,”
1450 1095 1496 1129 et
1528 1089 1677 1129 cultus

193 1162 254 1188 ex
279 1148 399 1189 bono
425 1162 502 1201 per
526 1150 624 1189 “ire
650 1150 694 1189 in
716 1150 796 1189 viis
823 1149 966 1202 Ipsius
977 1149 997 1165 ‘'
1018 1156 1066 1190 et
1090 1154 1280 1191 “amare
1303 1151 1456 1203 Ipsum
1473 1151 1507 1191 :’'
1538 1165 1675 1204 quare

194 1211 332 1252 etiam
357 1211 519 1252 dicitur
544 1215 641 1252 “ex
664 1218 765 1252 toto
787 1213 953 1253 corde”
975 1219 1021 1253 et
1047 1217 1145 1253 “ex
1172 1219 1273 1254 tota
1295 1215 1446 1254 anima
1462 1213 1496 1263 ;”
1530 1214 1676 1254 “cor''

194 1272 418 1326 significat
443 1274 610 1314 bonum
637 1275 800 1314 amoris
826 1281 873 1315 et
899 1274 1281 1329 charitatisquod
1307 1282 1378 1316 est
1409 1276 1675 1324 voluntatis,

193 1341 241 1376 et
273 1337 459 1376 “anima
471 1335 490 1350 ”
521 1336 744 1389 significat
776 1351 929 1378 verum
961 1336 1194 1379 doctrinae
1231 1345 1278 1379 et
1314 1337 1417 1379 fidei
1453 1339 1574 1392 quod
1606 1347 1676 1380 est

192 1396 476 1448 intelle&us;
521 1412 599 1439 cor
639 1400 757 1440 enim
795 1401 1119 1453 correspondet
1160 1401 1281 1441 bono
1318 1402 1497 1448 amoris,
1536 1415 1588 1442 ac
1630 1403 1675 1442 in

192 1461 375 1502 homine
406 1460 498 1513 ejus
529 1461 770 1509 voluntati,
798 1470 845 1503 et
876 1464 1026 1503 anima
1058 1464 1384 1516 correspondet
1415 1478 1522 1504 vero
1554 1463 1673 1511 fidei,

193 1537 245 1565 ac
277 1524 321 1564 in
352 1524 532 1564 homine
558 1524 649 1576 ejus
675 1524 950 1576 intelle&ui;
988 1540 1066 1579 per
1094 1527 1328 1567 “animam
1341 1526 1360 1541 ”
1386 1528 1505 1567 enim
1537 1528 1676 1568 intel-

194 1586 347 1639 ligitur
371 1587 586 1627 animatio
618 1602 696 1628 seu
727 1590 962 1641 respiratio
988 1589 1195 1635 hominis,
1223 1603 1338 1642 quae
1370 1590 1508 1630 etiam
1533 1604 1673 1631 voca-

194 1652 267 1687 tur
290 1646 384 1699 ejus
405 1648 600 1700 SPlritUS.
658 1659 770 1697 (Quod
783 1657 800 1667 ¹¹
814 1661 922 1689 anima
932 1660 948 1669 ''
962 1660 995 1689 in
1009 1661 1118 1689 Verbo
1132 1661 1288 1698 significet
1302 1662 1398 1690 vitam
1414 1661 1499 1696 fidei,
1514 1666 1546 1690 et
1561 1659 1578 1670 ‘¹
1590 1672 1647 1691 cor
1658 1662 1677 1672 '¹

192 1710 290 1738 vitam
308 1711 434 1745 amoris,
454 1711 598 1740 videatur
615 1712 648 1740 in
669 1713 807 1741 Arcam}
830 1713 1023 1747 caelestibus,
1043 1722 1075 1743 n.
1096 1722 1186 1750 2930,
1207 1711 1335 1750 [²19050,
1355 1715 1461 1752 9281.)
1532 1705 1676 1757 Apud

194 1761 400 1809 eundem,

260 1859 278 1871 ‘⁴
291 1857 378 1890 Post
392 1858 566 1900 Jehovam
589 1859 702 1890 Deum
720 1866 877 1891 vestrum
897 1860 1003 1897 ibitis,
1024 1859 1216 1902 Ipsumque
1234 1861 1414 1898 timebitis,
1430 1867 1469 1892 ut
1488 1868 1677 1902 praecepta

368 1901 483 1942 Ipsius
507 1903 722 1940 custodiatis,
747 1910 781 1934 et
804 1913 927 1934 vocem
955 1903 1071 1943 Ipsius
1095 1904 1256 1941 audiatis,
1282 1914 1322 1935 ac
1349 1904 1422 1945 Ipsi
1446 1905 1620 1943 serviatis,
1640 1913 1676 1936 et

368 1944 440 1985 Ipsi
456 1946 676 1977 adhaereatis
687 1946 705 1957 ”
722 1946 856 1986 (Deutr.
873 1947 943 1978 xiii.
963 1955 979 1985 5
1002 1945 1061 1988 [B.
1077 1949 1122 1979 A.
1138 1945 1210 1988 4]):

196 2042 345 2092 “post,
366 2039 586 2092 Jehovam
619 2040 763 2081 Deum
790 2041 891 2088 ire,”
920 2045 945 2061 “
962 2048 1208 2094 praecepta
1239 2042 1384 2095 Ipsius
1410 2043 1676 2089 custodire‚'’

193 2109 241 2143 et
274 2103 402 2156 “Ipsi
433 2103 717 2149 adhaerere,''
749 2103 1006 2155 significant
1040 2104 1207 2144 bonum
1239 2106 1378 2153 vitae,
1412 2106 1477 2145 ita
1507 2106 1676 2146 bonum

141 2193 147 2196 ·
193 2166 370 2213 amoris,
394 2179 453 2205 ex
479 2179 566 2218 quo
589 2165 735 2205 cultus
755 2180 764 2215 ;
798 2179 848 2205 ac
875 2166 1132 2218 “Jehovam
1161 2167 1307 2207 Deum
1331 2167 1529 2215 timere,’'
1553 2171 1578 2187 “
1594 2182 1675 2208 νο-

194 2240 294 2267 cem
320 2227 462 2280 Ipsius
488 2228 676 2275 audire,’'
698 2235 744 2268 et
769 2229 900 2281 “Ipsi
922 2229 1126 2277 servire,'’
1148 2229 1406 2282 significant
1433 2244 1539 2270 vera
1565 2231 1675 2272 doc-

194 2290 352 2338 trinae,
390 2291 454 2330 ita
488 2304 593 2330 vera
629 2289 731 2330 fidei
772 2304 851 2343 per
891 2305 1004 2344 quae
1041 2291 1202 2332 cultus.
1265 2291 1492 2344 Quoniam
1529 2294 1675 2333 omnis

195 2351 342 2392 cultus
363 2352 544 2393 Domini
571 2354 652 2393 erit
676 2367 753 2406 per
774 2367 880 2393 vera
905 2368 964 2394 ex
987 2354 1121 2400 bono,
1146 2362 1192 2395 et
1219 2367 1309 2394 non
1335 2369 1414 2408 per
1435 2369 1541 2395 vera
1566 2356 1672 2396 abs-

194 2427 279 2467 que
314 2415 449 2463 bono,
483 2429 564 2455 nec
603 2429 681 2468 per
718 2416 885 2456 bonum
917 2417 1086 2470 absque
1117 2418 1246 2464 veris,
1278 2417 1380 2457 ideo
1412 2418 1456 2457 in
1488 2418 1675 2470 singulis

194 2475 334 2517 Verbi
363 2484 434 2517 est
466 2478 719 2530 conjugium
754 2479 858 2518 boni
889 2485 936 2519 et
962 2479 1068 2527 veri,
1097 2485 1144 2520 ut
1174 2480 1219 2519 in
1251 2479 1363 2520 locis
1383 2479 1476 2532 jam
1507 2481 1672 2529 allatis,

194 2543 242 2577 et
266 2551 444 2590 quoque
466 2539 509 2577 in
536 2539 844 2591 sequentibus.
903 2550 968 2587 (De
983 2551 1133 2587 conjugio
1146 2551 1223 2579 boni
1239 2556 1270 2580 et
1289 2552 1353 2580 veri
1369 2552 1401 2580 in
1420 2552 1551 2589 singulis
1566 2553 1674 2586 Verbi,

194 2600 337 2629 videatur
349 2610 454 2638 supra,
470 2610 500 2629 n.
518 2592 598 2642 238
617 2602 679 2631 fin..
697 2593 840 2640 288[b].
856 2591 967 2640 660)
1025 2593 1165 2646 Apud
1195 2594 1408 2642 eundem,

260 2683 460 2725 “Jehovam
483 2684 595 2715 Deum
621 2692 718 2716 tuum
744 2686 893 2722 timebis,
915 2685 987 2726 Ipsi
1007 2687 1152 2724 servies,
1178 2686 1321 2729 Ipsique
1341 2688 1560 2726 adhaerebis,
1580 2694 1615 2719 et
1639 2688 1675 2719 in

368 2728 512 2758 nomine
532 2727 646 2768 Ipsius
663 2728 825 2768 jurabis'’
843 2729 977 2769 (Deutr.
995 2740 1027 2761 x.
1045 2728 1157 2770 [3120):

195 2821 331 2862 etiam
376 2821 446 2862 hic
491 2823 686 2863 “timere
726 2822 947 2875 Jehovam
994 2823 1172 2865 Deum”
1212 2832 1259 2866 et
1303 2826 1505 2866 “servire
1551 2826 1674 2879 Ipsi''

194 2884 430 2925 involvunt
467 2899 571 2926 vera
605 2885 779 2937 cultus;
820 2900 872 2927 ac
906 2886 1144 2940 “Jehovae
1182 2888 1284 2931 Deo
1318 2889 1594 2930 adhaere1·e”
1626 2895 1674 2930 et
