1962 3334
273 288 381 342 1614
682 297 1016 330 APOCALvPsm
1046 298 1346 331 EXPLICATA.

443 410 540 449 mini,
566 411 740 443 remittite
758 417 793 443 et
818 411 1022 443 remittetur
1045 412 1160 450 vobis,
1178 412 1260 444 date
1285 418 1321 444 et
1345 411 1489 443 dabitur
1512 411 1639 450 vobis;
1664 421 1761 444 men-

441 465 562 486 suram
596 456 745 493 bonam,
772 465 944 495 pressam,
969 456 1142 495 agitatam
1175 462 1211 487 et
1241 456 1522 496 superfluentem
1558 456 1696 487 dabunt
1725 457 1761 486 in

442 499 562 530 sinum
579 505 739 530 vestrum
754 508 761 536 ;
782 509 852 540 qua
868 499 964 530 enim
982 509 1151 531 mensura
1168 499 1357 537 metimini,
1374 499 1609 531 remetientur
1629 499 1732 531 vobis
1743 498 1761 510 ''

442 542 503 582 (vi·
519 550 574 582 37,
586 542 662 583 38);

267 628 361 666 (haec
374 628 531 666 explicata
542 628 710 657 videantur
722 628 753 657 in
766 637 863 666 opere
877 629 928 657 De
946 628 1036 658 Caelo
1050 632 1080 657 et
1094 629 1230 667 Inferna,
1247 637 1279 657 n.
1295 637 1354 665 349
1366 629 1388 666 ε)
1414 622 1461 657 et
1484 616 1605 670 apud
1625 616 1687 657 M
1681 630 1760 657 ar·

266 684 377 719 cum,

333 754 443 796 “Qua
467 765 638 786 mensura
661 755 877 787 mensuratis
903 765 946 787 ea
971 755 1281 786 remensurabitur
1304 754 1418 792 vobis,
1439 760 1474 786 et
1498 754 1761 794 superaddetur

442 799 546 830 vobis
566 799 816 835 audientibus:
841 799 1000 840 quisquis
1025 799 1143 836 habet,
1164 798 1308 829 dabitur
1327 798 1389 836 illi,
1414 798 1478 829 sed
1502 797 1666 839 quisquis
1686 807 1759 829 non

439 843 559 880 habet,
577 843 685 874 etiam
703 843 798 884 quod
812 843 919 874 habet
936 842 1117 873 auferetur
1134 843 1179 873 ab
1194 841 1285 873 illo”
1303 842 1362 881 (iv.
1378 849 1428 880 24,
1444 841 1517 881 25):

264 930 330 970 ita
354 930 625 970 describitur
649 929 852 970 charitas
878 943 987 982 erga
1013 929 1287 983 proximum,
1315 942 1393 969 seu
1424 928 1604 970 affectio
1629 929 1758 982 spiri-

263 992 401 1033 tualis
423 993 517 1033 veri
543 999 590 1033 et
616 992 751 1042 boni;
784 1005 964 1045 nempe,
988 998 1211 1045 quantum
1237 998 1284 1032 et
1310 990 1505 1045 qualiter
1526 991 1688 1045 aliquis
1713 992 1758 1032 in

264 1055 344 1096 illa
369 1055 595 1096 charitate
621 1069 701 1096 seu
732 1056 776 1095 in
807 1055 886 1095 illa
916 1054 1156 1096 affectione
1187 1061 1257 1095 est
1287 1055 1332 1094 in
1363 1054 1549 1102 mundo,
1576 1050 1758 1095 tantum

262 1118 308 1158 in
329 1118 454 1159 illam
469 1119 595 1159 venit
614 1124 719 1172 post
738 1124 935 1159 mortem
954 1131 962 1158 :
990 1118 1112 1171 quod
1135 1131 1226 1158 non
1244 1117 1543 1170 cogitandum
1561 1118 1618 1158 sit
1637 1118 1758 1159 male

263 1181 320 1221 de
346 1181 469 1222 bono
495 1187 541 1222 et
568 1182 625 1222 de
651 1195 775 1229 vero,
803 1180 1080 1233 intelligitur
1111 1194 1190 1233 per
1218 1179 1330 1220 “Ne
1351 1179 1554 1232 judicate
1586 1186 1635 1221 ut
1666 1195 1757 1222 non

258 1242 539 1296 judicemini,
556 1250 603 1284 et
622 1257 677 1285 ne
695 1244 1007 1285 condemnate
1026 1249 1074 1283 ut
1095 1256 1185 1283 non
1204 1243 1620 1294 condemnemini;’'
1638 1244 1758 1285 male

263 1307 470 1359 cogitare
495 1307 552 1347 de
579 1307 702 1347 malo
727 1313 775 1348 et
801 1307 857 1347 de
879 1306 995 1347 falso
1021 1306 1161 1347 cuivis
1188 1306 1310 1354 licet,
1335 1306 1414 1346 sed
1437 1319 1528 1346 non
1554 1306 1610 1347 de
1636 1307 1758 1347 bono

262 1375 310 1409 et
336 1383 460 1418 vero,
486 1383 590 1410 nam
613 1369 725 1410 haec
751 1370 796 1409 in
822 1369 1046 1422 spirituali
1071 1382 1207 1409 sensu
1229 1375 1334 1410 sunt
1360 1369 1621 1422 proximus:
1654 1370 1758 1422 quia

263 1438 335 1472 est
361 1432 565 1473 charitas
592 1446 701 1485 erga
733 1433 992 1486 proximum
1024 1445 1139 1485 quae
1171 1431 1459 1484 intelligitur,
1487 1431 1591 1472 ideo
1617 1432 1757 1472 etiam

263 1494 442 1543 dicitur,
478 1495 767 1536 “Remittite
798 1501 845 1535 et
880 1495 1144 1535 remittetur
1173 1494 1318 1542 vobis,
1352 1494 1460 1535 date
1497 1500 1543 1535 et
1575 1495 1759 1535 dabitur

265 1557 396 1598 vobis
414 1557 448 1598 :’'
493 1558 614 1611 quod
658 1557 838 1598 affectio
881 1557 1128 1610 spiritualis
1172 1570 1286 1610 quae
1325 1563 1517 1597 vocatur
1559 1557 1758 1599 charitas

263 1633 559 1672 permansura
584 1622 641 1661 sit
669 1627 774 1674 post
803 1626 1003 1661 mortem
1030 1620 1281 1660 secundum
1307 1626 1528 1673 quantum
1551 1626 1598 1661 et
1623 1621 1757 1674 quale

263 1681 372 1735 ejus,
400 1683 677 1736 intelligitur
702 1697 781 1737 per
809 1687 834 1703 “
852 1682 955 1736 Qua
981 1696 1193 1723 mensura
1222 1683 1496 1723 mensuratis
1522 1696 1756 1724 remensu-

264 1745 437 1787 rabitur
459 1746 589 1786 vobis
607 1745 642 1796 ;’'
668 1753 714 1786 et
738 1746 859 1799 quod
882 1745 926 1786 id
952 1752 1174 1799 quantum
1197 1751 1243 1786 et
1269 1745 1402 1799 quale
1423 1744 1688 1798 implebitur
1712 1747 1757 1787 in

263 1815 517 1855 aeternum,
550 1808 825 1861 intelligitur
865 1821 945 1861 per
980 1808 1101 1861 quod
1136 1812 1387 1848 “mensura
1422 1808 1757 1861 superaddetur

262 1871 392 1911 vobis
427 1870 761 1919 audientibus‚”
792 1877 838 1911 et
878 1871 999 1924 quod
1034 1871 1116 1910 “in
1156 1871 1302 1911 sinum
1334 1871 1516 1912 dabitur
1548 1884 1759 1912 mensura

264 1935 397 1984 bona,
433 1949 599 1988 pressa,
633 1936 808 1988 agitata
840 1942 886 1975 et
918 1935 1191 1988 superfluens
1209 1935 1242 1986 ;”
1286 1938 1533 1977 “mensura
1547 1936 1566 1952 '²
1597 1937 1658 1977 ibi
1688 1943 1758 1977 est

266 2005 484 2051 quantum
507 2005 553 2039 et
585 1998 716 2052 quale
740 1996 988 2038 affectionis
1020 2012 1098 2038 seu
1124 1998 1357 2040 charitatis
1389 1999 1508 2053 quod
1541 2000 1585 2041 in
1610 2005 1758 2040 aeter-

266 2075 372 2102 num
398 2062 516 2102 intra
542 2075 621 2102 seu
647 2062 894 2102 secundum
921 2061 1110 2114 gradum
1137 2061 1229 2114 ejus
1259 2062 1303 2102 in
1331 2063 1499 2104 mundo
1521 2063 1759 2116 augebitur

265 2133 425 2169 (videatur
437 2133 468 2162 in
482 2133 555 2162 loco
569 2142 666 2171 supra
685 2133 781 2162 citato
801 2133 834 2161 in
853 2142 950 2170 opere
966 2134 1016 2162 De
1033 2134 1122 2162 Caelo
1137 2137 1166 2162 et
1180 2134 1317 2172 Inferna.
1333 2143 1364 2164 n.
1380 2135 1454 2172 349)
1472 2137 1480 2164 Σ
1518 2124 1640 2178 quod
1671 2124 1757 2165 hoc

266 2183 343 2225 fiet
385 2184 472 2224 illis
513 2185 586 2238 qui
628 2184 897 2225 charitatem
939 2190 1172 2232 exercent,
1210 2185 1477 2238 intelligitur
1518 2199 1596 2238 per
1637 2186 1758 2239 quod

268 2247 633 2300 “superaddetur
655 2248 782 2288 vobis
809 2247 1094 2287 audientibus
1111 2246 1145 2298 ;''
1172 2247 1444 2288 “audientes
1457 2248 1475 2263 ’³
1501 2248 1757 2301 significant

265 2310 530 2351 obedientes
572 2317 619 2350 et
661 2309 893 2350 facientes.
962 2308 1096 2362 Quod
1140 2313 1329 2350 “amare
1371 2311 1628 2363 proximum
1641 2311 1660 2327 ''
1700 2312 1758 2353 sit

267 2386 418 2413 amare
445 2386 599 2413 verum
626 2380 672 2414 et
698 2373 880 2421 bonum,
905 2379 1000 2414 tum
1027 2373 1249 2414 sincerum
1275 2379 1320 2413 et
1342 2372 1526 2426 justum,
1554 2375 1759 2416 videatur

266 2434 311 2474 in
332 2433 554 2474 Domina
578 2434 734 2474 Novae
753 2434 1092 2487 Hz'erosohtmae
1113 2444 1157 2482 (n.
1179 2445 1326 2482 84-106).
1386 2434 1522 2487 Quod
1547 2448 1639 2476 non
1669 2435 1759 2476 alia

266 2496 487 2548 cogitatio
516 2509 598 2537 nec
627 2496 747 2536 aliud
774 2495 988 2549 judicium
1019 2496 1298 2549 intelligatur
1324 2510 1457 2550 quam
1489 2497 1545 2538 de
1577 2498 1756 2550 spiritu-

267 2558 324 2599 ali
355 2559 449 2599 vita
480 2558 677 2608 alterius,
711 2566 920 2600 constare
957 2565 1110 2612 potest
1148 2573 1207 2599 ex
1239 2573 1308 2608 eo,
1341 2560 1460 2613 quod
1493 2561 1631 2601 cuivis
1662 2560 1756 2601 lici-

264 2628 362 2663 tum
388 2623 446 2662 sit
469 2623 670 2675 cogitare
695 2622 749 2663 de
775 2621 959 2663 alterius
982 2622 1075 2662 vita
1100 2621 1258 2662 morali
1283 2628 1330 2663 et
1353 2622 1484 2672 civili,
1507 2629 1553 2664 et
1580 2637 1756 2677 quoque

268 2686 324 2725 de
355 2698 408 2725 ea
429 2684 654 2737 judicare;
690 2685 858 2739 absque
891 2685 971 2726 tali
992 2684 1157 2737 judicio
1189 2691 1235 2725 et
1263 2686 1541 2738 cogitatione
1574 2686 1630 2726 de
1661 2686 1757 2726 aliis

265 2746 523 2788 nullatenus
555 2754 707 2800 potest
739 2748 888 2801 aliqua
918 2748 1113 2788 societas
1145 2747 1286 2788 civilis
1312 2748 1582 2799 subsistere;
1620 2762 1755 2802 quare

266 2824 346 2863 per
373 2814 500 2850 “non
527 2809 725 2863 judicare
757 2817 803 2852 et
836 2811 1138 2851 condemnare
1151 2810 1170 2826 ’'
1201 2810 1478 2863 significatur
1509 2824 1599 2852 non
1630 2811 1754 2864 cogi·

267 2882 364 2915 tare
401 2873 517 2914 male
555 2874 610 2914 de
648 2875 856 2926 proximo
892 2873 1183 2926 spiritualiter
1218 2872 1467 2921 intellecto,
1501 2887 1662 2926 nempe
1698 2874 1754 2914 de

264 2935 353 2979 fide
389 2943 435 2979 et
471 2950 624 2978 amore
663 2936 769 2990 ejus,
807 2951 919 2991 quae
957 2944 1061 2978 sunt
1099 2938 1217 2979 vitae
1254 2937 1495 2991 spiritualis
1532 2937 1753 2988 hominis;
