1962 3334
246 329 248 332 ι
304 270 412 323 1634
716 280 1049 315 APOCALYPSIS
1082 284 1382 316 EXPLICATA.

930 437 1067 461 VERSUS
1084 438 1113 469 3,
1130 438 1162 469 4.

379 495 561 555 6340‘
564 509 614 536 ‘ft
628 510 702 537 dabo
717 511 827 537 duobus
839 512 967 538 testibus
982 512 1063 543 mels,
1078 514 1109 538 et
1123 512 1338 544 prophetabunt
1353 513 1455 539 diebus
1470 513 1547 539 mllle
1560 513 1692 540 dueerm'e
1707 520 1797 540 sexa-

297 548 442 613 ygntczll
406 549 611 576 circuminduti
625 551 731 577 saccis.
769 551 804 577 m
820 553 891 578 sunt
904 553 978 578 duae
993 552 1094 582 olivae
1111 554 1142 578 et
1157 554 1212 578 duo
1227 553 1410 584 candelabra,
1427 560 1501 586 quae
1515 560 1611 579 coram
1627 553 1683 580 Deo
1697 555 1797 580 terrae

297 594 313 613 s
328 594 365 613 an
391 587 431 614 α,’

343 668 374 702 3.
409 660 471 693 “ft
494 660 580 694 dabo
597 660 730 695 duobus
755 662 903 696 testibus
915 662 1011 701 meis,
1013 662 1208 704 ”signifieat
1225 664 1345 695 bonum
1362 664 1487 695 amoris
1509 669 1540 695 et
1554 664 1741 702 charitatis,
1758 675 1798 695 ac

439 715 441 718 ⁴
475 716 595 736 verum
611 707 787 738 doc'lrinae
809 712 840 738 et
842 707 942 749 fidet
960 713 1140 749 utrumque
1162 720 1184 739 a
1205 708 1354 739 Domino
1373 708 1424 751 [n.
1444 708 1548 750 635];
1579 711 1636 741 “ei
1648 708 1796 751 prophe-

476 749 598 783 tabunt
620 750 740 784 diebus
763 751 855 785 mille
879 751 1036 785 ducentis
1059 752 1268 795 sexagintal'
1291 752 1454 794 significat
1478 754 1568 795 quod
1587 753 1747 784 docebunt
1767 758 1798 784 et

475 805 561 836 quae
583 795 790 827 docebuntur
803 807 905 838 usque
921 797 1089 839 adfinem
1114 798 1261 828 ecclesiae
1275 802 1367 828 veter
1368 808 1395 828 ts
1417 802 1448 828 et
1461 797 1674 839 princzPiunt
1691 808 1798 828 novae

479 838 530 881 [n.
549 838 653 881 636];
681 839 943 874 “clrcuml'nduti
956 840 1093 878 saccisf
1094 840 1283 882 'significat
1300 852 1337 872 tn
1354 842 1450 873 lustu
1458 846 1597 883 propter
1611 852 1679 872 non
1693 846 1795 883 recep·

475 884 597 914 tionem
616 884 750 916 Di'vzm
764 885 858 916 Boni
878 895 918 916 ac
934 886 1066 917 Divz'ni
1091 886 1168 917 Veri
1187 886 1238 928 [n.
1257 885 1354 928 637].

341 954 375 986 4.
409 946 472 979 “m
485 950 569 980 sunt
583 947 673 981 duae
690 948 811 986 olivae,
830 951 867 982 et
888 949 956 981 duo
979 948 1395 990 candelabra”s'1gnificat
1412 949 1534 980 bonum
1551 950 1679 981 caeleste
1701 954 1732 980 et
1746 949 1795 980 bo-

475 1003 560 1023 num
572 993 757 1033 spzrz'tuale,
769 1004 825 1024 seu
841 994 963 1024 bonum
977 995 1101 1025 amoris
1116 999 1146 1025 et
1157 1005 1276 1025 verum
1295 995 1388 1025 i'llzus
1399 995 1479 1025 boni
1495 994 1546 1037 [n.
1560 993 1662 1036 638];
1689 998 1798 1036 “quae

476 1046 592 1069 coram
610 1037 678 1070 oeo
696 1040 812 1071 terrae
824 1037 983 1074 stantia”
999 1037 1159 1089 significat
1175 1050 1261 1080 quae
1275 1043 1356 1069 sunt
1367 1039 1506 1069 Dzvzna
1523 1049 1543 1069 a
1560 1038 1709 1069 Domino
1717 1043 1796 1079 pto-

475 1082 632 1120 cedentia,
649 1093 688 1113 ac
703 1087 784 1113 sunt
799 1083 908 1124 Ipszus
925 1083 962 1114 in
980 1084 1066 1125 caelp
1082 1088 1113 1114 et
1129 1083 1166 1114 in
1183 1084 1314 1114 ecclesia
1334 1083 1384 1126 [n.
1403 1082 1501 1125 639].

380 1178 514 1231 635.
545 1188 652 1226 [Vers.
668 1189 712 1227 3.]
744 1178 824 1219 “ft
840 1178 944 1219 dabo
969 1179 1122 1220 duobus
1146 1179 1318 1220 testibus
1340 1178 1679 1232 meis.''—Quod
1702 1179 1794 1231 sig-

299 1237 451 1279 nificet
483 1237 640 1278 bonum
670 1238 842 1279 amoris
871 1245 914 1279 et
941 1239 1207 1288 charitatis,
1234 1253 1285 1280 ac
1314 1253 1468 1280 verum
1497 1239 1727 1279 dominae
1754 1244 1797 1278 et

286 1298 414 1354 fidei,
449 1306 681 1352 utrumque
710 1314 738 1340 a
768 1300 968 1349 Domino,
1003 1307 1185 1342 constat
1218 1315 1277 1341 ex
1310 1300 1638 1354 significatione
1663 1303 1795 1340 “tes-

299 1362 450 1411 tium‚”
467 1362 588 1416 quod
612 1363 701 1403 sint
724 1363 797 1416 qui
825 1364 960 1404 corde
983 1370 1029 1404 et
1056 1363 1142 1404 fide
1165 1370 1421 1417 agnoscunt
1446 1370 1492 1404 et
1519 1361 1796 1404 confitentur

301 1426 561 1475 Dominum,
590 1426 802 1467 Divinum
831 1427 975 1479 Ipsius
1007 1428 1051 1468 in
1081 1427 1293 1468 Humano
1322 1428 1480 1480 Ipsius}
1509 1433 1555 1468 et
1583 1426 1795 1467 Divinum

299 1490 576 1542 procedens;
610 1490 694 1530 hoc
718 1490 836 1530 enim
859 1491 1163 1532 essentialiter
1178 1497 1376 1532 testatur
1398 1491 1453 1531 de
1477 1490 1689 1538 Domino,
1708 1489 1795 1530 hoc

298 1557 384 1599 est,
398 1551 613 1604 agnoscit
632 1557 678 1591 et
697 1565 756 1591 ex
773 1552 1011 1604 agnitione
1030 1551 1276 1593 confitetur
1294 1552 1463 1604 Ipsum.
1497 1562 1562 1600 (De
1573 1571 1638 1598 qua
1663 1558 1766 1590 testis
1778 1560 1795 1569 ¹·

298 1612 347 1644 et‘
353 1612 626 1644 testificationis''
643 1615 874 1652 significatione
890 1616 1034 1645 videatur
1048 1625 1154 1653 supra
1170 1625 1201 1645 n.
1221 1616 1282 1650 10,
1297 1615 1362 1657 27,
1377 1606 1473 1650 228,
1490 1615 1597 1657 392.)
1656 1603 1792 1656 Quod

300 1667 427 1707 “duo
463 1666 638 1707 testes''
672 1666 742 1707 hic
775 1666 1030 1720 significent
1068 1668 1234 1708 bonum
1262 1667 1426 1707 amoris
1462 1673 1508 1707 et
1546 1666 1793 1714 charitatis,

301 1743 353 1771 ac
380 1743 535 1770 verum
563 1727 796 1770 doetrinae
828 1736 875 1771 et
907 1729 1024 1779 fidei,
1053 1737 1122 1771 est
1155 1731 1257 1784 quia
1289 1730 1489 1784 sequitur
1519 1729 1639 1783 quod
1668 1728 1795 1769 “duo

299 1799 445 1833 testes
470 1794 560 1834 sint
588 1792 702 1833 duae
730 1793 875 1834 olivae
902 1800 947 1834 et
980 1794 1068 1834 duo
1094 1793 1366 1834 candelabra
1383 1793 1416 1844 ;”
1453 1806 1505 1834 ac
1537 1806 1615 1845 per
1644 1791 1795 1832 “duas

299 1855 441 1896 olivas
454 1855 472 1871 ’'
495 1855 773 1909 significatur
798 1857 966 1897 bonum
990 1857 1154 1897 amoris
1181 1857 1224 1897 in
1252 1856 1398 1897 Deum
1425 1862 1472 1897 et
1498 1856 1664 1896 bonurn
1691 1854 1796 1895 cha-

298 1920 446 1960 ritatis
469 1933 576 1972 erga
595 1920 865 1971 proximum,
885 1926 931 1960 et
955 1934 1033 1973 per
1050 1920 1176 1960 “duo
1195 1919 1468 1960 candelabra
1481 1918 1500 1935 '’
1517 1918 1795 1972 significatur

300 1993 458 2021 verum
482 1979 720 2021 doffirlnae
746 1986 793 2021 et
818 1994 976 2021 verum
993 1980 1096 2022 fidei
1120 1991 1174 2029 (de
1190 2001 1254 2029 qua
1266 2001 1376 2022 eorum
1393 1991 1623 2029 significatione
1638 1990 1796 2020 videbitur

298 2051 331 2080 in
345 2050 580 2088 sequentibus).
640 2039 776 2092 Quod
802 2040 880 2080 illa
905 2041 1026 2081 bona
1052 2047 1099 2081 et
1128 2041 1206 2081 illa
1235 2055 1343 2081 vera
1368 2040 1689 2094 intelligantur
1714 2053 1794 2093 per

301 2101 524 2151 “testes,''
556 2107 626 2142 est
665 2102 767 2155 quia
804 2101 893 2150 illa,
934 2103 1019 2143 hoc
1052 2109 1136 2151 est,
1165 2117 1322 2144 omnes
1355 2103 1427 2156 qui
1467 2103 1511 2143 in
1547 2102 1634 2143 illis
1674 2107 1792 2150 sunt,

299 2171 556 2219 agnoscunt
594 2171 640 2205 et
681 2164 956 2206 confitentur
995 2166 1266 2216 Dominum;
1313 2173 1382 2207 est
1424 2166 1543 2206 enim
1581 2165 1793 2206 Divinum

299 2228 564 2283 procedens,
593 2228 713 2281 quod
739 2236 927 2270 vocatur
954 2229 1165 2270 Divinum
1191 2230 1366 2270 Bonum
1393 2236 1439 2270 et
1468 2229 1679 2269 Divinum
1701 2227 1795 2268 Ve-

299 2305 410 2341 rum,
438 2292 556 2331 unde
591 2292 759 2332 bonum
790 2293 955 2333 amoris
993 2293 1036 2332 in
1077 2293 1222 2333 Deum
1262 2299 1308 2333 et
1351 2293 1517 2333 bonurn
1559 2292 1794 2332 charitatis

300 2369 408 2409 erga
439 2356 711 2408 proximum,
739 2369 790 2396 ac
823 2356 926 2396 inde
959 2369 1113 2396 verum
1146 2354 1377 2397 doctrinae
1410 2362 1456 2396 et
1488 2368 1642 2396 verum
1675 2354 1791 2404 fidei,

299 2432 413 2472 quae
445 2425 676 2459 testantur
707 2419 762 2459 de
802 2419 936 2472 Ipso;
979 2419 1098 2472 unde
1130 2420 1330 2472 sequitur
1361 2419 1480 2472 quod
1517 2419 1590 2472 qui
1626 2419 1671 2458 in
1708 2418 1795 2459 illis

299 2488 419 2530 sunt,
444 2482 648 2522 similiter
669 2488 898 2523 testentur
924 2483 979 2522 de
1008 2483 1219 2531 Domino,
1246 2482 1331 2522 hoc
1359 2488 1443 2530 est,
1468 2488 1721 2534 agnoscant
1747 2488 1794 2522 et

300 2544 604 2586 confiteantur
636 2545 816 2598 Ipsum;
859 2551 929 2586 est
962 2546 1080 2586 enirn
1115 2545 1327 2585 Divinum
1360 2545 1480 2598 quod
1512 2551 1708 2585 testatur
1738 2545 1794 2585 de

301 2608 480 2657 Divino,
504 2614 550 2648 et
577 2622 668 2649 non
691 2609 828 2649 homo
851 2623 910 2649 ex
938 2622 1013 2659 se;
1046 2608 1232 2661 proinde
1260 2613 1329 2648 est
1357 2607 1579 2648 Dominus
1604 2608 1647 2648 in
1673 2608 1794 2649 bono

300 2671 464 2712 amoris
487 2677 534 2712 et
556 2671 600 2711 in
622 2685 730 2712 vero
753 2670 988 2712 dofflinae
1010 2671 1128 2719 inde,
1149 2685 1260 2724 quae
1283 2670 1402 2723 apud
1425 2671 1653 2711 hominem
1672 2677 1792 2720 sunt,

300 2747 413 2787 quae
445 2734 489 2774 id
521 2734 700 2775 faciunt.
758 2733 983 2787 Quoniam
1009 2734 1155 2775 omnis
1180 2734 1354 2787 agnitio
1379 2740 1426 2774 et
1453 2733 1675 2774 confessio
1698 2734 1792 2775 Do-

301 2797 422 2846 mini,
446 2810 497 2837 ac
525 2797 830 2851 principaliter
856 2798 1029 2850 agnitio
1055 2803 1101 2838 et
1129 2797 1350 2837 confessio
1373 2797 1523 2837 Divini
1549 2797 1593 2837 in
1618 2797 1792 2837 Huma-

301 2874 360 2901 no
386 2860 550 2914 Ipsius,·
569 2866 638 2901 est
665 2850 722 2901 ab
749 2861 853 2914 Ipso
880 2861 1091 2908 Domino,
1116 2867 1160 2901 et
1188 2860 1290 2914 quia
1317 2860 1514 2901 “testari
1526 2859 1545 2875 ’'
1571 2859 1792 2912 significat

302 2937 549 2978 agnoscere
582 2930 628 2965 et
661 2923 864 2965 confiteri
896 2924 1019 2974 illud,
1047 2923 1148 2965 ideo
1177 2924 1371 2965 “testari
1386 2923 1404 2938 ”
1431 2936 1510 2976 pro
1542 2937 1791 2977 agnoscere

1935 3112 1962 3334 ffifffflfflmdmx
1948 3051 1962 3074 ff*
1951 3020 1962 3037 :⁷
