1962 3334
233 309 338 352 1502
641 311 973 345 APOCALYPSIS
1005 314 1304 348 EXPLICATA.

226 419 417 461 Divinus
440 420 588 462 Amor
611 432 666 470 (de
686 442 750 470 qua
765 434 860 463 etiam
873 443 978 472 supra,
994 445 1027 465 n.
1044 436 1370 479 401[a-e]‚[11525,
1390 436 1511 480 527):
1544 435 1590 470 et
1616 430 1719 483 quia

225 497 285 522 ex
312 482 512 524 Domino
538 491 586 524 ut
618 484 725 526 Sole
756 486 799 526 in
826 487 956 527 caelo
982 489 1193 541 angelico
1219 490 1428 542 procedit
1460 492 1607 531 omnis
1639 492 1720 532 lux

224 559 339 598 quae
371 546 446 594 ibi,
473 553 520 587 et
557 547 636 587 lux
667 548 726 588 ibi
763 555 834 589 est
869 549 1084 590 Divinum
1116 550 1305 600 Verum,
1338 553 1442 593 inde
1479 554 1619 594 etiam
1650 555 1718 594 in-

224 607 450 661 telligitur
475 623 535 651 ex
561 624 650 663 quo
673 624 809 651 omne
835 611 1050 653 Divinum
1077 612 1278 664 Verum;
1311 621 1357 655 et
1383 615 1488 668 quia
1513 615 1718 657 Verbum

222 671 414 712 includit
440 667 576 713 omne
603 673 819 714 Divinum
841 674 1030 724 Verum,
1054 682 1100 717 et
1124 676 1247 716 idem
1270 676 1476 717 Verbum
1499 679 1620 731 quod
1647 686 1718 719 est

223 734 268 774 in
291 735 462 775 mundo
485 736 625 776 etiam
648 745 719 777 est
741 737 786 777 in
809 737 953 787 caelo,
978 744 1024 778 et
1050 739 1154 792 quia
1176 753 1255 792 per
1275 740 1531 792 “angelum
1553 741 1718 782 fortem

223 797 586 839 descendentem
618 813 642 839 e
674 799 836 840 caelo”
867 800 1142 853 intelligitur
1168 801 1392 842 Dominus
1424 803 1575 856 quoad
1600 803 1718 845 Ver·

223 857 330 898 bum
354 868 514 906 (videatur
532 878 637 907 supra,
655 879 685 900 n.
710 869 821 911 593),
841 860 945 900 ideo
963 861 1127 902 dicitur
1145 861 1361 902 Divinum
1384 861 1572 912 Verum,
1597 864 1719 917 quod

223 917 268 956 in
294 917 426 958 caelo
448 924 495 959 et
521 919 565 958 in
588 919 785 960 ecclesia
807 926 878 960 est
901 919 1121 960 Verbum.
1182 931 1294 969 (Quod
1309 932 1394 961 idem
1410 933 1554 962 Verbum
1570 935 1659 971 quod
1674 939 1722 963 est

223 977 254 1004 in
278 978 400 1006 mundo
422 978 517 1007 etiam
539 978 578 1007 sit
599 979 631 1007 in
653 979 751 1013 caelo,
768 979 912 1008 videatur
933 979 966 1008 in
988 989 1084 1017 opere
1108 981 1159 1009 De
1185 981 1276 1009 Caelo
1298 985 1329 1010 ct
1349 982 1489 1020 Inferna,
1511 991 1543 1012 n.
1565 990 1635 1020 259,
1651 983 1720 1016 261,

225 1030 376 1059 303—310.

302 1023 435 1120 5937.
465 1067 545 1107 “ft
560 1068 689 1120 pedes
709 1067 798 1120 ejus
817 1067 929 1108 sicut
947 1068 1159 1108 columnae
1178 1068 1522 1122 tynis.''——Quod
1548 1070 1718 1123 signifi-

225 1136 300 1170 cet
321 1130 544 1171 Dz'vz'num
576 1130 737 1171 Verum
762 1145 838 1171 sen
870 1130 1059 1172 Verbum
1084 1132 1132 1172 z‘n
1157 1132 1349 1181 ultimis,
1375 1133 1497 1185 quod
1515 1133 1722 1174 naturale

225 1198 483 1233 sustentans
505 1193 726 1234 interiora
747 1193 827 1242 ibi,
850 1194 988 1234 etiam
1002 1194 1183 1246 plenum
1205 1194 1311 1234 bono
1327 1195 1513 1243 amoris,
1533 1202 1719 1236 constat

224 1268 284 1294 ex
310 1254 644 1308 significatione
674 1256 923 1309 “pedum‚'’
949 1269 1051 1297 cum
1077 1257 1134 1296 de
1161 1256 1377 1305 Domino,
1405 1257 1527 1310 quod
1553 1259 1611 1298 sit
1639 1257 1719 1298 Di-

224 1317 379 1358 vinum
403 1317 581 1358 Bonum
609 1318 762 1358 Divini
788 1318 976 1359 Amoris
1003 1319 1239 1368 naturalis,
1263 1320 1384 1373 quod
1407 1327 1478 1361 est
1510 1320 1719 1360 ultimum

224 1380 268 1420 in
305 1381 462 1421 ordine
498 1381 668 1421 Divino
700 1392 757 1427 (de
781 1401 845 1429 qua
867 1402 973 1430 supra,
998 1402 1028 1422 n.
1058 1382 1124 1434 65,
1148 1382 1247 1434 69)·‚
1289 1396 1349 1423 ex
1385 1382 1720 1436 significatione

227 1440 625 1490 “columnarum‚”
655 1442 777 1494 quod
809 1442 899 1482 sint
931 1456 1039 1482 vera
1069 1442 1280 1483 inferiora
1310 1456 1425 1496 quae
1457 1449 1720 1483 sustentant

225 1501 460 1553 superiora
491 1511 546 1549 (de
566 1520 630 1548 qua
649 1513 946 1554 supra.n.219);
984 1508 1030 1543 et
1063 1516 1121 1542 ex
1154 1502 1490 1555 significatione
1524 1501 1721 1555 “ignis‚”

226 1573 329 1600 cum
361 1560 417 1601 de
444 1560 660 1610 Domino,
688 1562 809 1614 quod
841 1563 898 1603 sit
927 1562 1117 1602 Divinus
1144 1563 1292 1602 Amor
1315 1573 1369 1611 (de
1385 1582 1449 1610 qua
1461 1573 1555 1602 etiam
1571 1581 1677 1610 supra,
1691 1581 1721 1600 n.

224 1620 403 1672 68‚496‚
423 1630 648 1673 504[a-d]):
682 1635 741 1662 ex
768 1622 837 1662 his
863 1627 1077 1662 constare
1104 1628 1259 1675 potest
1286 1622 1406 1675 quod
1433 1635 1511 1675 per
1539 1626 1564 1642 ‘¹
1581 1622 1721 1674 pedes

226 1683 378 1736 angeli
415 1684 536 1724 visos
574 1685 689 1724 sicut
728 1684 968 1725 columnae
1006 1684 1153 1737 ignis”
1192 1683 1470 1737 significetur
1509 1683 1721 1724 Divinum

227 1745 399 1787 Verum
431 1761 509 1787 seu
535 1747 739 1788 Verbum
772 1748 815 1788 in
849 1747 1034 1796 ultimis,
1064 1748 1184 1801 quod
1217 1747 1424 1788 naturale
1457 1753 1721 1787 sustentans

226 1810 442 1851 interiora
474 1811 532 1851 sit
570 1811 755 1864 plenum
788 1812 910 1852 bono
942 1812 1121 1852 amoris.
1184 1811 1267 1852 Per
1304 1811 1517 1851 Divinum
1550 1810 1721 1850 Verum

226 1874 270 1913 in
304 1873 472 1914 ultimis
505 1874 777 1927 intelligitur
809 1874 1013 1915 Verbum
1047 1875 1090 1914 in
1123 1888 1258 1915 sensu
1291 1874 1498 1924 litterae;
1541 1879 1587 1913 et
1620 1873 1722 1926 quia

226 1936 298 1977 hic
332 1951 489 1978 sensus
522 1944 592 1978 est
625 1938 859 1986 naturalis,
894 1945 940 1979 et
973 1938 1179 1979 naturale
1212 1944 1281 1979 est
1314 1937 1520 1978 ultimum
1554 1936 1721 1977 ordinis

229 2000 394 2048 Divini,
414 2001 515 2042 ideo
538 2001 582 2041 id
606 2008 836 2042 sustentat
862 2001 1075 2041 Divinum
1099 2001 1270 2042 Verum
1293 1999 1526 2054 spirituale
1549 2005 1594 2040 et
1618 2012 1721 2040 cae-

228 2063 359 2113 leste,
388 2079 570 2117 prorsus
596 2066 712 2106 sicut
739 2065 980 2105 columnae
1007 2065 1206 2113 domum,
1236 2071 1281 2105 et
1315 2065 1431 2104 sicut
1459 2063 1598 2116 pedes
1622 2076 1721 2102 cor-

227 2142 309 2181 pus
327 2141 335 2178 ;
371 2141 474 2168 nam
493 2128 663 2181 absque
683 2128 877 2168 naturali
896 2141 1030 2168 sensu
1049 2127 1189 2168 Verbi
1213 2127 1467 2168 diffluerent
1490 2126 1719 2172 interiora,

228 2206 342 2246 quae
375 2198 479 2232 sunt
517 2191 766 2245 spiritualia
804 2198 850 2232 et
883 2191 1114 2239 caelestia,
1150 2192 1264 2231 sicut
1303 2191 1463 2230 domus
1500 2189 1721 2229 submotis

229 2255 465 2298 columnis.
529 2254 681 2307 Quare
705 2255 857 2296 omnia
880 2261 926 2295 et
954 2255 1131 2308 singula
1154 2268 1267 2307 quae
1295 2254 1338 2294 in
1366 2267 1501 2293 sensu
1528 2251 1722 2292 naturali

229 2334 307 2361 seu
339 2319 501 2359 ultimo
527 2318 668 2358 Verbi
701 2324 821 2366 sunt,
850 2324 1095 2371 perpetuae
1123 2316 1555 2370 correspondentiae
1588 2321 1720 2363 sunt;

228 2384 315 2424 hoc
354 2372 439 2429 est,
474 2382 833 2434 correspondent
871 2380 1178 2434 spiritualibus
1216 2387 1262 2421 et
1300 2379 1574 2420 caelestibus
1608 2391 1721 2431 quae

227 2448 272 2487 in
300 2445 438 2487 caelis
466 2451 585 2493 sunt,
615 2451 661 2485 et
693 2445 797 2485 inde
823 2458 1000 2498 quoque
1027 2443 1285 2496 significant
1312 2442 1401 2483 illa.
1463 2441 1537 2482 Ex
1564 2441 1722 2494 quibus

230 2510 516 2563 aliquatenus
543 2515 700 2561 patere
724 2514 879 2561 potest
902 2507 1131 2561 quomodo
1157 2506 1371 2546 Divinum
1394 2504 1565 2545 Verum
1590 2510 1721 2544 natu-

229 2573 336 2622 rale,
365 2572 484 2626 quod
511 2579 582 2613 est
609 2571 811 2612 Verbum
844 2572 888 2611 in
916 2571 1099 2619 mundo,
1129 2575 1359 2610 sustentat
1386 2568 1599 2608 Divinum
1627 2567 1720 2607 Ve-

229 2650 326 2677 rum
361 2635 591 2689 spirituale
626 2641 671 2675 et
711 2634 926 2682 caeleste,
962 2633 1082 2687 quod
1119 2638 1189 2673 est
1224 2632 1435 2672 Divinum
1470 2630 1640 2671 Verum
1678 2629 1722 2669 in

230 2699 374 2748 caelo,
422 2699 538 2739 sicut
588 2698 829 2738 columnae
876 2697 1073 2737 domum.
1152 2695 1264 2735 Inde
1310 2699 1522 2734 constare
1568 2698 1722 2745 potest

230 2763 348 2803 unde
390 2768 460 2803 est
501 2761 621 2815 quod
663 2760 802 2814 pedes
842 2759 994 2812 angeli
1033 2759 1115 2799 visi
1157 2758 1246 2798 sint
1290 2757 1442 2797 “sicut
1484 2755 1722 2796 columnae

230 2825 385 2879 ignis.”
446 2824 579 2878 Quod
607 2824 810 2865 Verbum
838 2824 977 2864 etiam
1004 2823 1047 2862 in
1076 2835 1210 2862 sensu
1236 2820 1397 2861 ultimo
1424 2833 1502 2860 seu
1529 2817 1722 2858 naturali

231 2892 290 2931 sit
323 2889 506 2943 plenum
539 2888 660 2930 bono
692 2887 871 2935 amoris,
907 2892 1118 2927 constare
1151 2889 1306 2938 potest
1343 2897 1401 2924 ex
1438 2882 1507 2922 his
1540 2880 1722 2921 Domini

231 2953 394 3003 verbis,
