1962 3334
650 318 757 351 CAP.
780 317 842 358 x.,
864 316 1003 348 VERS.
1030 288 1172 348 1.-‘N.
1197 314 1288 359 595.
1438 285 1445 290 ’
1605 313 1713 356 1499

206 428 355 476 ¹mum
385 448 464 475 seu
494 433 699 488 primum.
775 431 910 485 Quod
944 429 1215 485 “superius”
1246 427 1471 482 significet
1508 427 1711 475 interius,

232 500 303 537 est
333 496 437 550 quia
466 496 574 537 dum
604 495 833 548 superiora
869 501 916 535 et
951 493 1159 534 inferiora
1189 491 1320 533 simul
1352 497 1472 540 sunt,
1504 490 1591 531 hoc
1625 497 1711 537 est,

232 558 551 600 simultaneum
573 558 784 603 formant,
802 563 852 598 ut
877 557 923 597 in
948 556 1098 609 capite
1120 555 1329 603 hominis,
1349 561 1458 595 tunc
1480 567 1535 594 eo
1556 553 1713 593 ordine

231 622 508 669 coexistunt,
535 621 655 675 quod
681 633 795 674 quae
822 633 954 673 supra
972 619 1030 662 ,in
1055 618 1211 659 ordine
1236 617 1493 658 successivo
1517 616 1712 656 exstite-

231 689 349 733 rant,
380 684 566 725 interius
596 683 796 736 reposita
825 683 947 731 sint;
984 687 1031 722 et
1062 694 1176 734 quae
1206 679 1319 721 infra
1348 681 1393 720 in
1424 678 1581 720 ordine
1612 691 1712 718 suc-

232 747 406 787 cessivo
430 747 722 793 exstiterant,
749 745 950 786 exterius
981 744 1180 797 reposita
1205 743 1322 784 sint:
1355 742 1460 783 inde
1490 748 1561 782 est
1592 740 1714 794 quod

234 808 531 862 “superiora”
555 808 811 862 significent
837 808 1063 855 interiora,
1091 813 1138 847 et
1167 804 1443 846 “inferiora”
1468 805 1712 845 exteriora.

234 869 335 912 Hoc
366 877 522 925 potest
552 871 610 912 ad
641 877 826 924 captum
852 870 1066 910 illustrari
1096 882 1176 923 per
1205 869 1354 909 ideam
1379 866 1642 921 superficiei,
1669 867 1714 906 in

231 933 354 986 cujus
375 935 542 975 centris
564 940 668 974 sunt
692 934 883 986 puriora,
903 939 949 973 et
971 933 1016 972 in
1042 931 1306 986 peripheriis
1323 932 1570 980 crassiora;
1596 929 1714 970 tales

232 995 486 1049 superficies
512 996 707 1037 formant
732 995 961 1048 superiora
985 1001 1032 1036 et
1057 994 1278 1043 inferiora,
1306 1006 1407 1034 cum
1433 1007 1481 1034 se
1506 993 1551 1033 in
1577 1005 1714 1033 unum

231 1057 495 1107 demittunt,
523 1064 570 1099 et
596 1057 915 1098 simultaneum
946 1057 1131 1098 faciunt.
1193 1056 1270 1097 Ex
1300 1055 1370 1097 his
1401 1069 1579 1110 quoque
1604 1068 1714 1096 con·-

231 1127 353 1161 stare
388 1127 543 1174 potest
581 1121 686 1174 quid
723 1119 948 1173 significat
985 1119 1106 1173 quod
1142 1132 1253 1160 mox
1286 1132 1420 1172 supra
1455 1119 1512 1159 de
1548 1116 1715 1170 angelo

232 1181 401 1224 dietum
422 1189 493 1224 est
515 1183 635 1236 quod
661 1183 1003 1224 “circumdatus
1025 1182 1155 1224 fuerit
1178 1182 1296 1223 nube
1312 1182 1347 1233 ;’'
1380 1180 1684 1222 “circumdari
1694 1179 1715 1194 '⁵

232 1245 351 1287 enim
372 1259 432 1286 ex
454 1246 613 1286 eadem
635 1245 720 1286 hac
743 1246 919 1286 ratione
940 1251 987 1286 et
1005 1245 1109 1286 inde
1131 1245 1233 1286 idea
1254 1243 1480 1298 significat
1501 1243 1560 1284 ab
1581 1249 1716 1283 extra

232 1314 279 1349 et
300 1307 411 1348 infra
432 1322 543 1349 esse.
606 1307 740 1360 Quod
765 1312 790 1328 “
803 1308 901 1348 iris”
921 1307 1146 1361 significet
1168 1308 1382 1349 Divinum
1404 1307 1575 1348 Verum
1596 1307 1715 1347 inte-

231 1370 335 1419 rius,
352 1370 484 1424 quale
500 1377 571 1411 est
589 1370 792 1411 Verbum
810 1371 854 1411 in
870 1384 1004 1411 sensu
1021 1370 1256 1424 spirituali,
1275 1377 1346 1411 est
1363 1370 1467 1424 quia
1488 1369 1568 1409 lux
1585 1368 1714 1415 caeli,

232 1431 438 1474 similiter
453 1446 504 1474 ac
527 1433 607 1473 lux
625 1433 792 1481 mundi,
813 1433 1060 1473 secundum
1082 1433 1375 1474 incidentiam
1397 1434 1441 1473 in
1458 1430 1650 1485 obje&a‚
1668 1439 1715 1472 et

230 1495 339 1536 inibi
364 1495 764 1544 modificationem,
783 1497 917 1537 sistat
938 1497 1272 1549 variegationes
1294 1496 1511 1544 colorum,
1534 1502 1581 1536 et
1604 1509 1715 1549 quo-

232 1571 318 1612 que
347 1558 514 1608 irides;
551 1572 662 1612 quas
693 1560 832 1599 etiam
863 1560 907 1599 in
938 1559 1067 1600 caelo
1097 1559 1306 1612 angelico
1337 1559 1577 1613 aliquoties
1607 1558 1719 1599 mihi

231 1618 386 1659 Videre
406 1619 566 1659 datum
590 1626 662 1660 est
684 1630 782 1668 (quae
799 1631 895 1659 etiam
915 1631 1074 1669 descripta
1087 1631 1256 1660 videantur
1269 1631 1302 1660 in
1320 1631 1459 1661 Arcentis
1476 1631 1670 1665 Gulestibus,
1685 1640 1717 1660 n.

234 1688 433 1726 1623·1625).
499 1678 590 1719 Sed
614 1680 749 1720 irides
778 1693 894 1733 quae
919 1686 1143 1734 apparent
1173 1681 1217 1720 in
1242 1681 1373 1721 caelo
1397 1681 1609 1733 angelico
1635 1680 1716 1721 dif-

233 1737 379 1780 ferunt
395 1739 454 1780 ab
474 1740 656 1781 iridibus
673 1755 787 1794 quae
803 1749 1023 1794 apparent
1041 1743 1085 1782 in
1103 1742 1286 1790 mundo,
1305 1742 1425 1796 quod
1446 1743 1580 1784 irides
1601 1744 1717 1785 caeli

234 1801 326 1842 sint
349 1815 409 1842 ex
434 1803 607 1855 origine
630 1803 864 1856 spirituali,
888 1811 936 1844 at
962 1804 1096 1845 irides
1122 1805 1276 1845 mundi
1302 1819 1360 1845 ex
1384 1806 1556 1858 origine
1582 1814 1715 1847 natu·

233 1863 342 1914 rali3
373 1865 508 1905 irides
533 1866 653 1905 enim
679 1865 793 1906 caeli
818 1873 923 1907 sunt
950 1880 1010 1907 ex
1042 1866 1141 1907 luce
1167 1868 1355 1908 oriunda
1384 1881 1411 1908 a
1443 1867 1641 1910 Domino
1666 1876 1716 1910 ut

170 1918 190 1962 J
235 1924 367 1976 Sole;
408 1933 455 1968 et
486 1929 589 1981 quia
620 1927 698 1969 Sol
730 1929 806 1969 ille
831 1936 902 1970 est
933 1930 977 1970 in
997 1943 1089 1970 vsua
1119 1931 1319 1971 essentia
1349 1930 1539 1972 Divinus
1570 1931 1718 1973 Amor

235 1986 431 2037 Domini,
454 1996 501 2030 et
527 1990 607 2030 lux
634 1991 739 2031 inde
760 1999 830 2032 est
858 1991 1070 2033 Divinum
1092 1992 1277 2042 Verum,
1304 1994 1409 2034 inde
1435 1993 1546 2035 lucis
1571 1997 1716 2036 varie-

114 2093 150 2107 ,
234 2051 444 2104 gationes
464 2066 579 2106 quae
604 2054 824 2094 sistuntur
845 2061 894 2095 ut
916 2055 1064 2103 irides,
1089 2062 1193 2096 sunt
1219 2057 1554 2109 variegationes
1579 2058 1716 2099 intel-

111 2113 126 2129 ”
233 2111 450 2167 ligentiae
471 2121 518 2156 et
541 2116 790 2169 sapientiae
809 2117 926 2170 apud
949 2117 1164 2171 angelos:
1191 2132 1251 2159 ex
1273 2132 1328 2159 eo
1349 2125 1420 2160 est
1442 2120 1562 2173 quod
1584 2121 1717 2162 irides

181 2174 194 2191 ‘²
234 2175 296 2218 ibi
316 2176 569 2230 significent
591 2178 780 2219 formam
802 2186 848 2220 et
875 2180 1255 2233 pulchritudinem
1282 2181 1432 2223 Divini
1454 2182 1563 2224 Veri
1588 2185 1715 2237 spiri-

235 2239 383 2280 tualis.
443 2239 510 2281 At
535 2241 668 2282 irides
690 2243 844 2283 mundi
870 2249 973 2284 sunt
995 2257 1055 2284 ex
1077 2245 1249 2297 origine
1271 2245 1480 2295 naturali,
1507 2259 1670 2300 nempe
1691 2262 1718 2288 a

235 2301 332 2343 sole
352 2303 505 2343 mundi
527 2310 573 2344 et
595 2303 688 2356 ejus
710 2304 836 2355 luce;
868 2312 915 2346 et
937 2306 1040 2347 inde
1062 2313 1167 2348 sunt
1189 2307 1334 2348 solum
1357 2308 1716 2351 modificationes

236 2371 284 2406 et
303 2364 407 2406 inde
428 2366 761 2418 variegationes
783 2367 893 2408 lucis
915 2382 975 2409 ex
996 2370 1122 2423 aquis
1143 2383 1256 2423 quae
1274 2370 1474 2412 defluunt
1492 2386 1551 2412 ex
1572 2373 1688 2414 nube
1706 2387 1715 2413 :

236 2432 283 2468 et
307 2428 410 2480 quia
434 2427 601 2469 similes
627 2431 919 2482 apparentiae
945 2431 1197 2473 colorificae
1223 2431 1341 2475 sunt'
1359 2435 1404 2475 in
1431 2435 1601 2476 mundo
1627 2437 1717 2489 spi-

223 2489 384 2532 ‚rituali
420 2490 536 2531 sicut
572 2492 617 2531 in
654 2493 824 2533 mundo
865 2494 1073 2542 naturali,
1112 2501 1159 2536 et
1198 2497 1303 2549 quia
1341 2499 1715 2551 correspondent,

237 2551 342 2592 inde
366 2565 444 2605 per
473 2553 607 2594 irides
638 2555 792 2595 mundi
818 2555 1129 2608 significantur
1154 2558 1315 2599 similia
1340 2573 1455 2613 quae
1481 2574 1559 2614 per
1584 2561 1717 2602 irides

237 2613 363 2662 caeli,
390 2627 553 2668 nempe
580 2615 744 2657 Divina
771 2631 877 2658 vera
908 2619 1155 2671 spiritualia
1185 2622 1229 2661 in
1261 2634 1341 2662 sua
1371 2622 1513 2664 forma
1544 2630 1590 2664 et
1622 2624 1719 2677 pul-

237 2673 489 2717 chritudine
508 2691 518 2727 ;
551 2677 663 2719 haec
682 2693 787 2720 vera
810 2688 914 2722 sunt
937 2682 1087 2734 qualia
1108 2690 1213 2724 sunt
1236 2698 1342 2725 vera
1359 2684 1499 2726 Verbi
1518 2686 1562 2726 in
1584 2700 1717 2726 sensu

238 2738 468 2790 spirituali.
529 2739 699 2782 Similia
720 2755 799 2795 per
823 2743 1024 2784 “irides’'
1041 2745 1352 2798 significantur
1373 2748 1491 2801 apud
1508 2747 1716 2789 Ezechie-

238 2796 333 2848 lem,

303 2887 445 2931 “Supra
463 2899 674 2930 expansum,
695 2894 789 2933 quod
813 2903 919 2934 super
942 2893 1123 2936 1¹1capite”
1142 2898 1379 2930 cheruborum
1401 2900 1419 2913 ‘⁴
1430 2900 1531 2940 quasi
1551 2899 1718 2940 aspec‘tus

409 2933 538 2974 lapidis
562 2935 731 2975 sapphiri,
756 2937 952 2970 similitudo
976 2939 1119 2979 throni;
1147 2947 1183 2973 et
1206 2951 1313 2983 super
1336 2942 1572 2975 similitudine
1597 2944 1715 2976 throni
