1956 3328
629 338 735 370 CAP.
748 295 840 378 xl„
862 336 1002 369 vens.
1022 327 1172 370 6.—N.
1192 326 1362 382 659[a].
1632 327 1736 380 1763

250 466 331 494 seu
363 455 494 493 “non
526 446 744 506 sepeliri,”
769 451 889 505 quod
921 452 980 491 sit
1011 451 1248 492 damnatio
1273 457 1487 501 aeterna;
1510 463 1625 491 nam
1653 464 1738 504 per

251 514 499 569 “sepeliri’'
529 515 572 555 in
604 514 760 555 Verbo
790 513 1070 567 significatur
1099 514 1404 555 exsuscitatio
1438 514 1483 554 in
1514 514 1656 554 vitam
1688 519 1736 554 et

247 575 538 628 resurre&io;
570 577 783 631 quoniam
806 590 907 617 curn
930 577 1070 617 homo
1091 577 1280 617 moritur
1301 582 1348 617 et
1370 575 1601 630 sepelitur,
1624 582 1734 616 tunc

249 641 556 682 exsuscitatur
577 654 655 681 seu
679 640 873 692 resurgit
898 640 943 680 in
966 640 1108 680 vitam
1130 646 1378 680 aeternam.
1440 638 1594 680 Homo
1616 639 1735 679 enim

246 709 352 757 post
375 709 569 744 mortem
591 717 733 757 aeque
754 703 864 743 vivit
886 716 938 744 ac
961 703 1006 743 in
1029 703 1212 752 mundo,
1231 703 1311 744 sed
1334 716 1496 756 corpus
1518 708 1734 743 terrestre

248 779 327 807 seu
367 766 615 815 materiale,
653 766 774 819 quod
817 767 856 806 ei
896 767 1191 806 inserviverat
1236 780 1317 820 pro
1358 780 1439 807 usu
1478 767 1522 806 in
1565 766 1735 806 mundo

248 828 457 876 naturali,
483 829 685 882 deponit,
709 835 756 869 et
778 829 1016 869 continuat
1041 829 1182 870 vitam
1208 830 1252 869 in
1278 843 1467 883 corpore
1490 828 1733 883 spirituali;

247 906 383 947 quare
407 891 615 945 sepelitio
640 898 711 933 est
737 892 874 932 modo
899 890 1081 945 rejecfitio
1106 893 1232 946 quasi
1257 894 1520 934 exuviarum
1552 906 1663 946 quas
1689 893 1734 932 in

247 954 441 995 naturali
473 955 641 996 mundo
677 955 965 996 circumtulit.
1027 954 1162 1008 Quod
1195 955 1477 1008 “sepelitio‘’
1508 954 1734 1008 significet

247 1018 652 1058 exsuscitationem
675 1018 719 1058 in
737 1018 877 1058 vitam
899 1024 1134 1058 aeternam
1156 1031 1234 1058 seu
1255 1016 1643 1063 resurreetionem.
1663 1024 1734 1058 est

246 1081 350 1134 quia
373 1080 524 1133 angeli
550 1094 640 1121 non
664 1081 811 1122 sciunt
837 1081 942 1134 quid
965 1094 1084 1121 mors
1106 1081 1301 1122 hominis
1325 1087 1371 1122 et
1397 1081 1502 1134 quid
1524 1081 1734 1134 sepelitio

247 1142 354 1195 ejus,
381 1144 592 1197 quoniam
619 1143 705 1184 illis
732 1157 823 1184 non
849 1149 919 1184 est
945 1143 1094 1197 aliqua
1119 1157 1255 1193 mors,
1278 1144 1466 1198 proinde
1492 1157 1575 1184 nec
1603 1157 1734 1197 sepe-

247 1205 361 1253 litio.
400 1212 447 1247 et
484 1220 622 1260 usque
659 1206 951 1259 spiritualiter
981 1207 1133 1247 omnia
1169 1208 1447 1260 percipiunt;
1489 1220 1625 1260 quare
1661 1207 1736 1247 ubi

250 1269 441 1309 “mors''
472 1268 666 1309 hominis
698 1270 740 1309 in
774 1269 930 1309 Verbo
961 1270 1232 1318 nominatur,
1261 1284 1341 1323 pro
1372 1269 1450 1310 illa
1481 1270 1734 1323 percipiunt

247 1332 696 1385 transmigrationem
723 1331 817 1384 ejus
848 1332 905 1372 ab
931 1345 1020 1372 uno
1052 1333 1221 1373 mundo
1252 1333 1296 1372 in
1323 1332 1544 1383 alterum3
1587 1338 1633 1372 et
1660 1332 1734 1372 ubi

250 1394 527 1448 “sepelitio”
559 1396 832 1444 nominatur,
866 1395 1118 1448 percipiunt
1155 1394 1528 1436 resurrectionem
1565 1395 1658 1448 ejus
1689 1395 1734 1435 in

247 1457 402 1498 vitam.
446 1456 628 1498 Exinde
650 1458 850 1511 sequitur
872 1458 993 1511 quod
1014 1461 1039 1477 “
1053 1471 1144 1498 non
1167 1458 1375 1512 sepeliri'’
1394 1457 1619 1511 significet
1641 1471 1732 1497 non

246 1518 619 1561 resurreetionem
651 1521 696 1561 in
727 1522 885 1569 vitam,
914 1521 993 1561 sed
1026 1521 1069 1561 in
1102 1521 1460 1569 damnationem,
1490 1535 1567 1574 per
1598 1534 1733 1574 quam

248 1582 519 1636 intelligitur
548 1596 669 1623 mors
707 1583 967 1636 spiritualis.
1028 1584 1347 1638 Unusquisque
1379 1584 1559 1638 quidem
1596 1584 1736 1624 homo

249 1652 354 1700 post
380 1659 620 1686 excessum
646 1660 670 1686 e
696 1647 865 1687 mundo
891 1648 1199 1688 exsuscitatur
1224 1654 1270 1688 et
1295 1648 1503 1699 resurgit,
1532 1647 1611 1687 sed
1638 1647 1735 1700 qui-

188 1723 194 1728 ‘
248 1709 354 1749 dam
381 1708 437 1749 ad
462 1709 620 1757 vitam,
648 1709 829 1762 quidam
861 1710 918 1750 ad
950 1710 1320 1760 damnationem;
1364 1717 1410 1751 et
1436 1711 1538 1764 quia
1566 1714 1735 1763 “sepe-

250 1771 319 1812 liri
329 1771 354 1786 ”·
365 1770 589 1824 significat
612 1770 983 1813 resurrectionem
1006 1773 1063 1813 ad
1081 1774 1237 1822 vitam,
1253 1773 1357 1814 inde
1374 1777 1400 1793 “
1414 1786 1504 1814 non
1527 1773 1705 1826 sepeliri
1717 1772 1736 1787 ”

250 1833 475 1887 significat
501 1834 856 1883 damnationem,
885 1836 963 1875 sed
989 1835 1061 1876 hic
1088 1836 1146 1876 ab
1171 1836 1258 1876 illis
1283 1837 1355 1890 qui
1387 1835 1591 1888 rejiciunt
1615 1836 1736 1876 bona

250 1897 416 1937 amoris
441 1903 487 1938 et
513 1910 620 1937 vera
645 1895 891 1946 doctrinae,
919 1912 1033 1951 quae
1059 1912 1138 1952 per
1166 1899 1334 1939 “binos
1366 1905 1510 1939 testes
1523 1898 1542 1912 ”
1565 1897 1734 1951 signifi-

251 1967 435 2010 cantur;
477 1974 612 2013 quare
645 1974 724 2013 per
751 1964 879 2001 “non
914 1963 1020 2015 poni
1053 1963 1096 2002 in
1129 1962 1468 2002 monumentis”
1493 1976 1571 2002 seu
1606 1967 1735 2003 “non

250 2022 428 2076 sepeliri
441 2022 460 2038 ”
483 2036 574 2063 non
601 2023 869 2076 intelligitur
890 2025 1141 2077 damnatio,
1163 2025 1247 2064 nisi
1269 2025 1415 2065 solum
1441 2026 1485 2065 in
1510 2026 1611 2065 idea
1633 2025 1734 2066 illo-

250 2100 348 2127 rum
378 2086 452 2140 qui
482 2085 592 2126 talia
624 2086 945 2128 condemnant.
1019 2086 1138 2140 Quid
1175 2088 1327 2141 itaque
1355 2087 1664 2141 “sepulchra'’
1690 2088 1734 2128 in

252 2149 408 2192 Verbo
439 2148 709 2202 significant,
743 2156 839 2189 tum
871 2150 974 2203 quid
1004 2150 1247 2203 “sepeliri”
1279 2157 1326 2191 et
1355 2155 1486 2191 “non
1518 2150 1736 2203 sepeliri,''

252 2218 464 2253 constare
496 2219 650 2265 potest
680 2226 738 2252 ex
764 2213 1054 2266 sequentibus
1080 2213 1203 2253 locis.
1265 2213 1400 2266 Quod
1429 2213 1737 2267 “sepulchra''

252 2273 510 2327 significent
535 2275 780 2323 immunda,
808 2276 995 2328 proinde
1021 2277 1158 2316 etiam
1184 2276 1429 2323 infernalia,
1457 2290 1515 2317 ex
1542 2277 1735 2317 cadave-

250 2331 371 2378 ribus
402 2343 449 2378 et
480 2338 654 2378 ossibus
685 2351 798 2391 quae
830 2339 951 2386 inibi,
979 2345 1166 2384 constat
1198 2353 1257 2380 ex
1300 2339 1499 2392 pluribus
1541 2339 1651 2380 locis
1692 2340 1736 2380 in

252 2399 408 2441 Verbo
426 2400 566 2441 :—Ut
592 2401 710 2454 apud
735 2400 937 2450 Esaiam,

318 2512 507 2553 “Populus
526 2513 586 2554 qui
604 2513 648 2545 ad
670 2514 758 2544 iram
779 2519 978 2554 provocant
996 2513 1056 2545 Me
1076 2524 1197 2546 coram
1219 2514 1379 2546 faciebus
1400 2515 1490 2546 meis
1509 2515 1666 2555 jugiter„
1681 2540 1689 2546 .
1702 2540 1709 2547 .
1724 2540 1732 2547 .

426 2557 485 2597 qui
502 2557 648 2588 suffiunt
665 2567 772 2597 super
788 2557 967 2595 lateribus,
985 2558 1045 2598 qui
1062 2558 1187 2589 sedent
1204 2558 1241 2589 in
1259 2559 1466 2598 sepulchris,
1484 2566 1519 2589 et
1536 2559 1571 2590 in
1589 2559 1740 2590 vastita-

426 2601 520 2631 tibus
537 2598 759 2640 pernotftant,
777 2601 836 2641 qui
853 2601 1048 2632 comedunt
1065 2611 1210 2632 carnem
1228 2601 1330 2633 suis”
1348 2602 1430 2641 (lxv.
1449 2610 1478 2640 3,
1495 2603 1548 2641 4):

256 2719 541 2770 “provocare
557 2716 778 2769 Jehovam
800 2717 857 2757 ad
880 2717 989 2758 iram
1012 2730 1164 2758 coram
1187 2718 1382 2759 faciebus
1402 2719 1575 2772 Ipsius''
1597 2719 1736 2772 signi-

254 2777 360 2819 ficat
395 2791 584 2832 peccare
621 2786 781 2820 contra
811 2793 917 2820 vera
953 2786 1001 2821 et
1035 2781 1156 2821 bona
1192 2780 1345 2829 Verbi,
1380 2789 1425 2822 et
1463 2782 1673 2822 recedere
1710 2796 1737 2823 a

254 2840 380 2881 cultu
421 2841 479 2886 ibi
522 2842 765 2892 mandato;
811 2842 984 2883 “facies
1019 2843 1252 2895 Jehovae”
1287 2851 1391 2885 sunt
1428 2845 1504 2884 illa
1540 2859 1654 2898 quae
1691 2845 1735 2885 in

254 2902 410 2944 Verbo
441 2903 643 2944 revelata
675 2911 805 2945 sunt:
851 2905 1037 2946 “suffire
1068 2919 1200 2959 super
1230 2906 1477 2947 lateribus’'
1508 2907 1734 2960 significat

255 2964 427 3006 cultum
453 2979 511 3006 ex
534 2965 656 3007 salsis
678 2965 909 3009 doetrinae
939 2963 1197 3022 (“l'ateres”
1220 2976 1324 3011 sunt
1353 2969 1465 3011 salsa
1487 2969 1732 3020 doctrinae,
