1962 3334
629 284 736 317 CAP.
759 284 841 324 xl„
865 283 1004 316 vans.
1026 275 1172 315 8.-Ν.
1193 273 1362 328 654[b].
1509 286 1512 287 ⁷
1633 282 1738 326 1725

249 412 328 452 per
355 398 566 439 “abietes
577 398 596 412 ”
620 397 897 451 significatur
927 397 1236 450 perceptivum
1268 396 1486 438 naturalis
1515 396 1739 446 hominis;

250 474 329 513 per
375 461 790 513 “pulchritudinem
802 460 822 475 ’'
866 459 1143 513 significatur
1187 459 1364 501 affetftio
1408 461 1501 500 veri
1544 467 1591 501 et
1634 460 1740 501 inde

248 523 577 576 intelligentia;
619 523 740 577 quod
773 522 1045 575 “pulchram
1075 522 1263 563 fecerint
1293 535 1394 562 eam
1426 536 1504 575 per
1534 523 1739 564 multitu·

249 587 399 627 dinem
424 586 687 634 ramorum,‘’
712 585 936 639 significat
967 585 1293 626 abundantiam
1317 599 1524 626 verorum
1554 587 1739 627 scienti—

249 648 432 690 ficorum
469 648 751 690 rationaliter
780 655 1123 702 perceptorum;
1165 649 1286 701 quod
1320 649 1613 690 “aemulatae
1649 650 1740 690 sint

247 711 311 752 illi
336 725 494 752 omnes
518 712 701 753 arbores
726 711 897 752 Edenis
922 713 967 751 in
993 711 1127 752 horto
1154 711 1277 760 Dei,”
1299 710 1525 764 significat
1550 725 1738 765 percep-

248 775 396 815 tiones
429 775 522 814 veri
557 788 616 815 ex
654 774 774 815 bono
810 774 1011 822 caelesti,
1044 774 1162 815 unde
1194 775 1441 826 sapientia;
1486 774 1740 816 “arbores”

246 836 502 889 significant
529 838 842 890 perceptiones
868 837 947 881 ,ubi
978 836 1034 877 de
1066 836 1253 877 caelesti
1284 837 1466 878 homine
1498 838 1663 890 agitur,
1689 844 1737 878 et

246 900 531 952 cognitiones
557 900 630 940 ubi
661 900 717 940 de
743 900 987 952 spirituali;
1031 899 1200 940 “Eden
1227 901 1271 940 in
1298 900 1432 941 horto
1458 900 1543 941 Dei
1555 901 1574 915 ”
1598 902 1737 954 signi-

245 961 352 1003 ficat
378 963 647 1015 sapientiam
667 976 782 1016 quae
807 977 867 1002 ex
893 962 1015 1003 bono
1039 963 1229 1012 amoris;
1262 963 1382 1016 quod
1407 963 1465 1004 sit
1492 963 1666 1004 Pharao
1690 971 1738 1004 et

247 1024 506 1078 Aegyptus,
539 1039 653 1078 quae
685 1039 762 1078 per
790 1025 1115 1066 “Aschurem'’
1141 1032 1188 1066 et
1216 1025 1438 1066 “cedrum
1450 1026 1468 1040 ”
1499 1026 1570 1067 hic
1602 1026 1738 1068 intel-

246 1087 400 1140 ligitur
420 1094 467 1128 et
488 1088 767 1137 describitur,
787 1095 970 1129 constat
992 1102 1169 1142 quoque
1191 1103 1251 1129 ex
1274 1102 1405 1129 versu
1426 1089 1587 1130 ultimo
1608 1090 1737 1142 hujus

246 1151 422 1203 capitis,
454 1151 528 1191 ubi
559 1151 734 1199 dicitur,
771 1151 896 1192 “Hic
928 1158 998 1191 est
1032 1151 1205 1192 Pharao
1234 1158 1283 1192 et
1314 1153 1460 1192 omnis
1490 1152 1737 1194 multitudo

247 1212 376 1265 ejus.'’
435 1212 661 1265 Quoniam
682 1214 828 1254 omnis
849 1214 1154 1266 intelligentia
1178 1221 1225 1254 et
1251 1215 1473 1267 sapientia
1494 1215 1738 1267 spiritualis

223 1317 225 1320 ,
246 1275 439 1316 hominis
464 1276 627 1316 desinit
653 1277 697 1316 in
723 1277 991 1324 naturalem,
1019 1284 1066 1317 et
1097 1277 1157 1332 ibi
1182 1278 1471 1330 conspicuam
1497 1292 1545 1318 se
1570 1278 1734 1327 reddit,

244 1339 347 1380 ideo
372 1341 415 1380 in
442 1339 544 1381 loco
568 1354 701 1393 supra
726 1341 867 1382 allato
893 1348 1181 1393 comparatur
1206 1341 1379 1382 Pharao
1405 1355 1485 1382 rex
1514 1341 1734 1394 Aegypti,
1794 1395 1797 1397 μ

244 1415 324 1455 per
359 1416 493 1456 quem
530 1403 807 1456 significatur
842 1402 1150 1445 intellectuale
1186 1404 1308 1457 quod
1347 1411 1418 1444 est
1458 1404 1502 1444 in
1542 1403 1736 1444 naturali

244 1465 426 1506 homine
458 1473 614 1506 natum
651 1473 698 1507 et
734 1466 975 1507 formatum
1011 1481 1071 1507 ex
1102 1468 1219 1507 veris
1250 1466 1522 1515 scientificis,
1559 1467 1736 1508 “cedro

243 1528 290 1568 in
314 1527 449 1569 horto
471 1529 556 1569 Dei
576 1528 609 1579 ;‘'
641 1529 828 1582 proinde
854 1537 974 1570 terra
995 1529 1201 1582 Aegypti
1227 1536 1298 1570 est
1324 1543 1438 1583 quae
1465 1529 1737 1582 intelligitur

246 1604 327 1643 per
348 1591 566 1632 “hortum
593 1592 677 1632 Dei
693 1592 728 1632 :''
758 1592 964 1633 similiter
989 1599 1039 1633 ut
1064 1593 1183 1645 apud
1208 1592 1376 1641 blesen,

311 1688 476 1720 “Lothus
495 1690 637 1721 sustulit
656 1690 778 1721 oculos
798 1700 893 1729 suos,
912 1697 949 1722 et
967 1691 1056 1722 vidit
1075 1676 1220 1722 omnem
1240 1691 1425 1731 planitiem
1444 1690 1620 1732 Jardenis,
1640 1691 1736 1732 quod

418 1739 494 1764 tota
509 1734 610 1774 aquis
626 1734 823 1765 abundaret
826 1758 918 1771 .....
926 1734 1017 1765 sicut
1033 1735 1157 1766 hortus
1169 1734 1339 1776 Jehovae,
1353 1735 1445 1765 sicut
1460 1740 1555 1765 terra
1568 1734 1735 1774 Aegypti,

417 1786 487 1817 qua
502 1777 643 1808 venitur
659 1777 779 1808 Zoar’'
795 1777 891 1817 (Gen.
907 1778 980 1809 xiii.
1001 1779 1065 1817 10).

245 1875 475 1916 Naturalis
499 1876 637 1916 homo
665 1876 813 1930 quoad
839 1876 932 1929 ejus
962 1875 1285 1924 intellefmale,
1313 1878 1429 1918 sicut
1454 1891 1589 1933 supra
1613 1877 1733 1930 apud

242 1937 525 1987 Ezechielem,
544 1939 681 1979 etiam
708 1940 974 1980 describitur
998 1954 1024 1980 a
1049 1939 1341 1989 Sancheribo‚
1361 1939 1588 1993 praeftho
1614 1941 1733 1994 regis

245 2000 476 2054 Assyriae,
503 2002 583 2042 sed
609 2015 687 2054 per
712 2002 1030 2055 blasphemiaS,
1058 2003 1126 2043 his
1151 2003 1312 2052 verbis,

309 2099 329 2113 ‘¹
340 2098 410 2130 Per
422 2109 567 2131 manum
580 2100 778 2140 legatorum
792 2107 933 2132 tuorum
947 2101 1145 2141 ignominia
1157 2101 1308 2133 affecisti
1323 2101 1529 2141 Dominum,
1542 2112 1584 2134 ac
1601 2102 1733 2141 dixisti,

418 2142 486 2174 Per
501 2143 765 2175 multitudinem
782 2154 947 2175 curruum
966 2154 1126 2175 meorum
1145 2155 1212 2185 ego
1229 2146 1374 2176 ascendi
1390 2146 1614 2177 altitudinem
1631 2156 1734 2177 mon·

417 2186 515 2225 tium,
528 2187 640 2218 latera
656 2187 792 2225 Libani,
806 2189 865 2218 ubi
881 2188 1087 2219 exscindam
1103 2189 1325 2220 altitudinem
1342 2190 1527 2220 cedrorum
1544 2190 1632 2230 ejus,
1643 2190 1735 2222 elee-

418 2230 551 2261 tionem
566 2231 719 2262 abietum
735 2231 823 2270 ejus,
835 2238 870 2262 et
886 2232 1091 2271 perveniam
1105 2233 1150 2263 ad
1163 2232 1397 2264 diversorium
1412 2233 1493 2264 finis
1505 2233 1593 2274 ejus,
1605 2234 1733 2264 silvam

416 2273 492 2304 arvi
511 2273 608 2313 ejus:
642 2284 710 2314 ego
730 2274 804 2305 fodi
828 2281 863 2305 et
886 2275 958 2305 bibi
981 2285 1091 2316 aquas
1110 2275 1256 2313 alienas,
1274 2282 1309 2307 et
1327 2276 1514 2307 exsiccabo
1533 2277 1618 2308 vola
1636 2287 1734 2318 gres-

415 2326 519 2348 suum
537 2327 696 2349 meorum
714 2328 841 2349 omnes
858 2318 984 2349 fluvios
1002 2319 1157 2359 Aegypti
1169 2318 1188 2330 ''
1204 2320 1238 2358 (2
1254 2320 1337 2361 Reg.
1357 2321 1427 2352 xix.
1445 2328 1496 2359 23,
1515 2322 1589 2360 24):

243 2425 323 2466 per
351 2413 463 2454 haec
500 2414 659 2455 similia
694 2414 1004 2468 significantur
1033 2423 1147 2470 quae
1183 2417 1226 2456 in
1265 2416 1367 2458 loco
1404 2431 1538 2470 supra
1573 2417 1730 2467 allato,

243 2488 419 2528 nempe,
435 2477 673 2518 rationalia
697 2478 928 2518 hominum
954 2478 1172 2519 ecclesiae
1198 2479 1390 2520 formata
1411 2494 1471 2520 ex
1498 2481 1615 2520 veris
1641 2481 1727 2520 sci-

242 2538 449 2587 entificis,
482 2547 528 2580 et
564 2539 791 2581 illustrata
832 2554 890 2580 ex
934 2540 1100 2581 Divino
1136 2542 1382 2594 spirituali;
1424 2557 1538 2596 quae
1575 2550 1731 2583 tamen

242 2615 325 2642 rex
341 2600 571 2654 Assyriae,
591 2616 669 2655 per
685 2617 818 2656 quem
835 2603 906 2643 hic
925 2603 1201 2656 significatur
1218 2605 1439 2646 rationale
1454 2618 1729 2658 perversum,

243 2663 473 2704 destruere
495 2665 651 2713 voluit,
676 2679 779 2705 nam
803 2665 1012 2706 Chiskiae
1030 2667 1125 2719 regi
1144 2666 1346 2719 Jehudae
1364 2668 1532 2708 bellum
1550 2668 1700 2708 intulit
1718 2682 1728 2718 ;

243 2738 398 2766 verum
423 2728 527 2780 quia
556 2727 888 2780 blasphemavit
914 2728 1004 2776 illa,
1033 2736 1079 2769 et
1110 2730 1307 2770 minatus
1333 2731 1483 2771 omnia
1508 2730 1728 2770 ecclesiae

242 2801 270 2829 a
304 2789 448 2841 primo
484 2789 541 2829 ad
581 2789 803 2838 ultimum,
837 2805 951 2844 quae
988 2791 1107 2843 apud
1145 2792 1374 2833 hominem
1415 2793 1631 2834 formatur
1667 2807 1728 2833 ex

241 2851 459 2903 spirituali
490 2852 534 2892 in
559 2853 766 2894 rationali
797 2860 843 2894 et
875 2853 1068 2894 naturali
1098 2853 1206 2907 ejus,
1239 2855 1484 2904 destruere,
1518 2855 1619 2896 ideo
1650 2855 1727 2896 illa

242 2911 376 2954 nocte
401 2927 612 2967 percussa
632 2923 737 2958 sunt
759 2916 816 2957 ab
838 2916 1003 2970 angelo
1023 2916 1221 2970 Jehovae
1243 2921 1267 2937 ‘⁴
1284 2925 1466 2959 centum
1488 2916 1724 2971 octoginta
