1962 3334
331 279 438 333 1656
742 290 1072 323 APOCALYPSIS
1104 291 1402 324 EXPLICATA.

325 410 403 444 vat
443 403 589 445 tutela
630 418 655 445 a
694 404 919 446 Domino:
969 406 1115 446 omnis
1153 406 1272 447 enim
1312 407 1493 460 spiritus
1532 413 1641 448 tam,
1669 407 1813 449 malus

325 480 458 519 quam
492 468 637 508 bon-us
675 469 718 508 in
752 468 899 509 tutela
932 468 1115 510 Domini
1147 476 1245 520 est;
1284 484 1372 523 qua
1404 483 1505 511 curn
1537 471 1811 524 deprivatur,

324 530 446 571 cadit
479 530 523 570 in
551 531 670 571 mala
704 537 749 572 et
782 531 894 572 falsa
926 533 1072 572 omnis
1099 534 1277 585 generis
1310 547 1424 586 quae
1456 533 1513 574 ab
1544 533 1731 582 inferno,
1766 540 1812 575 et

324 593 455 633 simul
482 600 589 635 tunc
618 595 740 635 cadit
768 595 812 635 in
838 594 1016 635 illorum
1043 609 1203 636 manus
1229 596 1302 649 qui
1333 596 1437 637 inde
1464 603 1582 645 sunt,
1612 603 1658 638 et
1685 597 1812 651 puni-

323 661 447 696 tores
489 664 737 708 vocantur;
785 658 831 698 hi
878 664 985 699 tunc
1028 658 1153 698 illurn
1196 659 1444 700 secundum
1482 660 1651 700 malum
1693 660 1814 714 quod

323 732 565 772 aggressus
592 727 662 761 est
694 720 855 769 facere,
884 728 961 762 aut
989 722 1109 775 quod
1141 721 1262 770 fecit,
1291 723 1481 775 puniunt
1509 729 1554 764 et
1582 724 1810 764 cruciant:

322 784 488 824 exinde
512 790 723 825 constare
751 791 904 838 potest
927 785 1047 838 quod
1075 799 1166 825 non
1192 785 1414 826 Dominus
1436 786 1618 840 aliquod
1642 786 1811 827 malum

322 845 409 886 illis
435 847 585 896 faciat,
615 848 694 888 sed
728 848 847 901 quod
880 849 974 901 ipse
1008 848 1154 888 malus
1181 849 1363 901 spiritus
1390 849 1487 898 sibi,
1513 849 1599 890 hoc
1633 856 1718 898 est,
1746 850 1812 903 ip-

322 923 420 951 sum
462 911 630 951 malum
670 912 789 964 quod
831 911 948 964 apud
990 911 1128 951 illum.
1190 911 1265 951 Ex
1303 911 1373 952 his
1414 919 1543 966 patet
1583 913 1814 966 quomodo

321 974 670 1028 intelligendum
694 981 763 1015 est
787 975 907 1028 quod
929 975 1002 1014 “si
1025 975 1122 1028 quis
1145 975 1254 1016 velit
1278 989 1442 1016 nocere
1465 977 1580 1016 binis
1602 976 1810 1023 testibus,

321 1038 438 1091 ignis
464 1053 523 1079 ex
556 1052 632 1078 ore
660 1038 837 1078 illorum
865 1038 1138 1090 egredietur,
1167 1045 1214 1079 et
1247 1039 1486 1080 devorabit
1512 1039 1614 1080 illos
1633 1039 1666 1090 ;''
1702 1038 1813 1092 (bini

321 1108 466 1142 testes
489 1108 593 1142 sunt
617 1102 784 1142 bonum
808 1102 974 1141 amoris
1000 1107 1046 1142 et
1069 1101 1308 1142 charitatis
1330 1116 1382 1143 ac
1402 1116 1556 1143 verum
1580 1101 1813 1143 do&rinae

321 1171 368 1205 et
395 1164 511 1214 fidei,
541 1171 586 1206 et
614 1165 726 1205 haec
755 1171 859 1205 sunt
896 1165 1072 1213 Divina,
1102 1165 1203 1218 quia
1235 1179 1261 1205 a
1294 1165 1494 1206 Domino
1521 1167 1638 1220 apud
1670 1179 1812 1220 ange-

322 1228 414 1268 lum
433 1234 479 1269 et
499 1228 616 1281 apud
632 1227 864 1268 hominem
883 1227 914 1281 ;)
943 1228 1063 1281 quod
1083 1241 1245 1281 nempe
1261 1242 1352 1269 non
1372 1243 1431 1269 ex
1450 1229 1537 1269 illis
1555 1230 1814 1282 egrediatur

320 1291 450 1344 ignis,
476 1291 556 1332 sed
579 1305 638 1332 ex
661 1292 759 1344 ipso
782 1291 918 1340 malo,
941 1291 1061 1344 quod
1085 1298 1276 1332 conatur
1293 1291 1380 1332 illis
1402 1292 1561 1333 inferre
1580 1293 1810 1342 damnum,

321 1361 370 1395 ut
402 1368 519 1395 nunc
548 1353 717 1395 dietum
744 1361 841 1404 est;
882 1361 927 1395 et
959 1355 1080 1407 quod
1112 1354 1198 1395 hoc
1233 1354 1438 1395 similiter
1464 1355 1812 1408 intelligendum

321 1418 379 1458 sit
411 1418 526 1458 sicut
559 1418 678 1470 quod
721 1418 852 1470 ignis,
886 1417 949 1457 ira
989 1423 1035 1458 et
1077 1418 1465 1458 excandescentia
1506 1432 1564 1459 ex
1604 1418 1812 1471 Jehovah

321 1479 498 1519 dicatur
520 1479 661 1518 exire.
716 1489 795 1526 (Sed
810 1489 889 1518 haec
902 1489 1039 1526 amplius
1055 1490 1209 1518 illustrata
1223 1494 1296 1518 sunt
1310 1489 1341 1518 in
1355 1499 1452 1527 opere
1468 1491 1518 1519 De
1531 1491 1621 1519 Caelo
1636 1493 1666 1518 et
1677 1490 1813 1528 lnferno,

320 1552 351 1573 n.
367 1550 516 1579 545—550,
533 1542 587 1571 ubi
602 1542 710 1571 aetum
726 1547 773 1571 est
788 1543 828 1571 de
842 1551 891 1577 eo¹
908 1543 1006 1579 Quod
1022 1543 1180 1571 Dominus
1195 1543 1355 1572 neminem
1377 1543 1408 1571 in
1431 1543 1593 1572 Insernum
1609 1543 1743 1581 dejiciat,
1758 1544 1815 1572 sed

320 1598 408 1634 quod
423 1597 489 1634 ipse
503 1597 636 1634 Spiritus
651 1596 775 1634 semet.)

385 1660 521 1713 643.
538 1659 616 1698 “ft
625 1659 666 1699 si
675 1659 764 1712 quis
773 1658 853 1699 illis
867 1658 1036 1699 voluerii
1045 1672 1213 1705 nocet-e,
1224 1659 1281 1698 iia
1295 1662 1454 1712 oportet
1464 1659 1573 1699 illum
1587 1659 1815 1700 occidi.¹'—

322 1723 457 1777 Quod
495 1723 720 1777 significet
752 1724 871 1777 quod
901 1724 1134 1765 secundnm
1164 1730 1364 1764 conatum
1394 1723 1621 1776 inferendi
1647 1724 1813 1765 malum

317 1794 516 1841 pereant,
542 1793 726 1828 constat
753 1802 812 1828 ex
840 1787 1172 1840 significatione
1197 1787 1352 1828 “velle
1380 1788 1584 1837 nocere,”
1606 1788 1726 1842 quod
1753 1789 1811 1829 sit

321 1857 513 1892 conatus
536 1851 752 1891 inferendi
777 1850 959 1898 malum,
985 1864 1089 1891 nam
1113 1850 1231 1891 velle
1258 1857 1328 1891 est
1352 1852 1531 1901 conari;
1564 1857 1610 1892 et
1633 1865 1692 1892 ex
1719 1851 1811 1904 sig·

322 1913 582 1955 nificatione
603 1913 826 1962 “occidi,”
845 1914 964 1967 quod
987 1915 1044 1954 sit
1068 1915 1224 1967 perire,
1251 1914 1322 1955 hic
1346 1914 1495 1967 quoad
1518 1914 1660 1955 vitam
1683 1915 1810 1968 spiri-

321 1976 507 2025 tualem,
536 1991 649 2030 quae
676 1978 791 2030 perit
820 1978 949 2017 unice
976 1990 1001 2017 a
1028 1976 1157 2017 malis
1184 1983 1230 2017 et
1263 1977 1384 2017 falsis
1412 1977 1531 2025 mali,
1560 1977 1663 2018 inde
1691 1978 1810 2018 enim

320 2044 391 2078 CSt
407 2051 529 2078 morS
545 2038 793 2091 SPil‘itualiS
809 2049 968 2085 (videatur
982 2057 1087 2086 supra,
1101 2058 1132 2078 n.
1149 2047 1241 2090 315,
1259 2039 1368 2090 589).
1402 2039 1537 2091 Quod
1555 2038 1627 2079 hIC
1647 2039 1810 2079 iterum

321 2103 511 2151 dicatur,
540 2101 624 2143 “Si
651 2103 748 2156 quis
771 2102 963 2143 voluerit
987 2102 1074 2143 illis
1097 2103 1301 2151 nocere,'’
1324 2108 1393 2143 est
1417 2103 1519 2156 quia
1541 2102 1812 2156 intelligitur

321 2167 441 2221 quod
476 2167 662 2220 quisque
689 2173 844 2220 pereat
871 2167 1119 2207 secundum
1146 2166 1432 2207 voluntatem
1456 2181 1534 2207 seu
1561 2167 1809 2208 secundum

321 2236 537 2270 conatum
560 2230 777 2270 inferendi
796 2229 963 2270 malum
983 2244 990 2279 ;
1019 2243 1123 2270 nam
1141 2230 1353 2270 voluntas
1376 2230 1482 2270 facit
1499 2230 1640 2270 vitam
1663 2229 1809 2282 cujus-

320 2293 398 2332 vis.
462 2292 596 2345 Quod
626 2293 811 2345 quisque
843 2298 999 2345 pereat
1027 2292 1274 2332 secundum
1301 2292 1588 2333 voluntatem
1615 2293 1809 2333 nocendi

319 2355 474 2396 “binis
496 2354 706 2403 testibus,
733 2355 806 2408 qui
833 2361 938 2394 sunt
964 2354 1095 2394 binae
1120 2353 1267 2394 olivae
1293 2359 1339 2394 et
1366 2353 1471 2393 bina
1497 2351 1811 2401 candelabra,''

318 2418 404 2459 hoc
424 2424 507 2467 est,
532 2418 700 2458 bonum
725 2417 890 2457 amoris
918 2422 963 2456 et
991 2416 1229 2456 charitatis
1255 2428 1306 2455 ac
1330 2428 1486 2455 verum
1509 2413 1740 2456 doetrinae
1763 2421 1809 2455 et

318 2480 434 2529 fidei,
449 2487 518 2521 est
531 2480 633 2533 quia
647 2480 689 2519 in
703 2479 944 2519 voluntate
957 2479 1169 2531 opposita
1181 2484 1300 2526 sunt,
1315 2483 1360 2518 et
1376 2477 1588 2517 voluntas
1601 2478 1810 2530 opposita

319 2549 480 2585 contra
505 2543 673 2583 bonum
700 2543 865 2582 amoris
891 2547 938 2582 et
965 2554 1120 2581 verum
1147 2538 1380 2581 doetrinae
1406 2546 1476 2580 est
1502 2539 1737 2588 infernum,
1766 2540 1809 2579 in

318 2613 500 2648 tantum
523 2611 694 2659 quanta
717 2605 945 2658 oppositio
968 2610 1038 2644 est
1057 2617 1066 2654 ;
1099 2602 1204 2643 inde
1231 2609 1300 2643 est
1328 2602 1448 2655 quod
1473 2602 1574 2642 “ita
1597 2608 1809 2655 oporteat

318 2683 420 2711 eum
447 2668 633 2718 occidi,”
655 2668 741 2708 hoc
766 2673 851 2716 est,
876 2667 1034 2720 perire,
1059 2671 1279 2720 quantum
1305 2664 1391 2705 illis
1414 2664 1607 2705 voluerit
1631 2677 1807 2705 nocere.

320 2734 562 2774 Praeterea
587 2731 892 2784 unusquisque
918 2729 1056 2770 homo
1084 2735 1131 2769 et
1163 2728 1344 2781 spiritus
1376 2728 1419 2767 in
1452 2726 1600 2767 tutela
1626 2726 1810 2767 Domini

271 2839 275 2845 ‚
319 2802 404 2844 est,
431 2808 573 2848 aeque
600 2793 746 2833 malus
779 2806 830 2833 ac
863 2793 1037 2842 bonus;
1081 2797 1128 2832 et
1160 2791 1233 2844 qui
1264 2791 1308 2830 in
1340 2789 1487 2830 tutela
1514 2789 1696 2829 Domini
1722 2795 1807 2836 est,

319 2859 359 2900 ei
395 2870 486 2899 non
523 2856 691 2897 malum
731 2855 988 2908 contingit3
1031 2867 1135 2894 nam
1171 2853 1354 2893 Domini
1394 2851 1607 2892 voluntas
1649 2857 1718 2892 est
1760 2857 1809 2891 ut

319 2933 454 2963 nemo
480 2925 651 2975 pereat,
680 2932 763 2960 nec
793 2924 841 2959 ut
867 2918 1104 2971 puniatur:
1140 2916 1219 2957 sed
1246 2916 1433 2969 quisque
1460 2920 1640 2955 tantum
1666 2914 1710 2954 in
1737 2919 1809 2954 tu-
