1962 3334
643 257 751 290 CAP.
773 256 836 297 X„
858 255 998 288 VERS.
1020 246 1167 287 8.—N.
1188 243 1284 296 614.
1603 252 1711 296 1539

221 376 300 420 set,
327 375 509 412 constat
534 382 604 410 <ex
628 367 871 422 illisquae
898 366 1183 420 praecedunt
1215 371 1262 407 et
1295 379 1355 406 ex
1389 364 1474 405 illis
1500 377 1613 418 quae
1639 377 1711 404 se-

221 439 416 488 quuntur
440 433 485 473 in
515 432 600 474 hoc
631 432 945 484 capite3mam
965 433 1103 470 “vox
1133 443 1159 470 e
1182 427 1329 477 caelo,
1353 442 1469 482 quae
1501 440 1602 468 cum
1632 426 1712 467 illo

221 495 375 536 locuta
399 501 468 536 est
494 502 541 536 et
563 494 720 544 dixit,”
741 493 932 534 involvit
957 491 1048 533 illa.
1108 491 1163 532 In
1186 490 1276 532 mis
1297 504 1412 544 quae
1427 489 1712 544 praecedunt

221 558 370 612 agitur
390 558 446 599 de
471 555 705 598 intellectu
727 555 879 596 Divini
901 554 1010 596 Veri
1032 568 1110 596 seu
1125 553 1279 603 Verbi,
1303 560 1352 594 ut
1374 559 1584 594 constare
1607 557 1711 605 pot-

222 627 292 662 est
313 635 340 662 a
359 622 558 662 versibus
577 630 615 668 2,
632 631 670 672 3,
687 631 729 670 4,
747 619 821 659 ubi
842 632 922 671 per
945 621 970 638 “
983 630 1159 665 vocem,
1181 631 1269 670 qua
1290 616 1502 657 clamavit
1524 614 1713 668 angelus

221 683 347 725 fortis
372 683 653 724 descendens
678 696 703 723 e
733 680 900 730 caelo,”
925 687 971 721 et
994 692 1073 734 per
1105 683 1281 720 “voces
1313 685 1490 732 septem
1516 678 1712 719 tonitru-

222 746 336 795 um,”
367 745 641 799 significatur
677 744 986 786 manifestatio
1021 742 1164 796 qualis
1201 748 1348 783 status
1384 741 1603 783 ecclesiae
1640 746 1711 781 est

221 807 373 861 quoad
393 806 681 848 intellectum
698 805 841 846 Verbi
857 815 1018 853 (videatur
1030 823 1136 852 supra,
1149 824 1181 844 n.
1196 814 1367 851 601-604).
1408 803 1461 843 In
1483 802 1572 843 illis
1593 815 1711 855 quae

223 874 470 922 sequuntur
500 868 650 920 agitur
679 867 736 907 de
766 864 1005 907 intellectu
1035 865 1176 906 Verbi
1207 865 1354 906 adhuc
1386 864 1563 905 residuo
1594 862 1713 916 apud

221 930 427 972 homines
452 930 697 980 ecclesiae;
730 943 808 982 per
831 927 1071 969 “libellum
1084 927 1104 943 ’'
1129 929 1264 977 enim,
1291 940 1424 981 quem
1451 926 1640 980 angelus
1668 927 1713 979 in

224 1006 359 1034 manu
384 1007 462 1033 sua
488 993 659 1040 habuit,
686 990 963 1045 significatur
987 991 1205 1040 Verbum,
1232 997 1278 1031 et
1305 1004 1384 1044 per
1411 989 1710 1031 “devoratio—

223 1068 328 1096 nem
371 1054 498 1108 ejus'’
534 1054 810 1108 significatur
853 1053 1126 1107 exploratio,
1166 1060 1213 1095 et
1260 1067 1341 1106 per
1384 1053 1504 1107 quod
1542 1052 1713 1093 “fuerit

224 1117 366 1159 dulcis
396 1119 441 1159 in
472 1132 548 1159 ore
583 1124 630 1158 et
651 1130 829 1158 amarus
854 1117 899 1157 in
931 1123 1090 1157 ventre
1103 1116 1123 1131 ''
1147 1116 1425 1170 significatur
1450 1116 1569 1170 quod
1596 1115 1713 1156 Ver-

222 1181 328 1221 bum
353 1181 398 1222 in
423 1194 556 1222 sensu
582 1180 759 1221 litterae
781 1186 902 1220 esset
923 1179 1185 1232 jucundum,
1212 1186 1260 1220 at
1286 1180 1330 1220 in
1356 1193 1491 1219 sensu
1516 1179 1711 1226 interno,

221 1243 266 1284 in
297 1257 386 1297 quo
416 1250 520 1284 sunt
550 1244 646 1296 ipsa
675 1256 796 1290 vera,
828 1242 1143 1295 injucundum;
1181 1242 1302 1295 quod
1334 1242 1519 1283 ulterius
1550 1255 1610 1282 ex
1642 1255 1712 1281 se—

222 1306 462 1360 quentibus
492 1306 681 1360 patebit.
742 1304 858 1358 Quia
893 1305 1004 1346 haec
1037 1311 1142 1346 sunt
1174 1305 1230 1345 de
1262 1305 1420 1358 quibus
1451 1303 1600 1345 actum
1627 1311 1712 1352 est,

222 1376 270 1410 et
284 1369 339 1410 de
356 1369 513 1424 quibus
530 1369 675 1409 adhuc
690 1369 852 1422 agitur,
868 1374 1077 1408 constare
1095 1373 1248 1420 potest
1267 1367 1386 1421 quod
1402 1381 1481 1420 per
1499 1371 1523 1387 “
1537 1380 1712 1415 vocem,

223 1445 356 1486 quam
381 1432 550 1473 audivit
576 1446 600 1472 e
627 1431 754 1472 caelo
778 1431 941 1472 iterum
968 1430 1232 1484 loquentem
1258 1437 1306 1471 et
1337 1430 1596 1471 dicentem”
1621 1431 1713 1483 sig-

223 1495 427 1536 nificetur
457 1494 715 1548 exploratio
750 1494 983 1535 hominum
1015 1493 1249 1542 ecclesiae,
1282 1493 1425 1547 qualis
1456 1491 1714 1534 intellectus

223 1557 366 1599 Verbi
395 1558 541 1599 adhuc
578 1558 696 1611 apud
731 1557 834 1598 illos
865 1564 1134 1610 superesset.
1210 1556 1453 1598 Sciendum
1485 1563 1555 1597 est
1592 1557 1713 1610 quod

223 1619 480 1662 intellectus
502 1619 643 1661 Verbi
663 1621 708 1661 in
733 1620 927 1661 ecclesia
948 1633 1028 1673 per
1049 1620 1215 1673 gradus
1242 1626 1411 1672 pereat,
1435 1620 1550 1660 sicut
1577 1620 1714 1662 homo

223 1683 441 1724 ecclesiae
472 1684 529 1724 ab
554 1684 733 1724 interno
760 1682 810 1724 fit
841 1690 1086 1733 externus;
1123 1689 1170 1723 et
1196 1683 1253 1723 ab
1278 1683 1458 1723 interno
1484 1682 1533 1723 fit
1558 1690 1713 1723 exter-

224 1759 307 1787 nus
333 1747 447 1787 sicut
478 1747 650 1788 recedit
682 1760 709 1787 a
740 1747 977 1795 charitate,
1004 1746 1191 1799 proinde
1223 1746 1337 1786 sicut
1369 1746 1539 1786 recedit
1571 1760 1596 1786 a
1621 1747 1715 1787 vita

224 1808 341 1850 fidei.
403 1808 598 1862 Quando
628 1810 766 1850 homo
796 1809 1016 1850 ecclesiae
1043 1809 1148 1849 talis
1174 1815 1259 1857 est,
1287 1815 1394 1849 tunc
1428 1809 1606 1862 quidem
1633 1809 1714 1850 de-

189 1870 194 1872 ⁷
224 1871 380 1916 lectari
402 1880 555 1926 potest
579 1871 772 1913 lectione
795 1872 951 1921 Verbi,
970 1872 1049 1912 sed
1076 1886 1215 1926 usque
1234 1885 1324 1912 non
1347 1871 1599 1913 delectatur
1615 1874 1714 1926 ipso

224 1948 347 1984 vero,
373 1936 493 1989 quod
519 1942 589 1976 est
621 1949 777 1976 sensus
808 1935 1031 1976 interioris
1063 1934 1183 1986 ejus;
1215 1948 1319 1975 nam
1350 1936 1447 1988 ipsa
1472 1936 1566 1976 vita
1595 1935 1713 1984 fidei,

224 2011 338 2052 quae
373 2004 444 2040 est
480 1998 690 2046 charitas,
723 1998 928 2051 producit
960 1995 1242 2038 affeffionem
1274 1999 1366 2038 veri
1396 1999 1633 2047 interioris,
1666 2007 1713 2040 et

223 2058 727 2102 inde1¹1de1e6tationem
744 2060 862 2113 ejus:
890 2074 1026 2113 quare
1042 2060 1245 2101 Verbum
1264 2061 1411 2114 quoad
1434 2074 1614 2101 sensum
1637 2061 1712 2102 lit-

225 2129 349 2164 terae
370 2124 548 2176 quidem
571 2124 709 2164 amari
736 2129 903 2176 potest,
927 2123 1006 2163 sed
1030 2129 1270 2176 propterea
1292 2124 1394 2176 quia
1419 2130 1573 2176 potest
1596 2124 1714 2164 trahi

226 2185 284 2226 ad
323 2185 677 2226 confirmandum
714 2185 826 2226 falsa
858 2186 1045 2226 oriunda
1080 2199 1139 2226 ex
1172 2199 1324 2226 amore
1365 2187 1430 2226 sui
1467 2193 1512 2227 et
1545 2187 1712 2234 mundi,

226 2241 429 2290 Verbum
461 2251 579 2290 enim
610 2250 654 2289 in
683 2249 835 2290 littera
866 2249 957 2289 tale
988 2255 1071 2289 est.
1132 2249 1244 2289 Inde
1274 2249 1368 2290 fluit
1400 2250 1519 2303 quod
1551 2251 1593 2290 in
1626 2249 1714 2290 fine

225 2311 442 2353 ecclesiae
468 2313 545 2353 vix
572 2312 730 2366 aliquis
759 2310 1020 2352 intellectus
1050 2312 1143 2352 veri
1174 2312 1260 2362 sit;
1300 2326 1407 2353 vera
1437 2313 1619 2366 quidem
1652 2327 1712 2353 ex

228 2372 384 2415 Verbo
406 2381 512 2416 tunc
545 2389 620 2415 ore
653 2375 908 2428 loquuntur,
936 2375 1016 2415 sed
1049 2388 1186 2428 usque
1218 2388 1308 2415 non
1339 2375 1534 2428 aliquam
1565 2376 1714 2417 ideam

225 2437 317 2477 veri
352 2437 549 2478 habent:
595 2438 716 2491 quod
753 2439 816 2478 ita
848 2439 921 2485 sit,
955 2450 1055 2477 cum
1087 2437 1284 2490 pluribus
1314 2439 1358 2479 in
1391 2439 1559 2479 mundo
1586 2441 1714 2492 spiri-

230 2499 341 2540 tuali
371 2500 527 2541 datum
559 2508 629 2541 est
661 2501 869 2552 experiri,
897 2507 943 2541 et
974 2507 1256 2552 compertum
1288 2509 1358 2542 est
1384 2502 1503 2555 quod
1530 2503 1714 2543 tametsi

227 2575 347 2611 vera,
374 2569 594 2616 quatenus
620 2577 679 2603 ex
707 2562 876 2611 Verbo,
904 2563 1042 2603 locuti
1067 2563 1243 2612 fuerint,
1267 2578 1406 2618 usque
1431 2563 1713 2606 intellectum

225 2638 379 2667 eorum
409 2626 579 2666 nullum
610 2626 877 2676 habuerint3
911 2627 973 2666 sic
1006 2633 1054 2666 ut
1085 2626 1246 2668 fuerint
1278 2628 1391 2668 sicut
1418 2641 1525 2668 vasa
1556 2642 1711 2675 vacua,

226 2694 273 2729 et
303 2689 417 2729 sicut
448 2688 741 2741 campanulae
773 2695 988 2729 sonantes
1019 2688 1165 2730 solum
1201 2704 1260 2730 ex
1298 2690 1463 2731 talibus
1499 2703 1613 2744 quae
1651 2706 1711 2732 ex

226 2751 440 2794 memoria
470 2751 860 2804 deprompserunt,
893 2758 939 2792 et
971 2764 1150 2804 prorsus
1181 2752 1287 2793 nihil
1324 2767 1383 2794 ex
1420 2755 1711 2807 perceptione

225 2811 494 2854 intellectus.
554 2813 666 2854 Cum
688 2813 824 2854 homo
846 2813 950 2854 talis
973 2820 1057 2863 est,
1081 2821 1187 2856 tunc
1211 2829 1301 2856 non
1323 2816 1490 2869 aliquid
1513 2816 1711 2858 caeleste

70 2900 75 2907 ·
146 2913 153 2917 ,
227 2880 273 2915 et
298 2874 524 2929 spirituale
550 2876 669 2917 intus
695 2876 910 2929 possidet,
938 2877 1016 2917 sed
1043 2877 1180 2919 modo
1205 2879 1409 2920 naturale
1436 2893 1494 2920 ex
1522 2892 1711 2932 corpore
