1962 3334
628 340 735 373 CAP.
757 340 840 381 1x.,
862 340 1001 372 VERs.
1029 339 1198 384 17.—N.
1223 331 1315 384 578.
1607 339 1710 384 ¹451

231 460 335 496 sunt
360 453 477 495 illius
500 453 690 494 amoris:
723 458 770 494 et
795 452 898 506 quia
921 451 966 493 id
990 451 1210 493 infernum
1236 450 1367 492 ardet
1389 464 1448 492 ex
1474 450 1714 504 concupis-

230 518 382 560 centia
397 516 671 564 destruendi,
691 515 855 556 dicitur
870 515 991 569 quod
1009 514 1180 555 “flatus
1199 513 1403 567 Jehovae
1420 513 1536 554 sicut
1558 512 1660 553 fluv
1649 526 1716 553 ius

231 568 455 634 sulphuris
494 579 706 620 accendit
746 591 875 628 eum;
939 578 999 618 ibi
1038 578 1173 626 enim,
1207 583 1256 618 ut
1295 577 1487 630 primum
1526 575 1715 616 audiunt

231 642 451 685 ecclesiae
481 655 587 683 vera
617 647 664 682 et
700 641 952 694 percipiunt
984 639 1078 693 ejus
1108 640 1230 681 bona
1264 640 1322 680 ab
1352 639 1518 692 aliquo,
1550 651 1715 679 accen-

86 686 127 735 -‘'⁷
163 752 167 756 .
230 705 397 746 duntur
417 705 533 745 sicut
557 703 703 744 surore
724 703 986 744 destruendi
1007 709 1055 744 et
1076 701 1402 756 exstinguendi
1423 701 1515 742 illa.
1575 700 1715 755 Apud

229 767 434 816 Esaiam,

296 857 316 871 ‘⁴
333 855 423 888 Dies
438 854 622 887 vindiCtae
638 855 808 897 jehovae.
822 865 940 886 annus
957 855 1232 887 retributionum
1250 863 1316 894 pro
1332 853 1395 885 lite
1410 853 1534 885 Zionis
1549 862 1557 889 ;
1581 858 1618 884 et
1633 861 1719 884 con-

402 905 588 931 vertentur
610 904 791 930 torrentes
813 899 894 939 ejus
918 898 956 929 in
980 899 1108 938 picem,
1131 903 1168 929 et
1191 897 1310 938 pulvis
1334 897 1414 937 ejus
1438 897 1475 928 in
1499 897 1661 936 sulphur,
1681 901 1718 926 et

405 942 473 974 erit
488 948 584 974 terra
600 942 679 982 ejus
697 942 735 973 in
751 942 865 982 picem
882 941 1081 979 ardentem,
1098 939 1209 974 noctu
1229 947 1265 972 et
1284 941 1346 972 diu
1365 949 1440 972 non
1457 940 1716 979 exstinguetur,

403 985 441 1017 in
457 992 645 1017 aeternum
662 986 833 1016 ascendet
848 985 967 1016 fumus
984 985 1063 1026 ejus
1073 984 1092 997 ”
1109 984 1242 1024 (xxxiv.
1260 984 1379 1024 8-10):

235 1074 373 1116 “dies
395 1071 621 1114 vindictae
644 1073 860 1126 Jehovae,
893 1079 940 1114 et
971 1086 1116 1113 annus
1141 1072 1490 1114 retributionum
1521 1085 1603 1124 pro
1634 1070 1716 1111 lite

231 1136 423 1185 Zionis,”
443 1135 668 1189 significat
694 1136 942 1177 adventum
968 1135 1167 1184 Domini,
1191 1148 1243 1176 ac
1271 1134 1479 1175 ultimum
1500 1133 1717 1187 judicium

231 1205 339 1241 tunc
375 1199 434 1240 ab
469 1199 576 1252 Ipso
611 1197 804 1249 sactum3
845 1198 966 1252 quod
1005 1201 1372 1238 “convertentur
1408 1203 1636 1238 torrentes
1671 1196 1717 1236 in

229 1260 392 1316 picem,
423 1267 470 1303 et
501 1261 645 1315 pulvis
675 1262 720 1302 in
753 1260 977 1314 sulphur,”
1008 1259 1234 1314 significat
1266 1260 1488 1301 infernum
1519 1260 1564 1300 in
1595 1259 1717 1313 quod

101 1307 138 1360 ,ἶ
174 1358 178 1359 ⁷
230 1323 296 1366 illi
325 1324 400 1379 qui
429 1325 474 1365 in
504 1323 625 1365 salsis
657 1323 764 1364 mali
794 1330 842 1365 et
872 1325 917 1364 in
949 1324 1079 1365 malis
1110 1323 1209 1364 falsi
1240 1330 1360 1372 sunt,
1394 1322 1716 1381 conjicientur;

232 1386 400 1428 malum
416 1387 580 1428 amoris
598 1386 824 1428 infernalis
846 1393 893 1427 et
912 1386 1006 1439 ejus
1027 1399 1175 1440 poena
1196 1385 1476 1439 significatur
1496 1399 1576 1439 per
1596 1384 1718 1438 quod

234 1450 352 1503 “pix
387 1449 550 1491 ardens
586 1447 723 1490 noctu
758 1456 805 1490 et
842 1449 916 1490 diu
953 1463 1044 1490 non
1079 1449 1399 1502 exstinguetur
1415 1448 1450 1499 ;”
1490 1455 1537 1489 et
1573 1448 1717 1488 dirum

231 1511 392 1553 salsum
417 1526 478 1553 ex
502 1511 582 1552 illo
607 1511 744 1561 malo,
768 1525 847 1566 per
871 1512 993 1566 quod
1021 1511 1205 1552 “fumus
1230 1512 1274 1552 in
1300 1517 1533 1552 aeternum
1556 1523 1717 1551 ascen-

231 1573 350 1616 det.”
406 1574 546 1628 Apud
569 1574 855 1623 Ezechielem,

297 1670 548 1711 “Disceptabo
567 1670 678 1703 cum”
697 1670 802 1711 Gogo
823 1672 952 1711 “peste
971 1677 1007 1702 et
1025 1671 1210 1711 sanguine,
1231 1677 1267 1703 et
1286 1670 1444 1711 pluviam
1469 1669 1718 1706 inundantem,

405 1720 441 1746 et
456 1714 595 1754 lapides
611 1715 808 1754 grandinis,
825 1714 946 1754 ignem
965 1720 1002 1746 et
1020 1715 1169 1755 sulphur
1187 1714 1311 1754 pluere
1329 1713 1460 1745 faciam
1481 1722 1589 1753 super
1606 1721 1688 1744 eum
1699 1711 1719 1724 ’'

404 1757 562 1798 (xxxviii.
580 1760 655 1797 22):

231 1859 312 1900 per
333 1845 595 1899 ⁴‘Gogum'’
619 1845 936 1899 intelliguntur
965 1845 1039 1900 qui
1069 1846 1114 1886 in
1146 1843 1305 1888 saneto
1337 1851 1386 1886 et
1416 1845 1490 1899 pio
1521 1850 1718 1885 externo

233 1914 408 1962 ponunt
443 1921 627 1949 omnem
664 1907 850 1957 cultum,
889 1915 937 1949 et
973 1921 1065 1949 non
1104 1909 1149 1949 in
1189 1909 1383 1957 interno,
1422 1920 1525 1948 cum
1561 1913 1719 1948 tamen

202 2024 204 2026 ‚
233 1969 382 2012 cultus
405 1977 624 2011 externus
650 1970 755 2012 talis
780 1977 851 2012 est
882 1970 1025 2024 qualis
1050 1971 1280 2021 internus;
1319 1977 1367 2011 et
1393 1970 1569 2018 dicitur,
1596 1969 1718 2023 quod

234 2033 477 2086 “Jehovah
514 2047 646 2086 super
680 2033 786 2074 illos
819 2033 973 2087 pluere
1009 2033 1143 2074 saciet
1176 2033 1373 2087 pluviam
1403 2032 1716 2080 inundantem,

123 2095 170 2156 'j
234 2094 405 2150 lapides
429 2097 673 2149 grandinis,
698 2097 849 2149 ignem
875 2102 922 2137 et
948 2096 1173 2149 sulphur,”
1194 2110 1274 2150 per
1298 2109 1413 2150 quae
1438 2094 1720 2149 significatur

234 2158 355 2211 quod
389 2157 501 2199 falsa
537 2165 584 2200 et
620 2158 741 2199 mala
776 2159 1059 2199 destruentia
1094 2160 1246 2200 omnia
1282 2158 1502 2200 ecclesiae
1532 2172 1640 2200 vera
1670 2163 1719 2199 et

233 2219 379 2271 bona;
424 2221 580 2274 “ignis
610 2227 657 2262 et
689 2221 904 2274 sulphur”
935 2228 1040 2262 sunt
1072 2221 1192 2262 mala
1227 2221 1326 2262 falsi
1362 2228 1409 2263 et
1444 2221 1559 2262 salsa
1594 2221 1716 2269 mali,

132 2301 171 2335 ,-
205 2285 423 2351 *utraque
446 2283 684 2325 diabolica.
745 2284 883 2338 Apud
907 2284 1142 2334 Davidem,

304 2376 488 2420 Jehovah‘
491 2378 607 2419 ‘pluet
622 2388 730 2429 super
741 2379 872 2419 impios
885 2379 1043 2434 laqueos,
1061 2379 1181 2429 ignem
1198 2386 1234 2411 et
1250 2380 1421 2421 sulphur;
1441 2387 1477 2412 et
1492 2387 1622 2412 ventus
1637 2390 1721 2429 pro-

406 2421 579 2453 cellarum
595 2422 712 2463 portio
728 2423 850 2454 calicis
868 2422 1010 2454 eorum¹
1014 2422 1111 2462 '.(Ps
1128 2423 1174 2454 xi.
1191 2424 1243 2463 6);

146 2568 170 2585 Q
233 2527 315 2568 per
337 2515 451 2556 haec
476 2515 755 2569 significatur
778 2517 898 2570 quod
928 2517 1050 2570 impii
1075 2517 1364 2559 destruentur
1388 2532 1466 2572 per
1492 2532 1571 2559 sua
1591 2518 1718 2559 ,mala

234 2576 333 2618 salsi
368 2584 415 2619 et
455 2592 534 2632 per
571 2592 651 2619 sua
690 2579 803 2619 falsa
843 2579 964 2628 mali,
1002 2593 1116 2633 quae
1152 2581 1389 2622 destruent
1425 2582 1576 2622 omnia
1611 2595 1719 2621 vera

236 2638 455 2681 ecclesiae
476 2641 594 2694 apud
619 2641 747 2692 illos;
782 2641 985 2695 “iaquei,
1009 2643 1125 2695 ignis
1150 2649 1198 2684 et
1223 2643 1409 2697 sulphur
1421 2644 1441 2659 ’'
1466 2651 1570 2684 sunt
1597 2644 1718 2684 mala

235 2700 333 2743 falsi
354 2710 400 2745 et
421 2703 534 2744 salsa
551 2704 683 2755 mali;
715 2710 762 2745 et
782 2707 809 2724 “
822 2711 986 2745 ventus
1003 2705 1302 2758 procellarum
1314 2706 1334 2721 ”
1351 2707 1425 2760 qui
1442 2708 1590 2760 portio
1608 2707 1717 2747 cali-

166 2763 180 2778 ’”
236 2764 300 2805 cis
324 2779 492 2815 eorum,
519 2766 744 2820 significat
770 2765 1125 2809 destructionem
1150 2770 1296 2810 omnis
1321 2771 1439 2810 veri:
1478 2771 1599 2823 quod
1625 2783 1716 2810 non

236 2825 516 2881 intelligatur
532 2829 651 2883 quod
673 2829 799 2883 pluet
821 2831 937 2883 ignis
959 2837 1006 2871 et
1023 2831 1209 2884 sulphur
1226 2845 1357 2886 super
1374 2833 1549 2886 impios,
1570 2839 1715 2886 patet,

237 2902 342 2932 nam
366 2891 530 2932 dicitur
554 2893 693 2933 etiam
724 2893 844 2946 quod
873 2893 1070 2946 “pluent
1101 2894 1249 2948 laquei
1266 2895 1299 2946 ;'’
1336 2909 1472 2949 quare
1504 2910 1582 2949 per
1610 2896 1716 2949 “ig-

236 2964 340 2994 nem
365 2959 412 2995 et
437 2954 622 3008 sulphur
633 2954 654 2971 ’'
679 2955 788 2996 talia
813 2955 1122 3009 significantur
1152 2971 1267 3011 quae
1293 2958 1511 3000 ecclesiae
1537 2972 1643 2999 vera
1668 2964 1716 2999 et
