1962 3334
234 285 341 329 1524
642 285 974 319 APOCALYPSIS
1007 287 1305 320 EXPLICATA.

221 398 367 452 jurare
385 413 393 440 ε
429 405 474 440 et
497 398 540 440 in
560 399 768 441 Ecclesia
786 400 1036 442 Israelitica
1058 402 1209 443 omnia
1227 408 1356 443 erant
1380 395 1589 452 externa,
1610 417 1723 457 quae

226 464 630 515 repraesentabant
658 470 703 504 et
730 463 1046 516 significabant
1073 466 1276 516 interna3
1312 465 1455 506 simile
1482 467 1620 507 etiam
1653 473 1724 506 est

227 524 429 566 Verbum
456 527 499 566 in
527 540 660 567 sensu
687 526 881 567 litterae.
945 527 1055 568 Inde
1079 535 1289 569 constare
1317 535 1470 581 potest
1497 529 1615 582 quod
1643 542 1722 581 per

226 589 345 643 quod
371 589 597 642 “angelus
618 589 832 642 juraverit
865 604 943 642 per
969 590 1215 631 Viventem
1243 592 1286 631 in
1314 591 1493 632 saecula
1515 591 1721 632 saeculo-

226 652 362 700 rum,”
395 666 483 692 non
516 652 864 705 intelligendum
897 654 954 694 sit
986 654 1106 707 quod
1138 655 1202 695 ita
1228 654 1458 707 juraverit,
1492 655 1572 695 sed
1603 654 1723 708 quod

226 715 270 754 in
303 729 350 755 se
383 716 550 756 dixerit
582 716 702 769 quod
734 717 901 756 veritas
938 717 1010 764 sit,
1044 723 1090 757 et
1127 718 1248 770 quod
1285 718 1371 758 hoc
1409 719 1452 758 in
1485 719 1723 771 sphaeram

226 778 479 818 naturalem
498 778 733 831 delapsum
752 779 998 820 secundum
1012 781 1439 832 correspondentias
1455 794 1723 822 conversum

226 841 283 881 sit
308 842 351 881 in
372 841 533 894 jurare.
596 841 726 882 Nunc
751 843 854 895 quia
875 842 1021 895 jurare
1045 849 1115 884 est
1139 843 1285 883 solum
1309 851 1550 884 externum
1574 848 1723 885 corre—

226 905 457 956 spondens
490 904 836 954 confirmationi,
870 919 983 959 quae
1015 913 1085 947 est
1119 908 1284 947 mentis
1317 908 1482 947 interni
1513 908 1722 957 hominis,

226 975 272 1009 et
299 969 402 1009 inde
429 968 653 1021 significat
679 968 816 1017 illam,
844 969 946 1009 ideo
973 970 1017 1009 in
1046 969 1201 1010 Verbo
1229 970 1411 1011 Veteris
1436 970 1724 1012 Testamenti

226 1031 388 1072 dicitur
413 1032 532 1085 quod
561 1032 695 1072 liceat
713 1031 858 1084 jurare
882 1045 961 1084 per
984 1032 1144 1081 Deum,
1169 1033 1307 1073 immo
1330 1034 1450 1086 quod
1475 1033 1577 1086 Ipse
1595 1033 1724 1074 'Deus

220 1093 458 1147 juraverit:
498 1095 618 1148 quod
650 1095 694 1135 id
727 1094 951 1147 significet
984 1095 1389 1144 confirmationem,
1423 1097 1723 1137 asseveratio-

226 1170 344 1206 nem,
370 1164 415 1198 et
439 1158 702 1210 simpliciter
724 1158 980 1206 veritatem,
1000 1172 1078 1199 seu
1101 1159 1221 1212 quod
1245 1172 1399 1199 verum
1421 1160 1494 1209 sit,
1514 1166 1724 1200 constare

226 1227 380 1273 potest
408 1235 467 1261 ex
494 1221 786 1274 sequentibus
813 1220 924 1261 locis
942 1221 1151 1274 2—Apud
1177 1221 1382 1270 Esaiam,

322 1317 487 1359 “Juravit
500 1317 662 1360 Jehovah
680 1328 742 1359 per
759 1319 932 1358 dextram,
950 1325 986 1350 et
1003 1329 1066 1360 per
1082 1319 1265 1351 brachium
1284 1320 1421 1351 roboris
1434 1319 1451 1331 ’'
1469 1319 1554 1360 (lxii.
1573 1319 1627 1361 8);

226 1398 345 1452 apud
368 1398 631 1446 Jemmiam,

302 1475 469 1517 “Juravit
485 1475 648 1517 Jehovah
666 1473 826 1508 Zebaoth
844 1486 907 1517 per
923 1477 1081 1508 animam
1100 1476 1231 1508 suam''
1248 1476 1294 1516 (li.
1316 1485 1376 1516 14;
1399 1477 1506 1508 Amos
1524 1476 1569 1509 vi.
1588 1475 1641 1518 8);

226 1554 346 1607 apud
372 1553 413 1594 A
424 1567 531 1602 mos,

395 1627 563 1669 “Juravit
582 1627 759 1659 Dominus
775 1627 929 1669 Jehovih
947 1637 1010 1668 per
1027 1626 1255 1659 sanctitatem
1274 1626 1403 1659 suam''
1421 1627 1480 1667 (iv.
1499 1626 1553 1668 2);

227 1703 345 1757 apud
373 1703 581 1752 eundem,

460 1776 627 1819 “Juravit
643 1776 805 1819 Jehovah
824 1786 887 1817 per
904 1777 1149 1808 excellentiam
1167 1776 1290 1818 Jacobi
1302 1775 1320 1788 ’'
1337 1776 1421 1817 (viii.
1439 1776 1491 1817 7);

227 1853 345 1907 apud
373 1853 635 1903 Jeremz'am,

398 1930 416 1944 “
430 1929 521 1961 Ecce
539 1930 616 1970 Ego
632 1929 749 1970 juravi
770 1940 832 1970 per
851 1939 984 1961 nomen
1004 1939 1122 1960 meum
1142 1928 1341 1969 magnum’'
1359 1928 1454 1968 (xliv.
1473 1928 1553 1969 26):

226 2017 347 2070 quod
377 2016 582 2070 Jehovah
614 2017 790 2057 dicatur
816 2016 1032 2069 juravisse
1066 2029 1144 2068 per
1172 2016 1424 2056 “dextram
1457 2014 1623 2064 suam,”
1646 2028 1724 2068 per

229 2081 462 2121 “animam
486 2079 651 2129 suam,”
677 2092 756 2133 per
789 2078 1119 2120 “sanctitatem
1145 2079 1311 2128 suam,”
1336 2086 1382 2120 et
1415 2092 1494 2131 per
1517 2082 1723 2119 “nomen

228 2143 393 2192 suum,”
419 2142 643 2196 significat
671 2157 750 2196 per
777 2143 988 2183 Divinam
1011 2142 1299 2192 Veritatem;
1338 2155 1441 2183 nam
1468 2155 1547 2194 per
1569 2141 1723 2181 “dex-

227 2214 344 2248 tram
365 2206 605 2260 Jeho'vae,'’
623 2220 702 2259 per
725 2207 993 2247 “brachium
1017 2206 1189 2246 roboris
1209 2205 1392 2258 Ipsius,”
1415 2218 1492 2257 per
1517 2202 1722 2245 “sancti-

227 2269 412 2318 tatem‚'’
435 2283 514 2322 per
537 2269 781 2318 “nomen‚''
806 2275 852 2310 et
875 2283 954 2322 per
982 2270 1215 2309 “animam
1244 2268 1427 2320 IpsiuS,”
1450 2267 1723 2320 intelligitur

227 2334 448 2375 Dominus
471 2333 620 2387 quoad
648 2333 860 2373 Divinum
885 2332 1070 2381 Verum,
1096 2333 1160 2373 ita
1183 2332 1395 2372 Divinum
1423 2331 1594 2371 Verum
1618 2344 1722 2383 pro-

227 2397 394 2438 cedens
431 2410 457 2436 a
499 2397 723 2446 Domino;
770 2395 975 2436 similiter
1013 2409 1091 2448 per
1130 2394 1492 2435 “excellentiam
1528 2393 1723 2446 Jacobi‚”

227 2473 332 2501 nam
355 2474 432 2514 per
449 2464 473 2479 ‘⁴
490 2460 653 2500 fortem
674 2459 861 2512 Jacobi''
878 2459 1149 2511 intelligitur
1171 2459 1307 2499 etiam
1332 2458 1551 2498 Dominus
1574 2457 1722 2510 quoad

228 2524 439 2564 Divinum
466 2522 651 2563 Verum.
713 2521 847 2575 Quod
877 2521 1096 2575 “jurare‚'’
1123 2534 1223 2562 cum
1255 2535 1281 2561 a
1305 2521 1524 2573 Jehovah,
1553 2518 1720 2572 signifi-

227 2594 301 2628 cet
338 2585 727 2627 confirmationem
764 2599 790 2626 a
826 2584 883 2626 Se
915 2599 993 2626 seu
1025 2599 1084 2625 ex
1117 2598 1197 2625 suo
1230 2584 1409 2632 Divino,
1444 2589 1572 2636 patet
1603 2582 1722 2635 apud

227 2649 432 2698 Esaiam,

294 2747 312 2760 “
324 2745 392 2777 Per
411 2745 470 2776 Me
486 2745 612 2786 juravi,
630 2745 742 2777 exivit
758 2755 803 2776 ex
819 2754 880 2776 ore
896 2754 976 2776 meo
989 2744 1158 2782 Verbum,
1173 2742 1267 2784 quod
1285 2752 1357 2773 non
1376 2742 1598 2773 revocabitur
1609 2741 1627 2753 '¹
1638 2741 1722 2781 (xlv.

405 2789 481 2829 23);

228 2873 275 2908 et
301 2866 419 2919 apud
445 2865 708 2914 Jeremiam,

295 2943 314 2957 ⁴⁴
328 2942 395 2974 Per
414 2941 473 2974 Me
490 2942 605 2983 juravi
626 2942 719 2983 quod
738 2942 774 2973 in
791 2941 1014 2973 desolatione
1031 2939 1151 2972 futura
1167 2939 1212 2971 sit
1229 2939 1357 2970 domus
1375 2937 1491 2969 haec''
1509 2937 1604 2978 (xxii.
1624 2935 1666 2976 5).
