1962 3334
575 319 683 353 CAP.
705 319 768 360 x.‚
789 318 929 351 VERS.
951 317 1098 350 2.—N.
1119 306 1289 362 600[a].
1464 280 1471 285 ’
1571 315 1675 360 1505

187 435 273 477 hac
305 433 603 476 conversione
634 437 706 473 est
731 430 852 485 quod
881 430 1133 471 “dextrum
1144 428 1165 444 '⁹
1189 427 1416 482 significet
1446 440 1603 469 verum
1633 427 1677 468 in

187 499 290 540 luce
311 504 358 540 et
380 498 647 538 “sinistrum
659 496 680 512 ”
695 509 851 537 verum
874 496 918 536 in
941 495 1127 545 umbra;
1160 507 1239 534 seu
1256 493 1377 547 quod
1402 492 1538 541 idem,
1556 491 1678 546 quod

189 562 444 603 “dextrum
455 560 475 575 ''
500 559 728 613 significet
753 557 987 612 spirituale
1012 557 1183 598 bonum
1209 556 1330 610 quod
1355 562 1426 596 est
1451 567 1608 596 verum
1633 555 1678 595 in

187 625 302 674 luce,
316 630 367 666 et
382 627 408 644 “
421 623 652 664 sinistrum
664 622 684 637 ”
698 621 930 676 spirituale
948 633 1104 662 verum
1121 619 1243 673 quod
1260 625 1331 660 est
1346 631 1500 659 verum
1517 619 1562 658 in
1580 630 1678 658 um-

187 687 268 728 bra
283 701 294 738 ;
325 687 391 727 ita
402 699 579 740 quoque
595 689 623 705 “
635 685 851 726 dextrum
862 684 882 699 ”
897 682 1124 737 significat
1140 684 1308 723 bonum
1323 695 1382 722 ex
1394 695 1491 735 >quo
1507 693 1677 729 verum,

187 763 240 792 ac
273 750 545 791 “sinistrum
558 748 579 765 ’'
609 761 765 789 verum
798 762 858 789 ex
895 747 1031 788 bono.
1091 745 1223 786 Talia
1259 744 1571 798 significantur
1600 757 1680 798 per

187 826 348 854 omnes
374 819 526 866 partes
551 812 752 865 corporis
782 818 830 852 et
855 824 1034 864 quoque
1059 809 1221 862 capitis
1252 809 1444 849 dextras
1475 813 1523 848 et
1548 807 1679 847 sinis-

188 883 297 924 tras,
322 882 371 916 ut
397 889 476 929 per
497 875 713 915 dextrum
739 880 787 914 et
812 874 1043 914 sinistrum
1066 872 1262 920 oculum,
1285 885 1365 925 per
1390 870 1605 911 dextram
1631 876 1679 911 et

187 939 418 980 sinistram
442 950 639 986 manum,
664 950 744 990 per
768 937 983 977 dextrum
1009 941 1056 976 et
1082 935 1312 975 sinistrum
1338 933 1517 987 pedem,
1541 939 1589 974 et
1615 933 1678 974 sic

188 1015 340 1056 porro;
372 1007 556 1042 retenta
578 1014 719 1054 usque
741 1000 922 1053 propria
939 997 1272 1052 significatione
1295 997 1485 1038 membri
1506 1002 1555 1037 et
1577 1010 1679 1049 par-

187 1065 262 1105 tis.
321 1063 397 1104 Ex
428 1063 497 1104 his
529 1063 685 1117 paucis
716 1063 818 1103 sciri
849 1068 1003 1115 potest
1037 1061 1142 1115 quid
1168 1061 1213 1101 in
1244 1059 1401 1100 Verbo
1432 1066 1529 1100 tam
1561 1058 1681 1100 Novi

188 1139 323 1180 quam
341 1126 525 1167 Veteris
544 1123 832 1166 Testamenti
849 1126 894 1165 in
911 1137 1079 1178 genere
1101 1130 1148 1164 et
1170 1124 1214 1164 in
1232 1123 1384 1177 specie
1402 1121 1682 1176 significatur

188 1202 269 1242 per
295 1189 548 1230 “dextrum
561 1188 581 1204 ”
613 1194 660 1229 et
693 1187 1002 1236 “sinistrum,”
1028 1193 1078 1228 ut
1109 1187 1154 1227 in
1186 1186 1480 1240 sequentibus
1510 1185 1581 1226 his
1612 1184 1680 1226 lo-

188 1251 478 1305 cisz—Apud
508 1250 803 1300 Matthaeum,

254 1351 339 1383 “Tu
357 1361 438 1383 cum
458 1351 588 1383 feceris
607 1351 890 1391 eleemosynam,
911 1360 956 1381 ne
976 1355 1171 1390 cognoscat
1196 1349 1345 1381 sinistra
1368 1355 1430 1380 tua
1452 1348 1539 1390 quid
1558 1347 1682 1380 fecerit

361 1395 496 1433 dextra,
513 1401 552 1426 ut
567 1395 614 1426 sit
630 1401 692 1426 tua
708 1395 943 1435 eleemosyna
959 1394 995 1425 in
1013 1393 1152 1425 occulto
1162 1390 1181 1404 ”
1208 1393 1268 1433 (vi.
1287 1391 1352 1432 1¹13,
1369 1394 1424 1432 4):

188 1505 269 1546 per
298 1491 385 1533 hoc
417 1491 697 1545 significatur
726 1491 848 1545 quod
884 1492 1055 1532 bonum
1093 1491 1151 1532 sit
1183 1490 1437 1531 faciendum
1469 1504 1529 1531 ex
1560 1489 1682 1530 bono

189 1562 236 1596 et
250 1562 436 1610 propter
448 1555 631 1604 bonum,
648 1562 694 1596 et
714 1568 804 1595 non
819 1561 1006 1608 propter
1020 1560 1167 1608 semet
1182 1560 1228 1594 et
1244 1554 1462 1594 mundum
1478 1559 1526 1594 ut
1541 1566 1682 1606 appa-

188 1624 314 1669 reat;
346 1631 425 1672 per
449 1617 829 1671 “eleemosynam
844 1618 864 1632 ”
886 1617 1159 1670 intelligitur
1185 1630 1320 1657 omne
1346 1616 1515 1657 bonum
1541 1629 1681 1669 opus;

189 1687 236 1722 et
267 1695 347 1736 per
374 1685 469 1722 “ne
500 1687 752 1734 cognoscat
779 1682 962 1721 sinistra
994 1680 1100 1734 quid
1131 1680 1285 1721 fecerit
1319 1678 1516 1720 dextra'’
1542 1678 1683 1732 signi-

189 1743 350 1786 ficatur
379 1744 500 1798 quod
532 1744 701 1785 bonum
732 1743 988 1785 faciendum
1020 1744 1079 1784 sit
1117 1757 1178 1784 ex
1214 1743 1312 1796 ipso
1344 1742 1479 1790 bono,
1512 1748 1559 1782 et
1591 1754 1683 1782 non

188 1807 359 1861 absque
380 1808 516 1855 bono,
540 1808 753 1861 quoniam
778 1807 824 1847 id
851 1819 942 1847 non
968 1813 1039 1847 est
1066 1806 1260 1846 bonum:
1294 1819 1374 1859 per
1397 1806 1651 1846 “dextram
1662 1803 1683 1820 ”

189 1869 469 1924 significatur
500 1870 669 1911 bonum
701 1884 761 1911 ex
793 1884 896 1924 quo,
924 1876 971 1911 et
1003 1883 1082 1923 per
1110 1870 1378 1910 “sinistram
1392 1867 1411 1883 ’'
1436 1881 1591 1909 verum
1622 1882 1683 1919 ex

188 1933 325 1982 bono,
353 1939 401 1975 ut
428 1947 561 1987 supra
586 1932 756 1974 dictum
782 1939 879 1983 est;
920 1932 1006 1974 hoc
1039 1945 1176 1973 unum
1207 1933 1304 1985 agit
1336 1932 1455 1985 apud
1480 1931 1583 1972 illos
1608 1932 1683 1985 qui

188 1996 235 2037 in
259 1996 380 2037 bono
406 1998 571 2037 amoris
597 2003 644 2038 et
671 1996 910 2037 charitatis
933 2002 1054 2044 sunt,
1078 2002 1127 2036 at
1155 2008 1246 2036 non
1272 2008 1410 2035 unum
1435 1994 1554 2048 apud
1580 1994 1684 2035 illos

189 2059 264 2113 qui
303 2057 513 2113 spectant
553 2066 700 2100 semet
740 2066 787 2100 et
835 2059 1051 2099 mundum
1092 2059 1137 2099 in
1182 2058 1312 2099 bonis
1352 2071 1467 2111 quae
1506 2063 1682 2110 agunt;

189 2135 430 2176 quare-per
457 2122 757 2163 “sinistram'’
784 2121 856 2163 hic
883 2121 1158 2174 intelligitur
1183 2121 1298 2162 scire
1330 2128 1376 2162 et
1409 2134 1546 2174 agere
1577 2120 1682 2161 abs-

189 2199 276 2240 que
301 2186 448 2227 bono:
490 2190 577 2227 “ut
610 2187 669 2227 sit
700 2185 996 2238 eleemosyna
1028 2191 1107 2226 tua
1138 2185 1183 2225 in
1215 2183 1429 2225 occulto”
1456 2183 1682 2237 significat

190 2262 247 2291 ne
272 2250 331 2290 sit
362 2256 548 2303 propter
573 2250 907 2303 apparentiam.
968 2248 1108 2301 Apud
1134 2248 1343 2296 eundern,

256 2349 276 2362 “
286 2347 332 2380 Et
342 2347 361 2360 ''
379 2347 457 2379 Rex
474 2348 492 2362 '⁴
506 2353 641 2379 statuet
655 2357 744 2379 oves
762 2357 783 2378 a
799 2346 934 2378 dextris
952 2346 1038 2382 suis,
1052 2345 1172 2377 hircos
1189 2355 1276 2377 vero
1293 2355 1315 2376 a
1333 2345 1493 2376 sinistris
1509 2354 1517 2381 ;
1537 2350 1573 2376 et
1589 2344 1684 2377 dicet

364 2391 409 2422 iis
427 2390 488 2432 qui
509 2401 531 2423 a
549 2391 695 2429 dextris,
713 2390 852 2428 Venite,
871 2388 1052 2421 benedieti
1074 2389 1192 2420 Patris
1212 2389 1294 2427 mei,
1312 2395 1484 2430 tanquam
1505 2388 1685 2420 heredita-

352 2441 436 2466 .tem
454 2435 637 2475 possidete
655 2440 820 2474 paratum
838 2434 944 2464 vobis
962 2442 1114 2473 regnum
1135 2442 1157 2463 a
1175 2433 1390 2464 fundatione
1411 2433 1537 2464 mundi
1550 2443 1574 2464 ε.
1589 2457 1597 2464 .
1610 2457 1618 2464 .
1633 2438 1685 2464 .et

365 2478 462 2510 dicet
478 2478 521 2509 iis
538 2488 560 2509 a
576 2478 745 2514 sinistris,
766 2477 949 2509 Discedite
966 2486 988 2507 a
1007 2475 1078 2514 Me,
1092 2474 1284 2514 maledicti,
1303 2476 1339 2507 in
1357 2476 1478 2516 ignem
1495 2481 1683 2507 aeternum

364 2528 528 2562 paratum
546 2521 694 2553 diabolo
710 2527 747 2553 et
763 2521 905 2561 angelis
924 2520 1004 2560 ejus
1017 2519 1034 2531 ’'
1051 2520 1145 2559 (μιν.
1163 2527 1215 2558 33,
1233 2527 1285 2558 34,
1302 2519 1377 2560 41):

191 2620 265 2675 qui
291 2634 380 2662 non
407 2621 493 2662 scit
519 2620 625 2674 quid
657 2621 701 2661 in
729 2619 911 2673 proprio
938 2632 1071 2660 sensu
1094 2633 1173 2673 per
1200 2622 1347 2660 “oves
1361 2618 1380 2634 '⁸
1406 2625 1453 2660 et
1475 2619 1580 2673 quid
1604 2633 1684 2673 per

194 2683 414 2725 “hircos'‘
440 2682 733 2740 significatur,
762 2683 935 2736 opinari
962 2688 1117 2736 potest
1149 2682 1269 2736 quod
1302 2696 1381 2736 per
1408 2686 1556 2723 “oves
1569 2682 1588 2697 ’⁹
1614 2683 1682 2723 in-

191 2745 459 2800 telligantur
484 2759 642 2787 omnes
667 2747 788 2794 boni,
817 2753 863 2787 et
892 2759 971 2799 per
998 2744 1220 2786 “hircos''
1246 2758 1404 2786 omnes
1429 2745 1562 2796 mali;
1601 2745 1682 2786 sed

191 2810 238 2851 in
262 2811 442 2864 proprio
473 2823 606 2850 sensu
631 2823 710 2863 per
734 2813 881 2850 “oves
896 2809 915 2823 ”
939 2808 1257 2862 intelliguntur
1282 2809 1346 2850 illi
1378 2810 1451 2863 qui
1482 2809 1527 2849 in
1559 2809 1681 2850 bono

193 2872 430 2914 charitatis
451 2886 560 2926 erga
581 2873 838 2925 proximum
861 2878 965 2913 sunt
988 2878 1035 2913 et
1058 2872 1162 2913 inde
1184 2872 1228 2912 in
1251 2871 1353 2921 fide,
1377 2879 1423 2913 et
1447 2886 1526 2926 per
1550 2871 1681 2912 “hir-

193 2936 303 2978 cos'’
323 2935 641 2989 intelliguntur
662 2936 725 2977 illi
746 2936 820 2990 qui
846 2936 890 2976 in
916 2934 1004 2977 fide
1026 2941 1237 2990 separata
1262 2949 1288 2977 a
1309 2935 1534 2977 charitate
1557 2941 1678 2986 sunt,
