1962 3334
278 272 382 315 1572
687 272 1021 306 APOCALYPSIS
1052 274 1351 307 EXPLICATA.

272 384 459 438 implere
486 385 659 426 viscera
685 385 946 427 volumine''
969 386 1250 439 significatur
1271 387 1511 440 explorare
1535 388 1764 441 quomodo

272 447 474 489 Verbum
502 447 772 501 intelligitur
797 449 841 489 in
868 449 1076 498 ecclesia,
1105 450 1225 503 quod
1258 449 1306 491 fit
1339 464 1418 503 per
1449 449 1690 491 lectionem
1717 456 1764 492 et

272 513 613 565 perceptionem
641 511 747 564 ejus.
810 511 949 566 Apud
974 513 1208 559 Davidem.

337 608 554 639 “Thesauro
572 614 632 639 tuo
651 608 759 648 imple
778 615 941 641 ventrem
962 619 1098 648 eorum,
1116 608 1324 641 saturantur
1342 610 1413 648 filii,
1431 617 1466 642 et
1486 610 1693 652 relinquunt
1710 621 1765 643 re-

445 652 586 683 siduum
605 662 708 683 suum
727 652 926 684 infantibus
944 654 1020 685 suis
1032 653 1049 665 '¹
1066 654 1138 693 (Ps.
1156 654 1242 686 xvii.
1265 656 1336 693 14):

270 758 349 798 per
373 744 704 785 “thesaurum”
727 745 1004 799 significatur
1026 760 1180 787 verum
1204 746 1359 795 Verbi,
1385 761 1462 800 per
1487 747 1764 789 “ventrem''

273 808 458 848 interior
489 807 774 859 intellectum
813 809 916 850 inde
949 823 1027 862 per
1056 809 1310 850 “thesauro
1337 810 1523 863 implere
1555 817 1763 852 ventrem

270 870 454 910 eorum”
480 870 759 924 significatur
785 873 901 912 veris
928 872 1067 913 Verbi
1094 873 1314 913 instruere
1337 873 1597 914 interiorem
1624 873 1761 914 intel-

271 931 436 974 lectum
464 934 583 987 apud
615 934 743 974 illos:
784 935 904 988 quod
937 935 1041 976 inde
1072 936 1145 988 qui
1177 936 1294 976 veris
1326 935 1594 984 afficiuntur,
1629 936 1762 989 plene

274 997 568 1045 instruantur,
598 997 878 1050 significatur
909 1012 987 1051 per
1016 1002 1315 1039 “saturantur
1346 997 1420 1038 filii
1439 998 1472 1049 ;'’
1500 998 1612 1052 “filii
1625 998 1643 1014 ’'
1670 999 1762 1052 sig-

271 1059 457 1101 nificant
494 1060 596 1100 illos
634 1061 707 1114 qui
745 1061 787 1100 in
827 1062 919 1101 veri
956 1059 1194 1102 affe&ione
1232 1067 1362 1110 sunt;
1406 1068 1452 1102 et
1495 1061 1763 1102 “infantes‘'

270 1121 460 1163 filiorum
493 1122 751 1176 significant
789 1137 896 1164 vera
928 1124 1191 1174 nascentia3
1235 1124 1290 1164 de
1328 1124 1415 1164 illis
1447 1124 1610 1165 dicitur
1641 1125 1762 1178 quod

273 1185 568 1238 “relinquant
610 1187 837 1227 residuum
879 1186 1123 1227 infantibus
1170 1186 1298 1226 suis.”
1359 1187 1535 1228 Dicitur
1576 1188 1762 1228 interior

270 1247 543 1295 intellectus,
580 1262 685 1289 nam
726 1250 845 1302 apud
887 1249 1119 1290 hominem
1160 1256 1230 1290 est
1269 1248 1529 1290 intellectus
1564 1250 1764 1290 exterior

270 1317 316 1351 et
343 1310 602 1352 intellectus
628 1313 841 1362 interior;
875 1310 1134 1353 intellectus
1162 1313 1364 1353 exterior
1390 1319 1460 1353 est
1489 1312 1655 1353 mentis
1681 1326 1761 1352 na-

270 1374 439 1422 turalis,
465 1381 510 1415 et
534 1373 792 1415 intellectus
818 1376 1004 1416 interior
1030 1382 1100 1416 est
1127 1376 1293 1416 mentis
1321 1375 1592 1428 spiritualis;
1626 1375 1762 1416 intel·

271 1436 412 1478 lectus
440 1439 625 1479 interior
656 1438 934 1491 significatur
966 1452 1044 1492 per
1072 1439 1354 1479 “ventrem.’'
1414 1438 1552 1492 Apud
1584 1437 1762 1486 Johan-

271 1514 380 1549 nem,

335 1595 441 1638 Jesus
466 1597 563 1634 dixit,
585 1597 648 1628 “Si
670 1597 748 1637 quis
769 1597 929 1635 sitiverit,
950 1597 1072 1628 venito
1096 1597 1140 1628 ad
1167 1597 1237 1635 Me,
1258 1604 1292 1628 et
1317 1597 1448 1634 bibito:
1481 1597 1628 1638 quisque
1653 1597 1763 1629 credit

445 1640 480 1670 in
508 1640 577 1678 Me,
599 1641 690 1671 sicut
714 1641 798 1671 dicit
823 1641 1012 1680 Scriptura,
1031 1641 1179 1672 flumina
1198 1651 1216 1672 e
1237 1647 1361 1672 ventre
1383 1641 1500 1681 Ipsius
1520 1641 1630 1672 fluent
1649 1651 1762 1681 aquae

444 1684 598 1714 viventis
613 1695 619 1715 z
645 1685 711 1715 hoc
725 1684 813 1715 dixit
829 1685 872 1715 de
890 1684 1024 1725 spiritu,
1040 1694 1144 1725 quem
1159 1685 1334 1725 accepturi
1349 1685 1533 1716 credentes
1551 1685 1587 1716 in
1608 1685 1728 1725 Ipsum
1743 1683 1761 1697 ''

445 1727 516 1767 (vii-
530 1727 650 1767 37-39)
665 1739 670 1759 τ

270 1813 334 1854 ita
360 1813 574 1853 describit
603 1813 826 1853 Dominus
854 1813 1068 1853 Divinum
1092 1813 1263 1854 Verum
1287 1814 1473 1854 interius
1497 1819 1760 1867 perceptum

270 1877 328 1917 ab
365 1876 451 1917 illis
489 1877 563 1930 qui
600 1877 642 1916 in
672 1875 910 1918 affectione
948 1878 1040 1918 veri
1078 1877 1297 1930 spirituali
1335 1884 1465 1927 sunt3
1510 1878 1554 1918 hi
1592 1877 1760 1918 intelli-

270 1946 439 1993 guntur
470 1954 548 1993 per
579 1954 657 1980 eos
693 1941 804 1994 “qui
841 1941 1000 1981 sitiunt
1033 1954 1084 1981 ac
1117 1941 1304 1981 veniunt
1342 1941 1399 1981 ad
1438 1941 1682 1982 Dominum
1714 1948 1760 1983 et

270 2003 429 2043 bibunt
448 2003 481 2053 ;”
513 2003 633 2056 quod
667 2001 926 2044 intellectus
953 2003 1102 2043 Divini
1129 2002 1238 2043 Veri
1265 2003 1351 2043 illis
1379 2004 1451 2053 sit,
1480 2003 1759 2056 significatur

270 2080 349 2120 per
374 2066 494 2120 quod
524 2066 742 2106 “flumina
769 2080 793 2106 e
819 2072 980 2106 ventre
1008 2066 1154 2118 Ipsius
1180 2066 1319 2107 fluent
1347 2080 1489 2119 aquae
1515 2067 1709 2106 viventis
1727 2065 1762 2117 ;’'

273 2130 493 2170 “flumina
519 2143 542 2170 e
569 2129 758 2170 ventre”
786 2135 890 2169 sunt
917 2127 1176 2170 intellectus
1204 2143 1281 2170 seu
1309 2129 1613 2181 intelligentia
1641 2130 1760 2170 inte-

269 2194 371 2241 rior,
407 2198 453 2233 et
488 2196 642 2245 “aqua
678 2191 871 2232 vivens'’
902 2198 972 2232 est
1012 2191 1224 2232 Divinum
1256 2191 1427 2232 Verum
1469 2206 1495 2231 a
1535 2192 1758 2233 Domino:

251 2262 317 2296 *et
349 2256 451 2308 quia
483 2269 561 2308 per
590 2256 832 2308 “spiritum
866 2253 1103 2295 san&um’‘
1129 2254 1398 2307 intelligitur
1425 2254 1637 2294 Divinum
1665 2255 1759 2295 Ve-

270 2331 367 2359 rum
400 2318 651 2371 procedens
684 2332 710 2358 a
743 2318 956 2366 Domino,
991 2318 1154 2358 dicitur
1185 2317 1305 2370 quod
1339 2317 1424 2357 hoc
1459 2318 1625 2358 dixerit
1661 2318 1756 2359 “de

270 2381 442 2434 spiritu,
467 2395 599 2435 quern
623 2382 852 2434 accepturi
879 2380 1118 2422 credentes
1145 2381 1188 2420 in
1217 2379 1407 2434 Ipsum.”
1467 2379 1605 2434 Apud
1627 2380 1758 2421 Mar-

269 2458 377 2493 cum,

337 2538 482 2570 “Omne
495 2538 715 2569 extrinsecus
729 2538 934 2578 ingrediens
951 2537 987 2568 in
1001 2537 1185 2568 hominem
1200 2547 1271 2568 non
1287 2543 1405 2577 potest
1423 2537 1521 2568 illum
1536 2537 1758 2569 immundum

447 2582 594 2613 reddere
611 2591 618 2618 ;
644 2582 812 2622 quoniam
831 2591 903 2612 non
924 2581 1123 2621 ingreditur
1142 2581 1235 2612 illius
1256 2581 1290 2611 in
1311 2590 1381 2618 cor,
1400 2581 1462 2612 sed
1482 2581 1517 2611 in
1535 2588 1707 2619 ventrem,
1724 2588 1761 2613 et

445 2625 480 2656 in
506 2626 670 2656 latrinam
696 2625 844 2665 ejicitur,
869 2630 1127 2664 expurgantem
1157 2633 1282 2655 omnes
1312 2624 1447 2655 cibos:.
1463 2649 1491 2656 ..
1507 2625 1615 2665 .quod
1639 2631 1759 2656 autem

443 2679 488 2700 ex
500 2669 646 2700 homine
660 2669 847 2708 egreditur,
861 2669 929 2699 hoc
948 2668 1171 2699 immundum
1186 2667 1299 2698 reddit
1315 2668 1519 2705 hominem;
1544 2668 1758 2700 intrinsecus

444 2712 539 2743 enim
553 2722 609 2795 >ex
633 2712 738 2743 corde
762 2711 918 2743 hominis
930 2710 950 2724 ”
974 2711 1153 2751 egreditur
1176 2710 1246 2750 (vii.
1275 2709 1408 2752 18-20[‚
1435 2709 1514 2753 21];
1546 2711 1675 2743 Matth.
1700 2722 1758 2745 xv.

447 2763 553 2794 17-20
577 2766 583 2787 :

269 2849 382 2890 haec
416 2848 480 2889 ita
511 2847 811 2900 intelligenda
843 2852 974 2897 sunt;
1017 2845 1137 2900 quod
1170 2846 1322 2886 omnia
1352 2852 1449 2886 tam
1480 2845 1592 2887 falsa
1622 2859 1757 2900 quam

270 2912 405 2962 mala,
433 2925 547 2965 quae
573 2910 644 2951 vel
672 2924 730 2952 ex
756 2910 861 2950 visis
893 2908 964 2951 vel
997 2922 1056 2950 ex
1088 2908 1252 2950 auditis
1283 2909 1471 2950 influunt
1503 2910 1546 2949 in
1579 2910 1756 2962 cogita-
