1962 3334
310 275 324 304 1
333 263 417 304 666
724 272 1055 305 APOCALYPSIS
1086 273 1383 305 EXPLICATA.

305 386 348 425 in
377 384 532 426 Verbo
560 400 583 426 e
611 385 751 426 caelo.
814 385 953 439 Apud
980 385 1157 434 Lucam,

371 474 554 515 “Quando
571 475 733 506 videritis
753 475 884 506 nubem
903 475 1079 506 orientem
1102 475 1137 506 in
1159 475 1359 512 occasibus,
1378 475 1499 506 statim
1520 475 1657 512 dicitur,
1677 473 1798 507 Imber

477 518 586 555 venit,
601 524 636 549 et
653 518 691 549 fit
709 518 779 556 ita;
805 524 840 550 et
858 519 1001 559 quando
1019 526 1179 550 austrum
1195 519 1402 559 spirantem,
1417 518 1546 549 dicitur
1562 519 1658 559 quod
1675 525 1797 550 aestus

479 562 554 599 erit,
573 568 609 593 et
629 562 685 593 fit:
711 562 931 602 hypocritae,
950 562 1077 594 faciem
1095 569 1211 594 terrae
1229 568 1264 593 et
1281 562 1370 593 caeli
1391 562 1490 593 scitis
1511 563 1684 602 probare;
1709 568 1798 593 tem·

477 615 544 645 pus
560 606 628 637 hoc
646 606 828 646 quomodo
846 616 920 637 non
938 607 1097 647 probatis
1107 606 1140 639 ?”
1159 606 1231 646 (xii.
1252 605 1390 645 54-56z)

303 715 382 754 per
421 700 538 742 hanc
577 702 966 754 comparationem
1005 701 1140 742 docet
1186 701 1407 741 Dominus
1450 700 1569 754 quod
1612 700 1797 741 videant

303 771 498 813 terrena,
533 777 623 804 non
664 770 816 805 autern
849 764 1093 814 caelestia;
1136 770 1182 805 et
1219 765 1316 817 ipsa
1352 764 1648 816 comparatio,
1682 764 1797 805 sicut

304 840 462 867 omnes
495 828 862 880 comparationes
899 828 943 867 in
976 826 1146 875 Verbo,
1180 841 1240 867 ex
1273 826 1687 880 correspondentiis
1718 826 1798 867 de-

303 896 486 942 sumpta
526 896 623 940 est;
672 903 776 930 nam
818 903 896 943 per
937 890 1141 930 “nubem
1183 890 1406 930 orientem
1448 889 1492 929 in
1532 888 1799 929 occasibus”

304 952 584 1005 significatur
615 953 840 994 adventus
874 953 1056 993 Domini
1093 953 1136 992 in
1175 952 1262 993 fine
1294 951 1512 992 ecclesiae
1544 949 1799 1005 praedictus

303 1016 347 1055 in
372 1015 554 1066 Verbo;
591 1015 802 1056 “nubes”
826 1014 1051 1068 significat
1075 1015 1279 1055 Verbum
1306 1015 1350 1055 in
1383 1014 1551 1062 littera,
1580 1017 1605 1055 ‘,‘
1619 1014 1766 1054 oriens
1779 1014 1799 1029 '’

304 1078 529 1132 significat
563 1079 813 1119 adventum
847 1078 1006 1131 Ipsius,
1040 1084 1087 1118 et
1123 1082 1348 1118 “occasus
1362 1076 1381 1092 '’
1407 1076 1632 1130 significat
1664 1076 1799 1118 finem

303 1141 541 1182 ecclesiae:
573 1142 769 1182 “statim
789 1142 952 1182 dicitur
970 1141 1090 1194 quod
1109 1141 1251 1181 imber
1265 1141 1389 1180 venit
1403 1139 1423 1155 ”
1437 1139 1661 1192 significat
1679 1139 1799 1192 quod

305 1211 412 1245 tunc
446 1205 641 1245 influxus
675 1204 826 1244 Divini
853 1204 988 1244 Veri:
1031 1207 1115 1244 “et
1148 1203 1330 1256 quando
1362 1202 1564 1243 videritis
1596 1209 1799 1243 austrum

304 1269 552 1321 spirantem
569 1268 588 1283 '²
620 1267 844 1321 significat
884 1267 1271 1320 praedicationem
1305 1267 1360 1307 de
1391 1266 1591 1306 adventu
1626 1266 1798 1318 Ipsius;

307 1331 509 1372 “dicitur
547 1331 667 1384 quod
706 1337 859 1370 aestus
892 1329 1007 1370 erit''
1040 1329 1266 1382 significat
1305 1329 1424 1382 quod
1463 1335 1570 1369 tunc
1603 1327 1799 1368 influxus

306 1394 458 1434 Divini
492 1394 619 1434 Boni.
682 1394 859 1434 Eadem
900 1393 977 1433 illa
1014 1394 1153 1433 etiam
1187 1392 1444 1445 significant
1477 1391 1798 1432 contentiones

305 1463 352 1498 et
380 1470 555 1510 pugnas
582 1457 675 1497 veri
702 1471 760 1497 ex
788 1456 910 1497 bono
937 1469 1037 1496 cum
1064 1456 1186 1496 salsis
1214 1470 1272 1496 ex
1300 1455 1434 1503 malo,
1460 1467 1564 1495 nam
1590 1453 1799 1494 “imber”

304 1528 351 1562 et
378 1520 603 1561 “aestus”
622 1521 760 1561 etiam
785 1518 1041 1572 significant
1061 1519 1384 1559 contentiones
1407 1524 1452 1558 et
1477 1531 1652 1571 pugnas
1670 1516 1798 1567 illas;

304 1585 508 1638 sequitur
534 1584 653 1624 enim
681 1583 793 1624 haec
821 1583 1105 1636 comparatio
1131 1588 1235 1635 post
1261 1581 1399 1622 verba
1426 1581 1623 1629 Domini,

378 1680 483 1721 Quod
505 1689 579 1710 non
597 1678 738 1710 venerit
758 1678 803 1710 ad
824 1688 948 1718 pacem
970 1678 1126 1709 dandam
1148 1678 1184 1708 in
1205 1683 1310 1715 terra,
1330 1677 1393 1708 sed
1413 1677 1623 1714 discidium;
1648 1681 1683 1707 et
1704 1675 1799 1716 quod

479 1723 660 1761 dividetur
677 1729 778 1762 pater
795 1728 922 1753 contra
939 1722 1059 1759 filiurn,
1075 1727 1110 1752 et
1128 1721 1219 1752 filius
1237 1727 1362 1752 contra
1378 1727 1528 1761 patrem,
1542 1726 1657 1751 mater
1673 1725 1801 1751 contra

479 1767 588 1798 filiam
610 1772 645 1798 et
662 1766 734 1797 filia
751 1772 878 1797 contra
894 1772 1045 1797 matrem
1065 1765 1170 1805 (vers.
1190 1765 1309 1804 51—53)

305 1870 383 1910 per
410 1870 524 1910 quae
550 1856 689 1896 verba
716 1853 996 1907 significatur
1018 1854 1258 1894 contentio
1284 1859 1331 1894 et
1359 1866 1511 1906 pugna
1536 1852 1640 1902 illa;
1678 1851 1799 1906 quod

307 1918 519 1960 “imber''
537 1919 676 1959 etiam
699 1917 823 1958 illam
847 1916 1085 1970 significet,
1106 1917 1331 1957 videbitur
1352 1916 1476 1956 infra.
1539 1914 1656 1968 Quia
1674 1927 1799 1955 corn-

304 1983 481 2036 paratio
508 1981 586 2022 illa
617 1982 661 2021 in
689 1994 823 2021 sensu
850 1979 1070 2033 spirituali
1098 1978 1307 2032 spectata
1333 1978 1523 2019 involvit
1550 1978 1798 2018 adventum

306 2046 465 2099 Ipsius,
494 2051 540 2085 et
573 2044 694 2098 quod
727 2057 786 2084 ex
814 2043 1039 2083 caecitate
1072 2056 1098 2083 a
1123 2042 1245 2082 falsis
1272 2040 1454 2098 inducta
1481 2054 1571 2082 non
1597 2053 1797 2093 agnove-

305 2109 395 2149 rint
430 2108 597 2162 Ipsum‚
626 2107 812 2148 tametsi
845 2112 1004 2146 notum
1036 2105 1124 2146 illis
1157 2119 1215 2146 ex
1244 2105 1400 2146 Verbo
1431 2105 1656 2158 potuisset
1682 2117 1797 2152 esse,

307 2172 410 2212 ideo
443 2172 657 2224 sequitur,

371 2262 389 2275 ‘⁴
403 2260 636 2302 Hypocritae,
658 2259 787 2290 faciem
808 2265 924 2290 terrae
949 2264 983 2289 et
1008 2258 1097 2289 caeli
1117 2258 1216 2289 scitis
1238 2258 1400 2298 probare,
1422 2262 1564 2296 tempus
1584 2261 1704 2287 autem
1728 2255 1798 2287 hoc

481 2314 554 2335 non
574 2302 764 2344 probatis'’
785 2301 906 2344 [(vers.
927 2300 1018 2343 56)];

305 2407 468 2448 nempe
510 2401 690 2448 tempus
725 2394 950 2434 adventus
988 2393 1148 2446 Ipsius,
1188 2398 1233 2432 et
1277 2398 1383 2432 tunc
1422 2389 1656 2432 conflictus
1698 2389 1797 2430 falsi

305 2457 411 2499 mali
437 2471 538 2498 cum
565 2471 673 2498 vero
700 2457 819 2497 boni.
882 2455 1021 2509 Apud
1047 2454 1309 2503 Hosclzeam,

372 2548 390 2561 “
401 2547 676 2587 Cognoscamus
691 2552 726 2578 et
740 2555 997 2586 persequamur
1010 2545 1056 2576 ad
1070 2544 1362 2585 cognoscendum
1374 2543 1549 2585 Jehovam
1565 2553 1572 2581 ;
1593 2543 1682 2575 sicut
1696 2541 1797 2575 [¹]nu-

479 2592 542 2622 bes
561 2596 708 2630 paratus
725 2590 842 2620 exitus
858 2589 987 2629 Ipsius.
1002 2595 1038 2620 et
1055 2589 1175 2619 veniet
1191 2588 1282 2619 sicut
1299 2588 1420 2627 pluvia
1438 2588 1552 2626 nobis,
1567 2587 1658 2619 sicut
1675 2587 1798 2628 pluvia

479 2634 640 2665 serotina
656 2634 779 2673 irrigat
796 2639 928 2664 terram
941 2632 958 2644 '¹
976 2632 1034 2672 (vi.
1054 2632 1104 2671 3):

305 2725 417 2765 haec
450 2723 506 2764 de
539 2723 737 2763 Domino
769 2728 815 2763 et
848 2722 904 2762 de
937 2721 1082 2774 Ipsius
1114 2720 1340 2770 adventu;
1385 2726 1431 2760 et
1463 2720 1566 2773 quia
1597 2719 1654 2760 ab
1687 2719 1793 2773 Ipso

305 2786 509 2841 procedit
537 2799 670 2826 omne
698 2785 910 2825 Divinum
938 2783 1124 2832 Verum,
1153 2797 1212 2824 ex
1244 2797 1332 2836 quo
1358 2783 1453 2823 vita
1485 2788 1531 2823 et
1564 2782 1684 2822 salus
1710 2795 1792 2822 an-

305 2850 418 2904 gelis
445 2856 491 2890 et
517 2848 787 2896 hominibus,
815 2848 917 2888 ideo
943 2847 1106 2887 dicitur
1132 2847 1251 2900 quod
1281 2847 1472 2887 “veniet
1500 2846 1615 2886 sicut
1642 2845 1793 2898 pluvia

306 2913 448 2964 nobis,
473 2913 587 2953 sicut
615 2911 765 2965 pluvia
789 2910 988 2952 serotina
1014 2910 1169 2963 irrigat
1198 2916 1364 2950 terram
1381 2909 1416 2961 ;'‘
1452 2909 1672 2961 “irrigare
1699 2914 1791 2949 ter-
