1962 3334
282 287 391 340 1464
693 298 1026 331 APOCALYPSIS
1057 299 1356 333 EXPLICATA.

344 410 475 442 “Haec
496 411 563 442 erit
582 411 689 451 plaga
706 422 776 452 qua
793 412 968 452 percutiet
985 411 1148 453 Jehovah
1166 423 1294 445 omnes
1312 414 1465 454 populos
1482 414 1540 455 qui
1558 415 1771 455 pugnabunt

455 460 582 486 contra
598 454 905 505 Hierosolymam,
919 457 1147 488 contabescet
1159 466 1242 488 caro
1254 457 1428 498 cujusque
1438 463 1478 489 ut
1490 458 1566 508 ipse
1579 464 1650 490 stet
1662 468 1772 499 super

456 498 607 538 pedibus
617 499 702 536 suis,
713 505 747 530 et
759 499 852 530 oculi
862 509 941 539 eJus
951 501 1252 531 contabescentin
1262 500 1499 532 foraminibus
1509 502 1593 540 suis,
1603 502 1770 542 etlingua

456 541 534 581 ejus
552 543 784 573 contabescet
804 543 840 573 in
861 552 922 574 ore
942 542 1069 582 ejus..
1083 568 1091 575 .
1105 568 1112 575 .
1127 543 1200 575 .Ita
1216 544 1362 575 habebit
1381 554 1420 575 se
1440 544 1547 584 plaga
1563 545 1653 585 equi,
1672 545 1769 583 muli,

456 585 594 623 cameli,
613 586 704 616 asini
725 591 760 617 et
780 586 898 617 omnis
916 587 1062 625 bestiae,
1080 597 1170 628 quae
1191 587 1257 619 erit
1277 587 1312 618 in
1334 588 1460 619 castris
1482 588 1562 626 illis,
1580 588 1680 629 juxta
1697 589 1771 629 pla·

454 638 537 668 gam
556 628 677 660 hanc’'
694 629 777 668 (xiv.
799 637 848 667 12,
869 629 942 669 15);

276 724 391 766 haec
424 723 545 766 dicta
576 731 681 766 sunt
714 725 770 766 de
801 724 890 766 illis
921 726 996 779 qui
1028 740 1107 779 per
1136 726 1249 767 falsa
1280 733 1505 768 conantur
1535 727 1768 769 destruere

273 801 380 828 vera
402 787 648 839 ecelesiae;
685 788 1078 841 “Hierosolyma'’
1100 788 1329 842 significat
1353 789 1594 831 ecclesiam
1620 791 1769 843 quoad

274 864 382 891 vera
422 849 679 892 doctrinae:
726 858 772 892 et
817 855 1059 904 “pugnare
1097 858 1261 893 contra
1305 851 1461 892 illam’'
1501 858 1571 893 est
1616 853 1769 894 conari

275 913 507 955 destruere
539 913 616 954 illa
648 928 727 968 per
752 914 888 955 falsa:
928 914 1048 968 quod
1077 915 1418 956 “contabescet
1445 928 1551 956 caro
1577 915 1768 968 cujusvis

275 982 324 1017 ut
355 977 451 1030 ipse
480 983 572 1018 stet
599 991 732 1030 super
759 977 979 1030 pedibus'’
1005 977 1231 1030 significat
1259 977 1379 1031 quod
1411 977 1531 1031 apud
1562 977 1664 1018 illos
1695 979 1768 1031 qui

273 1039 318 1079 id
355 1043 593 1089 conantur,
633 1041 830 1093 peritura
866 1041 924 1080 sit
964 1041 1110 1081 omnis
1147 1039 1360 1081 voluntas
1396 1041 1517 1090 boni,
1556 1047 1602 1081 et
1644 1040 1765 1094 quod

273 1103 336 1144 illi
368 1104 430 1144 sic
460 1103 592 1144 futuri
619 1117 740 1144 mere
768 1103 998 1149 naturales
1025 1104 1243 1157 corporei,
1274 1103 1450 1144 “caro'’
1481 1103 1611 1144 enim·
1626 1103 1766 1157 signi-

274 1166 380 1207 ficat
407 1167 694 1207 voluntatem
717 1179 768 1207 ac
802 1166 895 1219 ejus
922 1167 1090 1207 bonum
1118 1173 1195 1207 aut
1223 1166 1409 1216 malum,
1440 1166 1648 1219 “pedes”
1674 1167 1766 1219 sig-

275 1229 461 1271 nificant
483 1229 560 1270 illa
583 1243 696 1283 quae
719 1236 825 1270 sunt
849 1229 1068 1270 naturalis
1091 1230 1301 1278 hominis,
1327 1230 1431 1270 inde
1456 1234 1614 1270 “stare
1637 1243 1768 1283 super

273 1292 391 1333 illis”
408 1292 635 1346 significat
658 1306 716 1333 ex
739 1292 825 1333 illis
848 1292 955 1333 solis
973 1293 1124 1333 vivere
1145 1305 1153 1332 :
1187 1292 1308 1345 quod
1334 1291 1494 1332 “oculi
1520 1292 1764 1333 contabes-

271 1360 378 1395 cent
402 1354 445 1394 in
468 1354 758 1395 foraminibus
777 1354 897 1395 suis‘’
916 1354 1141 1408 significat
1161 1355 1281 1409 quod
1303 1356 1526 1409 periturus
1544 1356 1601 1396 sit
1620 1355 1765 1396 omnis

271 1414 532 1458 intellectus
547 1417 639 1457 veri
657 1416 704 1470 (“
718 1417 835 1458 oculi
848 1417 867 1432 ”
882 1417 1006 1458 illum
1022 1417 1300 1471 significant)
1319 1431 1328 1469 ;
1352 1418 1471 1472 quod
1487 1421 1512 1438 “
1525 1417 1766 1458 contabes-

273 1486 347 1521 cet
366 1479 520 1533 lingua
539 1480 582 1519 in
602 1494 679 1521 ore
697 1479 790 1532 ejus
802 1480 821 1495 ”
835 1477 1061 1533 significat
1077 1481 1197 1534 quod
1215 1481 1412 1534 peritura
1427 1481 1484 1522 sit
1500 1482 1646 1521 omnis
1664 1494 1765 1534 per-

272 1541 426 1594 ceptio
443 1541 537 1581 veri
559 1547 606 1581 et
627 1539 806 1581 effeffilo
824 1541 945 1581 boni.
1003 1551 1070 1589 (De
1085 1552 1133 1581 his
1148 1552 1294 1581 videatur
1308 1561 1413 1590 supra,
1427 1562 1458 1582 n.
1473 1551 1620 1594 455[b]‚
1634 1551 1689 1581 ubi
1703 1552 1764 1581 hoe

272 1610 602 1649 propheticumetiam
618 1611 812 1648 explicatum
829 1611 900 1649 est.)
958 1600 1133 1641 Slmllla
1164 1614 1310 1654 paene
1340 1600 1655 1654 significantur
1685 1614 1765 1654 per

276 1661 475 1741 “plagas
489 1661 604 1715 equi,
618 1661 740 1711 muli,
754 1662 930 1711 cameli,
945 1662 1070 1711 asini,
1085 1668 1131 1703 et
1146 1663 1292 1702 omnis
1307 1661 1512 1713 bestiae5’
1517 1661 1765 1715 ’·per“pla

274 1721 402 1779 gam'
406 1726 547 1767 ’enim
566 1739 719 1767 eorum
739 1724 1017 1778 significatur
1033 1722 1206 1777 jactura
1225 1724 1371 1764 omnis
1393 1695 1653 1764 intellectus
1674 1724 1767 1764 veri

276 1794 372 1829 tam
402 1787 646 1842 spiritualis
678 1801 812 1841 quam
845 1786 1079 1835 naturalis,
1113 1793 1160 1827 et
1193 1800 1270 1840 per
1305 1791 1330 1806 ⁴
1345 1786 1530 1839 plagam
1562 1785 1767 1827 bestiae”

274 1850 556 1904 significatur
571 1850 748 1903 jactura
771 1850 916 1891 omnis
939 1847 1186 1890 affectionis
1209 1849 1327 1890 boni.
1389 1848 1527 1902 Apud
1549 1847 1726 1897 Lucam,

344 1954 480 1986 Eadem
505 1955 596 1986 hora
619 1965 689 1995 qua
709 1955 806 1986 misit
830 1954 1027 1996 Johannes,
1047 1954 1154 1996 Jesus
1175 1953 1344 1985 “sanavit
1369 1953 1502 1985 multos
1526 1963 1548 1984 a
1571 1953 1707 1985 morbis
1731 1959 1766 1985 et

449 1998 566 2082 pl3gis
585 1999 776 2039 spirituum
798 1998 986 2036 malorum,
1007 2004 1043 2029 et
1066 1998 1182 2029 caecis
1203 1997 1325 2029 multis
1346 1997 1496 2029 donavit
1520 1997 1643 2029 videre
1654 1996 1673 2009 '¹
1692 1997 1765 2038 (vii.

449 2050 487 2073 21
517 2053 523 2074 :

273 2147 353 2187 per
377 2133 578 2187 “plagas
605 2135 839 2187 spirituum
863 2133 1083 2174 malorum
1101 2132 1456 2186 ”intelliguntur
1477 2133 1764 2174 obsessiones

273 2202 320 2237 et
346 2203 496 2237 status
518 2196 773 2237 calamitosi
799 2195 951 2238 infliffi
977 2197 1233 2237 hominibus
1260 2202 1367 2237 tunc
1395 2210 1421 2236 a
1447 2196 1576 2236 malis
1598 2197 1763 2250 spiriti-

273 2260 369 2308 bus,
394 2260 467 2313 qui
490 2265 644 2300 tamen
663 2273 821 2300 omnes
844 2259 1162 2312 significabant
1186 2264 1332 2299 status
1355 2259 1763 2312 correspondentes

273 2322 554 2376 spirituales;
597 2336 756 2363 omnes
792 2323 912 2363 enim
954 2323 1216 2363 sanationes
1258 2322 1515 2362 morborum
1556 2320 1701 2362 factae
1738 2335 1765 2362 a

249 2379 253 2384 ’
273 2384 472 2426 Domino
494 2385 812 2438 significabant
835 2386 1096 2426 sanationes
1113 2383 1367 2438 spirituales
1384 2398 1393 2434 ;
1426 2384 1530 2424 inde
1549 2384 1763 2424 miracula

273 2448 457 2489 Domini
479 2454 608 2489 erant
636 2448 825 2498 Divina;
863 2454 911 2489 ut
944 2448 1046 2497 hoc,
1074 2447 1194 2501 quod
1223 2447 1408 2488 “caecis
1440 2446 1592 2488 multis
1615 2447 1759 2488 dona-

271 2512 388 2552 verit
413 2510 604 2559 videre,”
631 2525 710 2564 per
735 2511 854 2564 quOd
881 2509 1218 2563 significabatur
1243 2509 1363 2563 quod
1394 2509 1480 2550 illis
1511 2510 1585 2563 qui
1615 2510 1659 2550 in
1686 2510 1754 2562 ig-

273 2574 485 2615 norantia
521 2574 614 2614 veri
650 2573 827 2614 suerunt
864 2574 1040 2614 dederit
1080 2572 1336 2625 intelligere
1369 2586 1476 2613 vera
1513 2571 1759 2615 doctrinae.

272 2636 355 2678 Per

339 2724 470 2766 Plagas
487 2734 574 2765 quas
591 2724 752 2756 latrones
770 2724 976 2756 inflixerunt
992 2724 1130 2756 homini
1150 2723 1383 2756 descendenti
1404 2734 1425 2755 a
1447 2723 1704 2765 Hierosolyma
1724 2724 1760 2756 in

445 2767 694 2811 Jerichuntem
714 2768 809 2808 (Luc.
824 2778 855 2799 x.
875 2769 938 2808 30),

271 2861 410 2902 etiam
437 2860 750 2914 significantur
776 2861 942 2914 plagae
969 2860 1241 2914 spirituales,
1270 2874 1385 2914 quae
1412 2866 1540 2902 erant
1573 2859 1685 2900 falsa
1711 2866 1758 2900 et

272 2923 392 2965 mala
418 2924 560 2965 infusa
586 2925 835 2978 peregrinis
863 2931 908 2965 et
935 2924 1150 2978 gentibus
1175 2937 1201 2965 a
1227 2923 1393 2965 Scribis
1419 2930 1465 2965 et
1494 2923 1756 2964 Pharisaeis.

1958 796 1962 822 -.
1955 693 1962 756 „*>-

1947 1887 1962 1982 nne-'zm-
1951 1808 1962 1864 ‘he
