1962 3334
610 259 717 295 CAP.
739 259 821 300 XL,
844 259 983 292 VERs.
1006 251 1151 292 8.'-—N.
1173 251 1226 304 65
1234 249 1341 305 5[b].
1504 279 1507 282 >
1607 261 1715 305 1759

232 378 304 414 est
335 372 504 426 absque
535 372 636 413 idea
666 386 913 426 personae;
954 372 1058 413 inde
1090 386 1169 426 per
1201 371 1543 426 “prophetam”
1573 372 1713 425 signi-

232 434 390 476 ficatur
411 448 566 476 verum
588 433 833 483 doetrinae,
851 448 930 488 per
953 435 1220 488 “sapientes
1231 434 1251 451 '⁹
1272 435 1440 476 bonum
1463 433 1711 483 doetrinae,

231 504 279 539 et
310 511 388 551 per
415 498 620 538 “scribas
631 497 651 513 ’'
676 497 877 538 Verbum
909 511 968 538 ex
995 511 1084 551 quo
1115 496 1344 548 do&rina;
1382 498 1486 538 inde
1511 499 1713 551 sequitur

231 561 352 614 quod
380 559 656 601 “occidere”
681 574 729 601 se
759 560 922 601 referat
954 560 1011 600 ad
1042 573 1197 601 verum
1228 558 1461 602 doetrinae
1493 560 1714 602 ecclesiae

232 623 352 676 quod
383 629 455 663 est
489 622 791 676 “propheta,”
817 622 1117 676 “crucifigere
1131 622 1151 638 ''
1182 637 1231 664 se
1262 623 1425 664 referat
1456 623 1514 664 ad
1544 624 1714 664 bonum

232 683 464 726 doetrinae
486 685 606 738 quod
628 691 698 726 est
723 689 749 705 ‘⁴
764 685 984 738 sapiens,'’
1006 698 1058 726 ac
1083 685 1352 738 “flagellare
1367 685 1386 701 ”
1404 700 1451 726 se
1472 686 1635 726 referat
1657 685 1715 726 ad

233 747 435 788 Verbum
458 748 578 801 quod
599 754 669 788 est
689 749 873 789 “scriba
890 747 924 798 ;’‘
949 755 997 788 et
1019 748 1140 802 quod
1163 749 1225 789 sic
1246 752 1272 768 “
1286 749 1491 789 occidere
1503 748 1523 763 ”
1544 747 1714 801 signifi-

233 816 308 851 cet
340 811 648 863 exstinguere,
684 810 1014 863 “crucifigere”
1044 811 1291 859 destruere,
1329 825 1380 851 ac
1416 810 1715 864 “flagellare”

235 880 520 926 pervertere:
554 873 674 927 quod
699 874 758 914 ab
779 887 867 914 uno
889 873 1003 914 salso
1025 872 1257 914 doetrinae
1279 874 1490 915 aberrent
1511 875 1554 914 in
1577 873 1713 922 aliud,

233 934 514 988 significatur
535 949 615 989 per
638 937 882 989 “persequi
907 936 1010 976 illos
1035 937 1092 977 ab
1114 937 1222 977 urbe
1247 937 1291 976 in
1314 937 1468 977 urbem
1486 936 1520 987 ;'’
1544 937 1685 977 “urbs
1696 936 1716 952 ’'

233 996 458 1050 significat
485 996 762 1039 doeh-inam:
806 998 878 1039 hic
904 1012 1062 1039 sensus
1087 999 1328 1052 spiritualis
1354 999 1531 1039 illorum
1554 999 1715 1040 verbo·

234 1073 331 1101 rum
356 1066 440 1101 est.
501 1060 639 1114 Apud
664 1062 872 1110 eundem,

297 1164 403 1207 Jesus
431 1166 520 1197 dixit
547 1167 734 1207 discipulis
758 1167 853 1207 quod
887 1166 1166 1207 Hierosolymae
1193 1172 1384 1207 pateretur,
1408 1173 1444 1199 et
1475 1168 1572 1208 quod
1605 1167 1717 1198 Filius

407 1210 566 1241 hominis
590 1211 792 1242 traderetur
811 1211 1032 1251 principibus
1055 1211 1301 1242 sacerdotibus
1325 1217 1362 1242 et
1385 1211 1524 1248 scribis,
1545 1212 1610 1242 “et
1633 1221 1718 1242 con-

406 1253 627 1285 demnabunt
642 1253 793 1294 Ipsum„
807 1279 815 1286 .
829 1279 837 1285 .
852 1254 1010 1285 .tradent
1029 1253 1151 1294 Ipsum
1168 1255 1346 1294 gentibus,
1359 1255 1405 1285 ad
1422 1255 1656 1292 illudendum,
1670 1255 1717 1286 ad

406 1296 658 1336 flagellandum
675 1304 710 1328 et
729 1297 1016 1337 crucifigendum,
1036 1304 1072 1329 et
1091 1298 1197 1329 tertia
1214 1298 1272 1329 die
1288 1304 1450 1338 resurget
1462 1297 1480 1309 '¹
1497 1298 1566 1338 (xx.
1587 1298 1636 1336 18,
1656 1306 1717 1338 19;

406 1341 517 1372 Alarc.
535 1350 566 1371 x.
584 1341 724 1380 32—34):

239 1460 399 1487 sensus
420 1447 662 1501 spiritualis
687 1447 847 1488 horum
869 1448 1108 1489 verborum
1134 1454 1219 1496 est,
1243 1449 1364 1501 quod
1387 1448 1598 1489 Divinum
1621 1448 1717 1490 Ve-

234 1521 331 1550 rum
368 1511 412 1550 in
443 1510 651 1559 ecclesia,
685 1511 758 1551 ubi
796 1524 918 1551 mere
951 1510 1063 1551 salsa
1094 1509 1326 1551 doetrinae
1363 1517 1409 1552 et
1447 1511 1566 1552 mala
1596 1512 1718 1552 vitae

233 1579 442 1626 regnant,
466 1573 866 1626 blasphemabitur,
883 1587 1036 1614 verum
1055 1573 1148 1626 ejus
1166 1580 1462 1627 pervertetur,
1482 1581 1528 1615 et
1550 1575 1718 1615 bonum

234 1635 330 1688 ejus
356 1636 638 1676 destruetur:
674 1639 699 1656 “
715 1636 854 1676 Filius
886 1636 1080 1676 hominis
1093 1636 1112 1650 ‘'
1138 1636 1363 1689 significat
1390 1637 1601 1678 Divinum
1624 1637 1718 1678 Ve-

234 1712 345 1746 rum,
364 1699 484 1752 quod
506 1705 577 1739 est
591 1698 793 1739 Verbum
815 1713 825 1749 ;
851 1705 898 1739 et
919 1702 943 1718 “
958 1698 1281 1751 Hierosolyma
1292 1699 1311 1714 ‘’
1328 1699 1552 1752 significat
1571 1699 1718 1741 eccle-

234 1762 361 1810 siam,
404 1761 476 1801 ubi
512 1775 633 1802 mere
673 1761 786 1801 salsa
826 1767 872 1802 et
910 1761 1031 1801 mala
1070 1769 1266 1814 regnant
1287 1775 1296 1801 :
1339 1776 1419 1815 per
1457 1763 1719 1816 “principes

234 1825 497 1865 sacerdotes
521 1830 567 1864 et
593 1824 794 1864 scribas’'
821 1823 1132 1877 significantur
1156 1824 1515 1865 adulterationes
1541 1825 1646 1865 boni
1672 1833 1719 1866 et

234 1885 570 1927 falsificationes
587 1887 693 1935 veri,
714 1893 931 1940 utraeque
954 1900 1013 1927 ex
1031 1900 1186 1927 amore
1208 1887 1438 1927 infernali:
1471 1900 1550 1941 per
1569 1892 1718 1928 “con-

234 1950 449 1990 demnare
476 1950 629 2003 Ipsum
655 1956 702 1990 et
728 1950 908 1990 tradere
934 1949 1181 2002 gentibus'’
1203 1949 1481 2003 significatur
1507 1950 1719 1991 Divinum

235 2013 406 2054 Verum
432 2026 483 2053 ac
508 2012 720 2052 Divinum
747 2012 923 2052 Bonum
955 2012 1212 2064 adjudicare
1242 2013 1428 2062 inferno,
1456 2027 1508 2054 ac
1540 2013 1718 2054 tradere

235 2075 364 2116 malis
390 2082 436 2116 et
463 2075 585 2115 salsis
610 2089 724 2128 quae
750 2075 880 2125 inde;
921 2080 1122 2128 “gentes
1134 2075 1153 2090 ‘’
1178 2075 1434 2128 significant
1461 2076 1580 2117 mala
1605 2090 1719 2130 quae

235 2139 293 2179 ab
317 2138 489 2178 inferno
515 2144 619 2178 sunt
645 2144 691 2178 et
715 2138 954 2178 destruunt
980 2139 1100 2178 bona
1122 2139 1369 2179 ecclesiae:
1406 2140 1500 2179 “ad
1526 2139 1718 2180 illuden-

234 2202 356 2250 dum,
373 2200 695 2254 flagellandum
713 2207 759 2242 et
782 2200 1132 2254 crucifigendum
1146 2201 1165 2216 '’
1182 2201 1406 2255 significat
1428 2202 1718 2256 blasphema·
1766 2222 1769 2223 ⁷
1829 2191 1835 2197 ’

236 2265 423 2313 tionem,
461 2263 820 2304 falsificationem
861 2270 908 2304 et
950 2264 1284 2316 perversionem
1320 2266 1413 2306 veri
1450 2279 1501 2306 ac
1539 2266 1717 2307 adulte-

235 2326 460 2366 rationem
478 2330 526 2365 et
547 2324 908 2365 destructionem
930 2325 1037 2365 boni
1055 2325 1278 2366 ecclesiae
1295 2332 1342 2366 et
1360 2326 1503 2367 Verbi
1521 2338 1570 2374 (ut
1588 2339 1717 2377 supra„

238 2390 323 2427 “et
349 2387 484 2427 tertia
509 2386 579 2427 die
605 2386 842 2439 resurget'’
864 2385 1088 2438 significat
1113 2386 1490 2439 glorificationem
1519 2388 1719 2429 Humani

237 2448 418 2489 Domini
447 2448 706 2502 plenariam.
770 2448 844 2488 Ex
870 2448 939 2488 his
966 2455 1178 2489 constare
1202 2455 1357 2502 potest
1383 2450 1488 2503 quid
1514 2451 1558 2490 in
1584 2463 1718 2490 sensu

236 2510 455 2564 spirituali
487 2511 763 2564 significatur
788 2525 867 2564 per
893 2510 1229 2552 crucifixionem
1262 2511 1459 2561 Domini,
1486 2519 1582 2553 tum
1614 2513 1719 2566 quid

236 2587 314 2627 per
354 2574 501 2614 varias
545 2573 775 2614 illusiones
817 2579 939 2621 tunc,
979 2579 1027 2614 ut
1068 2574 1189 2627 quod
1232 2579 1440 2616 “corona
1480 2589 1539 2615 ex
1581 2576 1718 2628 spinis

236 2636 372 2689 capiti
405 2636 550 2688 Ipsius
581 2636 795 2689 imposita
826 2635 994 2684 fuerit,”
1026 2637 1146 2689 quod
1180 2637 1372 2690 “Ipsum
1404 2637 1581 2678 calamo
1618 2652 1715 2691 per-

236 2698 495 2746 cusserint,’'
521 2699 729 2752 quodque
758 2699 839 2738 “in
870 2698 1005 2739 facies
1038 2699 1180 2752 Ipsius
1211 2701 1515 2753 exspuerint‚'’
1540 2707 1720 2754 praeter

238 2761 365 2815 plura
395 2775 509 2814 quae
541 2762 659 2815 apud
690 2761 1008 2814 Evangelistas
1039 2770 1370 2814 memorantur;
1408 2765 1526 2817 quod
1557 2778 1719 2817 nempe

236 2837 350 2876 gens
373 2823 560 2876 Judaica
586 2824 738 2877 Ipsum
762 2824 973 2864 Divinum
997 2824 1167 2866 Verum
1190 2832 1236 2866 et
1261 2825 1452 2874 Bonum,
1476 2827 1595 2879 quod
1622 2834 1719 2867 erat

238 2885 472 2936 Dominus,
490 2892 584 2927 tam
602 2886 766 2928 nefarie
787 2884 1048 2928 traetaverit
1066 2901 1076 2940 ;
1103 2901 1260 2941 passus
1278 2889 1396 2930 enim
1413 2896 1482 2930 est
1499 2889 1718 2930 Dominus
