1962 3334
245 262 351 317 1456
656 273 988 307 APOCALYPSIS
1019 273 1318 306 EXPLICATA.

240 384 448 426 nificatur
491 385 695 435 scientia,
734 391 780 427 et
824 385 929 426 inde
972 384 1095 426 fatua
1138 385 1359 438 cogitatio
1399 391 1558 433 (videatu'r
1576 403 1682 432 supm,
1701 403 1734 426 n.

241 445 443 497 ¹¹¹577[a]),
467 445 657 498 proinde
688 446 827 486 etiam
853 445 1143 486 ratiocinatio
1169 458 1248 498 per
1273 444 1522 485 scientifica
1546 457 1732 484 sensua-

237 504 321 546 lia:
366 520 425 547 ex
462 506 531 547 his
569 513 780 548 constare
818 513 973 560 potest
1009 507 1129 561 quod
1167 520 1245 560 per
1279 505 1486 546 “caudas
1518 517 1733 559 equorum

238 568 405 610 similes
433 570 733 623 serpentibus,
758 569 983 611 habentes
1006 570 1158 623 capita
1175 569 1195 585 ’⁹
1221 568 1501 623 significetur
1527 568 1647 622 quod
1674 582 1733 609 ex

238 631 497 673 scientificis
520 632 815 681 sensualibus,
836 647 950 687 quae
972 632 1192 681 fallaciae,
1217 639 1369 673 astute
1392 632 1733 673 ratiocinentur.

238 694 414 736 Dicitur
439 696 560 749 quod
592 697 683 737 sint
715 696 936 744 fallaciae,
965 697 1067 750 quia
1093 695 1343 738 scientifica
1369 695 1594 736 sensualia
1619 694 1733 735 fiunt

236 757 442 799 fallaciae
460 759 641 812 quando
659 759 798 800 homo
816 774 875 801 ex
898 759 986 800 illis
1004 760 1300 801 ratiocinatur
1322 759 1378 800 de
1397 758 1730 812 spiritualibus:

238 827 286 862 ut
314 835 394 875 pro
421 822 651 875 exemplo,
680 823 801 876 quod
828 823 1080 876 dignitates
1107 830 1154 864 et
1182 823 1443 877 opulentiae
1471 822 1561 863 sint
1587 820 1733 863 reales

237 883 577 926 benedictiones
596 899 604 935 ;
638 886 759 939 quod
782 885 940 939 gloria,
961 885 1105 940 qualis
1128 893 1198 927 est
1222 886 1513 939 magnatibus
1536 885 1579 925 in
1603 897 1732 925 mun-

237 948 309 996 do,
334 948 391 989 sit
414 948 456 989 in
482 963 568 1002 qua
591 949 829 990 beatitudo
852 949 1065 990 caelestis
1089 950 1325 1000 consistit3
1359 956 1405 990 et
1429 948 1554 1002 quod
1572 947 1732 1006 Domi-

237 1024 319 1056 nus
345 1010 456 1052 velit
485 1012 802 1053 adorationem
830 1012 887 1053 ab
913 1012 1096 1054 homine
1120 1019 1306 1067 propter
1334 1012 1409 1053 Sui
1435 1011 1654 1065 gloriam;
1686 1017 1734 1052 et

237 1073 399 1115 similia
425 1074 527 1124 alia,
552 1089 666 1129 quae
693 1082 798 1116 sunt
824 1075 1029 1117 fallaciae
1052 1076 1233 1129 quando
1256 1074 1562 1128 spiritualibus
1588 1073 1733 1127 appli-

237 1143 424 1187 cantur;
458 1151 563 1178 nam
587 1138 726 1179 homo
744 1139 978 1187 sensualis,
1000 1139 1103 1193 quia
1127 1152 1216 1179 non
1241 1138 1386 1192 pollet
1410 1137 1731 1190 intelligentia,

236 1200 300 1240 ita
327 1200 518 1253 cogitat,
547 1215 639 1242 non
666 1202 783 1242 enim
812 1202 945 1243 aliter
971 1202 1084 1243 scire
1107 1208 1276 1255 potest.
1340 1200 1475 1253 Quod
1505 1203 1529 1220 ‘⁴
1547 1213 1732 1253 serpen-

238 1262 340 1303 tes”
381 1263 425 1303 in
467 1263 623 1304 Verbo
665 1263 958 1318 [²Jsignif1cent
1004 1265 1259 1306 sensualem
1306 1264 1539 1304 hominem
1584 1262 1734 1317 quoad

238 1326 469 1374 astutiam,
491 1333 536 1368 et
560 1328 708 1381 quoad
728 1328 1031 1381 prudentiam,
1052 1334 1265 1369 constare
1284 1333 1438 1381 potest
1461 1341 1521 1367 ex
1540 1339 1732 1380 sequen-

239 1389 358 1430 tibus
376 1390 586 1444 :-Apud
601 1391 770 1440 Mosen,

304 1490 488 1566 “Serpssns
518 1490 635 1575 faftous
664 1498 805 1576 astutps
830 1502 915 1533 prae
940 1493 1040 1524 omni
1069 1493 1146 1524 fera
1174 1493 1250 1533 agri
1276 1502 1383 1533 quam
1409 1492 1544 1523 fecerat
1566 1490 1732 1533 Jehovah

449 1545 512 1567 eus
605 1547 654 1567 en.
673 1546 722 1568 111.
742 1545 755 1567 1
785 1547 791 1568 :

237 1657 316 1697 per
344 1647 642 1698 “serpentem
656 1644 676 1660 ’'
698 1645 769 1686 hic
798 1659 888 1686 non
915 1645 1184 1699 intelligitur
1211 1659 1410 1698 serpens,
1439 1644 1518 1685 sed
1546 1657 1732 1685 sensua-

238 1706 290 1748 lis
322 1706 476 1756 homo,
505 1715 551 1749 et
583 1709 626 1748 in
654 1710 882 1749 communi
914 1723 1048 1750 sensu
1081 1710 1225 1762 ipsum
1258 1708 1481 1756 sensuale,
1510 1707 1630 1761 quod
1662 1712 1734 1748 est

238 1770 446 1812 ultimum
479 1771 738 1813 intelleestus
765 1772 975 1823 humani;
1014 1787 1092 1826 per
1121 1772 1390 1813 “hominem
1417 1778 1464 1813 et
1497 1771 1590 1824 ejus
1617 1784 1732 1811 uxo-

237 1834 362 1875 rem”
394 1835 674 1888 significatur
712 1835 921 1876 Ecclesia
960 1835 1306 1889 Antiquissima,
1347 1849 1460 1888 quae
1499 1834 1625 1888 lapsa
1662 1840 1733 1876 est

238 1898 420 1951 quando
453 1899 661 1940 homines
694 1899 822 1939 istius
849 1898 1071 1939 ecclesiae
1099 1905 1349 1951 coeperunt
1382 1912 1440 1939 ex
1474 1897 1733 1939 scientificis

238 1961 519 2002 sensualibus
558 1962 816 2003 ratiocinari
854 1962 910 2002 de
951 1962 1139 2009 Divinis,
1179 1961 1299 2014 quod
1340 1960 1620 2014 significatur
1655 1975 1735 2015 per

241 2024 414 2065 “edere
437 2039 495 2065 ex
514 2025 674 2066 arbore
692 2025 911 2065 scientiae
929 2024 963 2075 ;'’
994 2025 1163 2065 astutia
1181 2037 1335 2064 eorum
1355 2025 1398 2063 in
1417 2024 1733 2065 ratiocinando

239 2086 294 2127 de
322 2087 495 2128 Divinis
518 2102 576 2128 ex
603 2087 797 2128 sensuali
820 2088 1088 2128 describitur
1114 2101 1192 2140 per
1214 2087 1613 2127 ratiocinationem
1637 2101 1732 2128 ser-

244 2150 393 2202 pentis
436 2164 537 2191 cum
577 2165 719 2191 uxore
757 2150 942 2199 Adami,
983 2165 1042 2191 ex
1084 2164 1172 2203 qua
1198 2150 1380 2203 decepti
1418 2156 1536 2190 sunt.
1598 2148 1732 2202 Quod

239 2226 423 2266 serpens
449 2214 625 2254 dicatur
654 2217 870 2254 “astutus
903 2227 1008 2266 prae
1035 2213 1159 2253 omni
1190 2213 1281 2253 fera
1307 2212 1443 2265 agri,’'
1469 2218 1540 2253 est
1565 2213 1668 2266 quia
1693 2213 1733 2253 ei

238 2289 462 2317 venenum
490 2283 575 2325 est,
604 2283 649 2317 et
682 2277 786 2317 inde
813 2290 988 2317 morsus
1015 2276 1108 2329 ejus
1136 2276 1299 2323 letalis,
1328 2282 1374 2316 et
1406 2275 1508 2329 quia
1539 2276 1583 2315 in
1616 2275 1733 2316 late-

238 2338 328 2378 bris
359 2352 407 2379 se
439 2339 676 2389 recondit;
718 2343 981 2380 “venenum
997 2339 1015 2354 ”
1042 2338 1266 2392 significat
1299 2344 1447 2378 astum
1480 2343 1527 2378 et
1559 2336 1730 2386 dolum,

240 2407 286 2442 et
319 2401 422 2442 inde
459 2406 671 2442 “morsus
684 2401 703 2417 ’¹
736 2401 829 2454 ejus
861 2414 1032 2442 noxam
1065 2401 1278 2450 letalem;
1321 2407 1367 2441 et
1402 2400 1675 2441 “latebrae”
1705 2414 1731 2442 e

239 2464 397 2516 quibus
421 2465 599 2505 mordet
623 2471 668 2505 et
692 2465 736 2505 in
760 2465 918 2518 quibus
941 2478 988 2505 se
1006 2464 1227 2510 recondit,
1249 2462 1505 2516 significant
1523 2463 1728 2504 astutias.

239 2525 482 2567 Sciendum
501 2533 571 2568 est
594 2527 714 2581 quod
737 2541 897 2568 omnes
917 2527 1130 2568 “bestiae
1143 2526 1162 2541 '‘
1180 2526 1436 2579 significent
1455 2524 1729 2573 affectiones

238 2589 394 2643 quales
439 2597 545 2631 sunt
591 2590 707 2643 apud
747 2590 984 2641 homines;
1031 2603 1084 2631 ac
1129 2593 1400 2642 “serpentes
1413 2589 1431 2604 ’¹
1471 2588 1729 2642 significant

240 2651 500 2694 affectiones
526 2653 747 2694 sensualis
779 2653 989 2702 hominis,
1018 2668 1076 2694 ex
1104 2666 1238 2699 causa
1266 2654 1367 2706 quia
1393 2659 1579 2706 serpunt
1605 2651 1730 2692 humi

239 2729 370 2773 super
410 2722 585 2765 ventre,
629 2717 836 2757 similiter
876 2722 924 2758 ut
965 2716 1173 2757 sensuale
1213 2715 1432 2765 hominis;
1479 2715 1565 2756 hoc
1608 2715 1726 2756 enim

238 2778 392 2820 infimo
425 2779 526 2820 loco
558 2786 642 2828 est,
677 2786 723 2821 et
758 2781 883 2834 quasi
919 2781 1035 2833 repit
1073 2779 1194 2820 humi
1227 2780 1308 2819 sub
1340 2779 1547 2832 reliquis:
1590 2779 1728 2819 etiam

237 2841 468 2882 sensuales
491 2842 698 2883 homines
721 2843 764 2882 in
791 2843 959 2883 mundo
981 2842 1199 2896 spirituali
1226 2843 1269 2882 in
1292 2841 1570 2882 inferioribus
1597 2840 1727 2881 habi-

237 2910 354 2954 tant,
383 2919 472 2946 non
505 2906 624 2946 enim
657 2905 822 2947 elevari
849 2912 1039 2959 possunt
1066 2919 1220 2946 versus
1248 2905 1488 2958 superiora,
1516 2903 1727 2958 quoniam
