1962 3334
291 278 399 321 1730
701 279 1033 313 APOCALYPSIS
1066 281 1366 314 EXPLICATA.

285 404 423 444 usque
450 391 507 431 ad
534 391 713 433 fluvium
741 392 984 446 Aegypti,'’
1007 408 1140 448 quam
1166 395 1370 448 Jehovah
1393 396 1611 443 excutiet,
1639 396 1778 448 signi-

283 452 389 494 ficat
428 468 562 495 omne
599 469 752 496 verum
790 457 1011 498 rationale
1048 465 1094 498 et
1132 457 1427 499 scientificum
1464 459 1778 499 inserviturum

284 517 502 568 spirituali
522 532 530 568 3
568 519 762 570 “spica'’
785 519 948 560 dicitur
974 521 1075 573 quia
1097 522 1335 562 continens
1359 528 1428 561 est
1454 521 1677 569 frumenti,
1703 535 1782 574 per

283 580 404 633 quod
431 580 710 633 significatur
736 596 890 622 verum
923 589 969 623 et
1001 583 1169 623 bonum
1201 584 1321 636 quod
1353 584 1537 624 inservit
1564 584 1781 636 spirituali

285 644 455 684 homini
479 658 559 696 pro
583 646 854 686 nutritione:
889 648 1158 687 convocatio
1181 647 1237 687 ad
1264 646 1504 687 ecclesiam
1530 662 1556 687 a
1582 647 1779 688 Domino

284 706 563 760 significatur
595 721 673 760 per
707 709 796 749 “In
837 709 907 750 die
944 709 1021 750 illo
1058 709 1298 762 clangetur
1334 710 1524 750 buccina
1560 723 1725 763 magna
1745 709 1779 760 ;''

285 770 407 823 quod
433 772 654 811 accessuri
681 772 738 812 ad
765 772 1001 813 ecclesiam
1027 773 1100 826 qui
1126 773 1290 826 alioqui
1316 774 1498 826 perituri
1519 780 1673 813 essent
1699 786 1778 825 per

283 834 517 874 ratiocinia
548 848 606 874 ex
645 835 901 876 scientificis
939 836 995 876 ad
1033 835 1145 876 salsa
1183 835 1490 876 confirmanda
1523 836 1773 889 applicatiS,

283 896 562 949 significatur
594 911 672 950 per
706 898 946 939 “Venient
980 905 1222 951 pereuntes
1254 899 1297 939 in
1330 906 1451 939 terra
1483 898 1702 939 Aschuris
1733 906 1779 939 et

282 960 461 1012 expulsi
493 959 553 1001 [fle
586 968 705 1002 terra
737 961 995 1015 Aegypti:”
1034 962 1153 1015 quod
1186 962 1413 1002 adoraturi
1447 962 1705 1009 Dominum,
1733 969 1779 1002 et

282 1036 341 1062 ex
378 1023 464 1064 illis
501 1023 578 1064 fiet
617 1024 822 1072 ecclesia,
857 1025 1135 1077 significatur
1172 1038 1251 1077 per
1287 1024 1406 1078 quod
1444 1024 1780 1064 “incurvabunt

282 1099 329 1126 se
354 1085 552 1139 Jehovae
585 1088 628 1127 in
662 1094 817 1128 monte
845 1086 1100 1128 sanctitatis
1133 1088 1175 1127 in
1199 1086 1573 1140 Hierosolyma?
1613 1091 1780 1127 “mons

282 1147 568 1190 san6titatis’‘
610 1149 834 1202 significat
875 1150 1114 1191 ecclesiam
1156 1150 1304 1203 quoad
1350 1149 1517 1190 bonum
1559 1149 1692 1197 vitae,
1731 1156 1778 1190 et

285 1215 309 1231 “
328 1211 649 1265 Hierosolyma
662 1213 679 1227 ”
706 1213 944 1253 ecclesiam
971 1213 1119 1266 quoad
1143 1226 1297 1253 verum
1323 1211 1582 1253 doctrinae:
1622 1212 1778 1252 dicun·
1797 1266 1805 1274 .

281 1281 354 1316 tur
379 1276 559 1329 quidem
583 1276 693 1316 haec
721 1276 776 1316 de
803 1275 900 1316 filiis
925 1276 1116 1323 Israelis,
1142 1277 1215 1329 qui
1242 1276 1408 1328 captivi
1435 1273 1538 1315 facti
1564 1276 1608 1315 in
1632 1274 1778 1327 Assy-

283 1339 347 1378 ria
378 1345 424 1379 et
456 1339 499 1378 in
526 1338 748 1391 Aegypto
770 1353 778 1389 ;
817 1340 895 1379 sed
922 1353 999 1392 per
1025 1339 1177 1379 “filios
1206 1338 1421 1387 Israelis,''
1444 1338 1502 1378 ibi
1529 1344 1575 1378 et
1601 1351 1779 1391 quoque

281 1401 400 1450 alibi,
425 1402 741 1455 intelliguntur
764 1409 941 1455 gentes,
969 1416 994 1442 a
1016 1403 1175 1455 quibus
1199 1401 1417 1451 ecclesia;
1455 1407 1501 1442 et
1529 1414 1608 1453 per
1633 1404 1777 1453 “cap-

282 1465 511 1506 tivitatem
549 1465 734 1506 eorum”
773 1467 816 1506 in
855 1464 1045 1517 Assyria
1081 1471 1126 1505 et
1166 1465 1208 1505 in
1242 1464 1464 1517 Aegypto
1501 1462 1778 1517 significatur

281 1529 524 1581 captivitas
558 1528 812 1581 spiritualis,
842 1542 955 1581 quae
987 1528 1156 1568 homini
1188 1534 1257 1568 est
1291 1541 1349 1567 ex
1382 1527 1502 1567 falsis
1535 1526 1777 1580 religionis.

282 1591 421 1644 Apud
449 1591 729 1640 Saclcam'am,
1560 1591 1564 1595 '

346 1687 368 1701 ‘⁸
381 1687 560 1718 Reducam
579 1696 640 1718 eos
658 1697 677 1718 e
695 1693 788 1717 terra
805 1686 970 1727 Aegypti,
988 1693 1023 1717 et
1040 1696 1084 1717 ex
1104 1685 1254 1726 Assyria
1270 1685 1496 1725 congregabo
1513 1694 1585 1723 eos,
1600 1690 1635 1716 et
1651 1685 1695 1716 ad
1713 1690 1783 1716 ter·

456 1741 530 1763 ram
557 1730 715 1761 Gileadis
740 1738 774 1761 et
800 1730 974 1761 Libanum
999 1730 1172 1760 adducam
1199 1730 1294 1761 illos.
1310 1754 1338 1761 ..
1354 1740 1379 1761 .:
1413 1729 1578 1760 transibit
1602 1738 1664 1768 per
1683 1738 1781 1759 mare

455 1775 651 1814 angustiae,
673 1774 735 1805 sed
761 1774 932 1814 percutiet
957 1774 989 1804 in
1018 1775 1106 1804 mari
1127 1771 1280 1811 fluctus„
1296 1798 1303 1804 .
1317 1797 1324 1804 .
1340 1778 1390 1804 .et
1409 1772 1594 1812 dejicietur
1613 1771 1780 1812 superbia

456 1818 639 1855 Aschuris,
658 1825 693 1849 et
710 1818 855 1848 baculus
875 1817 1032 1858 Aegypti
1049 1816 1219 1848 recedet’'
1236 1818 1282 1854 (x.
1306 1825 1354 1854 10,
1376 1815 1445 1856 11):

280 1912 418 1953 etiam
435 1911 546 1952 haec
566 1911 621 1951 de
641 1911 969 1952 restauratione
986 1910 1203 1951 ecclesiae
1219 1924 1244 1950 a
1257 1910 1479 1950 Domino:
1509 1922 1586 1962 per
1605 1912 1631 1928 ⁴‘
1646 1908 1777 1949 redu-

281 1989 381 2016 cere
404 1989 428 2015 e
452 1981 571 2015 terra
594 1974 838 2027 Aegypti,'’
858 1981 903 2014 et
929 1977 954 1993 ‘¹
969 1987 1248 2026 congregare
1271 1987 1330 2013 ex
1355 1972 1557 2025 Assyria,
1573 1972 1591 1986 ”
1609 1971 1777 2024 signifi-

280 2044 439 2079 cantur
456 2037 618 2078 similia
639 2051 752 2091 quae
777 2051 885 2077 mox
905 2050 1038 2089 supra
1060 2036 1177 2089 apud
1195 2035 1399 2083 Esaiam,
1419 2049 1531 2088 quae
1549 2034 1780 2087 explicata

280 2107 384 2142 sunt
403 2116 411 2152 3
440 2115 518 2154 per
535 2105 559 2120 “
573 2107 739 2141 terram
759 2100 988 2141 Gileadis’‘
1008 2106 1053 2140 et
1073 2113 1150 2152 per
1167 2104 1191 2119 “
1205 2099 1426 2140 Libanum
1439 2098 1457 2113 ‘²
1472 2097 1779 2151 significantur

281 2164 403 2205 bona
417 2172 462 2205 et
477 2178 583 2204 vera
601 2164 820 2204 ecclesiae
842 2164 884 2203 in
905 2162 1097 2203 naturali
1116 2162 1321 2202 homine:
1356 2175 1434 2214 per
1452 2160 1571 2214 quod
1593 2163 1618 2179 “
1633 2165 1779 2200 trans-

284 2228 366 2268 ibit
386 2241 463 2280 per
479 2241 601 2268 mare
617 2228 869 2279 angustiae,
887 2226 965 2266 sed
986 2226 1206 2278 percutiet
1225 2226 1268 2264 in
1287 2225 1397 2264 mari
1411 2222 1582 2271 fluctus,
1602 2229 1647 2263 et
1670 2221 1778 2274 deji-

281 2292 422 2332 cietur
439 2291 647 2343 superbia
662 2290 894 2338 Aschuris,
912 2295 957 2329 et
978 2288 1160 2329 recedet
1179 2287 1363 2328 baculus
1379 2285 1622 2339 Aegypti,’'
1640 2286 1778 2338 signi-

280 2353 439 2395 ficatur
464 2353 584 2407 quod
612 2354 930 2405 dispergentur
952 2351 1071 2392 mala
1101 2357 1147 2391 et
1179 2350 1290 2391 falsa
1321 2349 1536 2390 naturalis
1568 2349 1775 2397 hominis,

283 2431 336 2459 ac
364 2417 599 2458 ratiocinia
625 2430 684 2456 ex
713 2414 968 2456 scientificis
1000 2412 1370 2454 confirmantibus
1401 2412 1502 2462 illa;
1549 2411 1776 2452 “transire

283 2493 363 2533 per
385 2493 506 2519 mare
529 2479 766 2531 angustiae
779 2478 797 2492 ’'
820 2477 1043 2530 significat
1067 2476 1360 2523 tentationes,
1389 2478 1413 2494 “
1428 2472 1616 2515 flu&us”
1638 2475 1775 2527 signi-

283 2543 422 2584 ficant
454 2542 566 2583 falsa
598 2548 643 2582 et
676 2541 807 2590 mala,
840 2540 1087 2593 “superbia
1113 2538 1362 2579 Aschuris”
1387 2536 1608 2590 significat
1640 2537 1776 2577 ratio-

281 2607 397 2647 cinia
419 2620 478 2646 ex
502 2605 617 2645 fastu
637 2605 839 2657 propriae
858 2603 1201 2655 intelligentiae,
1222 2615 1272 2642 ac
1297 2605 1321 2621 “
1335 2601 1519 2641 baculus
1537 2599 1774 2653 Aegypti''

282 2667 575 2710 scientificum
603 2666 887 2708 confirmans.
949 2665 1087 2718 Apud
1112 2663 1395 2713 Ezechielem,

348 2762 409 2794 “A
429 2762 498 2793 fine
524 2761 758 2802 quadraginta
782 2770 958 2791 annorum
983 2760 1211 2799 congregabo
1231 2758 1436 2798 Aegyptum
1463 2767 1507 2788 ex
1527 2757 1680 2798 populis,
1705 2766 1774 2797 quo

456 2805 607 2845 dispersi
627 2805 796 2841 fuerunt„
812 2829 819 2836 .
833 2829 840 2835 .
856 2810 906 2835 .et
923 2803 1088 2834 reducam
1110 2813 1172 2833 eos
1194 2803 1228 2833 in
1250 2808 1380 2833 terram
1402 2801 1563 2839 Pathros,
1581 2810 1688 2840 super
1707 2807 1775 2831 ter-

457 2858 531 2880 ram
557 2848 809 2888 negotiationis
838 2856 973 2883 eorum,
997 2853 1034 2877 ut
1058 2847 1129 2877 sint
1154 2846 1201 2876 ibi
1226 2855 1374 2885 regnum
1399 2845 1673 2881 humile,....ut
1701 2853 1774 2874 non

456 2892 590 2924 exaltes
615 2899 649 2922 te
670 2892 822 2931 amplius
847 2900 953 2930 super
972 2897 1119 2930 gentes:
1152 2896 1187 2921 et
1204 2890 1400 2920 diminuam
1423 2898 1485 2920 eos
1506 2894 1543 2919 ut
1569 2897 1640 2919 non
1663 2887 1772 2918 domi-

456 2942 585 2968 nentur
601 2935 636 2966 in
654 2934 848 2975 gentibus''
867 2934 973 2975 (xxix.
997 2934 1134 2974 13—16):

1932 3290 1962 3334 3⁴³,

1937 3206 1962 3307 4³33?
1944 3175 1962 3195 ‘l
