1962 3334
268 283 373 336 1338
678 290 1011 323 APOCALYPSIS
1042 289 1342 322 EXPLICATA.

331 407 355 421 ⁴⁸
368 405 503 438 Currus
529 405 731 437 Pharaonis
747 411 783 437 et
802 405 996 436 exercitum
1015 404 1095 445 ejus
1115 404 1266 445 projecit
1286 404 1323 435 in
1343 413 1441 435 mare
1445 428 1537 441 .....
1545 401 1669 444 abyssi
1689 403 1752 435 ob-

437 456 603 481 texerunt
631 459 714 486 eos;
750 449 1015 480 descenderunt
1042 449 1079 479 in
1109 448 1372 488 profunditates
1403 447 1496 478 sicut
1527 447 1753 487 lapisz....e

437 499 549 524 vento
568 492 708 524 narium
727 499 868 524 tuarum
887 498 1122 524 coacervatae
1143 498 1227 523 sunt
1245 500 1380 531 aquae;
1406 491 1644 522 constiterunt
1661 490 1754 522 sicut

437 537 601 568 cumulus
621 536 775 574 fluenta;
801 536 1011 576 congelatae
1032 541 1114 566 sunt
1134 535 1256 576 abyssi
1282 535 1318 565 in
1339 534 1446 565 corde
1467 533 1606 565 maris”
1626 534 1750 574 (Exod.

437 590 494 612 xv.
516 578 581 622 [4,]
599 587 628 619 5,
646 581 698 620 8):

263 675 376 715 haec
417 675 460 714 in
499 673 690 715 Cantico
733 673 875 713 Mosis
913 673 969 714 de
1011 673 1245 713 Pharaone
1287 678 1333 712 et
1376 671 1580 712 exercitu
1620 669 1751 718 illius,

264 744 506 791 postquam
533 737 751 777 submersi
783 742 887 776 sunt
919 737 963 776 in
997 735 1110 775 Mari
1138 734 1287 788 Suph;
1325 748 1404 787 per
1431 733 1755 773 “Pharaonem

263 807 309 841 et
336 801 588 842 exercitum
615 798 708 850 ejus
726 799 746 814 ’'
772 797 1084 851 significantur
1114 798 1177 838 illi
1209 798 1282 851 qui
1314 798 1358 837 in
1389 796 1510 837 falsis
1542 810 1601 837 ex
1633 795 1756 836 malo

267 869 385 911 sunt,
420 869 466 903 et
503 876 583 916 per
616 862 780 902 “Mare
813 861 970 914 Suph”
1002 860 1281 913 significatur
1313 859 1533 900 infernum
1570 858 1643 899 ubi
1678 857 1754 898 illa

266 926 377 966 salsa
399 932 530 976 sunt;
563 926 666 966 inde
690 931 818 979 patet
845 924 964 978 quod
991 938 1069 977 per
1094 923 1410 964 “obtexerunt
1437 922 1538 962 illos
1564 920 1755 974 abyssi,”

265 986 546 1040 significetur
569 987 690 1040 quod
716 986 904 1026 inferna.
964 996 1066 1033 (Quid
1085 996 1207 1032 reliqua
1229 995 1261 1023 in
1281 1003 1376 1023 sensu
1395 993 1547 1032 spirituali
1566 993 1755 1031 significant,

262 1051 407 1080 videatur
416 1051 447 1079 in
460 1051 598 1079 Arcanis
612 1050 804 1083 Caelestibus,
815 1059 846 1079 n.
857 1051 1048 1086 8272-8279,
1059 1053 1090 1077 et
1100 1049 1289 1085 8286-8289‚
1300 1048 1355 1076 ubi
1365 1047 1521 1084 explicata
1530 1046 1628 1085 sunt.)
1685 1034 1754 1076 Sl·

266 1095 388 1135 milia
413 1094 723 1148 significantur
749 1107 827 1147 per
854 1093 966 1134 haec
994 1093 1113 1146 apud
1138 1092 1373 1140 Davidem,

329 1185 350 1198 “
365 1184 567 1224 Increpavit
589 1183 690 1215 Mare
708 1183 804 1223 Suph
824 1188 862 1214 ut
882 1183 1131 1219 exsiccaretur,
1152 1187 1186 1213 et
1205 1182 1305 1213 duxit
1324 1191 1386 1212 eos
1403 1190 1467 1221 per
1485 1181 1646 1222 abyssos,
1667 1180 1757 1212 sicut

437 1228 472 1259 in
490 1228 632 1259 deserto
645 1237 668 1266 ;.
683 1252 690 1259 .
704 1252 711 1259 .
727 1228 955 1259 ‚obtexerunt
972 1236 1085 1267 aquae
1101 1226 1223 1257 hostes
1241 1223 1399 1256 meorum
1411 1224 1428 1236 ’¹
1446 1224 1518 1264 (Ps.
1535 1224 1602 1256 cvi.
1618 1234 1649 1264 9,
1663 1223 1742 1263 ἸΙ);

267 1304 385 1358 apud
411 1303 614 1352 Esaiam,

335 1380 356 1393 “
371 1379 501 1410 Nonne
519 1378 573 1410 Tu
595 1378 658 1410 Ille
679 1379 736 1419 qui
754 1378 946 1409 exsiccavit
966 1387 1074 1414 mare,
1095 1387 1205 1418 aquas
1225 1376 1346 1417 abyssi
1363 1377 1538 1416 magnae?
1561 1375 1619 1417 qui
1638 1375 1758 1416 posuit

439 1422 699 1462 profunditates
717 1422 825 1453 maris
844 1422 879 1452 in
897 1422 1003 1459 viam,
1020 1427 1059 1452 ut
1075 1421 1268 1452 transirent
1288 1419 1461 1460 redempti
1472 1419 1505 1452 ?”
1519 1419 1567 1459 (li.
1589 1427 1640 1457 10,
1660 1427 1697 1458 15
1715 1420 1736 1459 ;)

270 1498 387 1553 apud
414 1499 621 1547 eundem,

336 1574 438 1616 “Qui
468 1575 608 1606 discidit
632 1584 742 1615 aquas
767 1584 885 1605 coram
914 1574 983 1605 illis
988 1598 1079 1611 .....
1089 1573 1147 1614 qui
1175 1573 1275 1604 duxit
1299 1583 1361 1603 eos
1389 1582 1453 1612 per
1479 1573 1643 1613 abyssos,
1666 1572 1757 1604 sicut

441 1628 551 1659 equus
569 1619 604 1649 in
623 1619 776 1656 deserto,
797 1628 870 1648 non
889 1616 1144 1649 offenderunt''
1158 1617 1256 1655 (lxiii.
1275 1614 1364 1658 [12,]
1383 1617 1454 1655 13):

267 1720 346 1759 per
366 1706 517 1747 “filios
542 1701 759 1755 Israelis,’'
778 1719 930 1747 coram
950 1705 1108 1759 quibus
1126 1705 1444 1746 exsiccabatur
1467 1703 1594 1745 Mare
1616 1702 1755 1757 Suph,

270 1775 316 1810 et
343 1783 421 1822 per
447 1770 566 1822 quod
593 1770 876 1810 exsiccatum
904 1769 990 1809 tuti
1018 1768 1288 1815 transibant,
1318 1766 1634 1820 intelliguntur
1659 1779 1757 1807 om-

270 1845 350 1872 nes
376 1833 449 1885 qui
481 1833 525 1872 in
547 1833 664 1873 veris
691 1846 753 1872 ex
785 1833 907 1872 bono
939 1837 1058 1879 sunt,
1087 1844 1199 1884 quos
1232 1836 1407 1870 tutatur
1438 1829 1673 1878 Dominus,
1701 1842 1757 1869 ne

267 1895 379 1936 salsa
405 1895 525 1943 mali,
554 1909 668 1948 quae
691 1895 858 1948 jugiter
880 1895 937 1934 ab
961 1894 1141 1934 infernis
1168 1893 1436 1940 ascendunt,
1466 1892 1635 1932 damno
1660 1890 1757 1932 affi-

269 1959 391 1999 ciant
410 1973 418 2008 ;
452 1959 537 1999 hoc
561 1958 834 2010 intelligitur
857 1971 935 2010 per
957 1957 1077 2010 quod
1099 1956 1437 1997 “exsiccaverit
1461 1968 1598 2003 mare,
1618 1968 1757 2008 aquas

268 2021 419 2074 abyssi
446 2020 678 2073 magnae‚”
705 2027 751 2061 et
783 2034 861 2073 per
888 2020 1007 2073 quod
1037 2020 1273 2072 “posuerit
1308 2018 1638 2072 profunditates
1665 2016 1757 2069 ejus

268 2085 311 2123 in
344 2084 463 2124 viam
495 2090 543 2124 ut
576 2084 821 2124 transirent
853 2082 1116 2136 redempti,’'
1141 2088 1236 2123 tum
1270 2095 1348 2135 per
1379 2081 1499 2134 quod
1534 2080 1756 2120 “duxerit

270 2161 347 2188 eos
371 2161 449 2200 per
471 2147 661 2199 abyssos
679 2146 712 2196 ;''
745 2146 857 2186 falsa
880 2147 997 2186 enim
1021 2146 1078 2185 ab
1100 2145 1281 2185 infernis
1300 2143 1519 2184 exhalata
1542 2143 1756 2183 continue
1787 2184 1794 2189 ,

268 2207 505 2260 obstipant
531 2207 778 2255 hominem,
804 2207 994 2259 proinde
1017 2206 1204 2253 inferna,
1232 2205 1358 2258 (nam
1381 2205 1475 2244 sive
1498 2204 1622 2244 dicas
1643 2203 1759 2243 salsa

268 2267 325 2307 ab
350 2267 453 2315 illis,
481 2267 554 2306 vel
577 2267 669 2314 illa,
694 2267 814 2306 idem
841 2267 949 2319 est‚)
974 2272 1022 2306 at
1049 2265 1272 2306 Dominus
1294 2264 1464 2316 jugiter
1486 2264 1680 2316 dissipat
1705 2277 1759 2303 ea

268 2329 387 2382 apud
406 2328 508 2368 illos
526 2329 600 2381 qui
622 2329 666 2368 in
683 2329 799 2368 veris
822 2342 881 2368 ex
900 2329 1021 2368 bono
1044 2327 1101 2368 ab
1124 2327 1228 2380 Ipso
1247 2332 1349 2366 sunt
1368 2340 1376 2376 3
1410 2325 1495 2365 hoc
1519 2326 1671 2378 itaque
1689 2330 1759 2365 est

269 2391 387 2444 quod
411 2390 688 2444 significatur
711 2405 789 2444 per
809 2391 1079 2431 “exsiccare
1102 2388 1262 2436 mare,'’
1285 2395 1331 2429 et
1357 2388 1557 2428 “ducere
1580 2401 1657 2428 eos
1680 2400 1759 2440 per

268 2454 459 2506 abyssos
477 2454 510 2504 ;’'
536 2453 599 2494 illi
626 2454 698 2507 qui
725 2454 768 2493 in
795 2454 911 2493 veris
938 2468 997 2494 ex
1023 2453 1145 2493 bono
1171 2466 1197 2492 a
1224 2451 1421 2491 Domino
1448 2457 1566 2499 sunt,
1590 2449 1758 2490 intelli-

269 2524 436 2569 guntur
469 2530 546 2569 per
575 2515 915 2569 “redemptos”
975 2514 1129 2556 Simile
1161 2513 1438 2567 significatur
1469 2527 1548 2567 per
1573 2512 1758 2553 “exsic-

270 2593 371 2620 care
398 2579 610 2631 abyssum
637 2585 684 2619 et
710 2579 934 2619 arefacere
961 2578 1117 2619 fluvios
1129 2577 1147 2592 ”
1174 2577 1291 2630 apud
1317 2576 1518 2625 Esaiam,

334 2674 496 2716 Jehovah
515 2675 628 2705 “dicit
647 2674 935 2714 Hierosolymae,
957 2673 1212 2711 Habitaberis;
1238 2678 1272 2703 et
1292 2672 1439 2703 urbibus
1464 2671 1635 2712 Jehudae,
1653 2670 1761 2701 Aedi-

445 2718 661 2755 ficabimini;
686 2724 722 2749 et
744 2718 933 2749 vastitates
959 2718 1037 2757 ejus
1061 2717 1217 2756 erigam:
1246 2716 1369 2747 dicens
1392 2716 1536 2756 abysso,
1562 2714 1759 2751 Exsiccare,

445 2768 480 2793 et
496 2762 625 2792 fluvios
643 2768 723 2792 tuos
740 2761 935 2792 arefaciam
947 2761 965 2772 ¹’
977 2761 1073 2801 (xliv.
1087 2761 1138 2799 26,
1151 2761 1204 2799 27)
1220 2771 1226 2791 :

271 2863 349 2903 per
377 2849 815 2902 “Hierosolymam'’
842 2848 1122 2902 significatur
1147 2847 1339 2889 ecclesia
1367 2847 1574 2896 Domini;
1608 2851 1654 2887 et
1680 2858 1760 2899 per

277 2913 446 2954 “urbes
486 2913 719 2966 Jehudae”
757 2912 1067 2966 significantur
1106 2913 1227 2953 bona
1267 2918 1312 2952 et
1354 2924 1459 2951 vera
1500 2907 1756 2959 doctrinam
