1962 3334
588 283 695 316 CAP.
717 282 799 323 1x.‚
822 281 963 314 vnsss.
983 280 1131 313 2.-N.
1155 236 1320 324 538['b].
1398 294 1405 299 ·
1592 277 1698 320 1343

215 398 336 453 apud
361 397 516 447 Amos,

283 473 441 506 “Videre
460 474 542 505 fecit
561 483 617 505 me
638 473 814 504 Dominus
832 472 994 514 jehovih,
1010 477 1046 502 et
1063 480 1144 502 ecce
1162 479 1296 501 vocans
1314 469 1360 500 ad
1377 466 1699 500 [¹1contendendum

390 527 455 558 per
469 518 616 558 ignem„
630 542 639 549 .
651 541 660 548 .
674 516 843 548 .comedit
857 517 1027 556 abyssum
1043 523 1211 554 magnam
1222 513 1241 524 ’'
1256 513 1328 553 (vii.
1341 513 1397 552 4);

215 592 336 647 apud
358 592 591 641 Davidem,

281 668 485 700 “Viderunt
499 667 551 699 Te
567 677 690 708 aquae,
708 667 815 704 Deus,
832 666 998 697 viderunt
1013 665 1066 697 Te
1082 674 1205 705 aquae,
1218 663 1467 700 extimuerunt,
1484 661 1591 693 etiam
1607 669 1702 692 eom-

391 718 509 743 motae
525 717 610 742 sunt
623 710 745 751 abyssi
755 710 774 722 '¹
790 710 863 749 (Ps.
876 709 997 740 lxxvii.
1013 717 1052 747 17
1070 706 1129 750 [B.
1141 709 1187 739 A.
1203 704 1295 748 16]);

217 787 337 843 apud
362 787 569 836 eundem,

284 862 396 895 “Non
420 863 623 894 timebimus
646 871 726 893 cum
750 861 945 892 mutabitur
960 866 1063 897 terra,
1083 866 1119 891 et
1141 868 1220 890 cum
1245 858 1483 889 movebuntur
1500 862 1641 888 montes
1664 855 1701 885 in

391 906 498 937 corde
517 906 678 942 marium,
695 905 1012 942 tumultuabuntur,
1028 903 1264 935 turbabuntur
1278 911 1391 943 aquae
1409 900 1488 941 ejus
1498 900 1517 911 '¹
1533 899 1606 940 (Ps.
1618 899 1701 930 xlvi.

391 958 457 989 324
474 947 533 991 [B·
546 950 592 980 A·
605 957 636 987 2,
649 946 720 990 3]);

219 1025 338 1078 apud
361 1024 527 1073 Mosen,

285 1099 397 1132 “Hoc
413 1100 492 1140 ipso
507 1100 564 1131 die
579 1099 730 1139 disrupti
749 1104 833 1130 sunt
850 1107 978 1129 omnes
996 1097 1116 1129 fontes
1134 1097 1255 1138 abyssi
1275 1105 1436 1136 magnae,
1452 1101 1489 1126 et
1506 1092 1703 1126 catarad'tae

392 1143 482 1174 caeli
496 1150 640 1183 apertae
656 1148 739 1174 sunt
749 1141 768 1154 ’¹
784 1142 879 1181 (Gen.
892 1142 950 1173 vii.
966 1142 1039 1181 11);

218 1226 266 1261 et
290 1219 466 1274 postea,

326 1295 346 1309 ‘⁴
356 1294 400 1326 Et
415 1294 568 1325 obturati
585 1301 667 1325 sunt
683 1293 803 1325 fontes
818 1293 940 1334 abyssi
957 1299 993 1324 et
1008 1290 1206 1324 cataraaae
1222 1291 1311 1323 caeli
1321 1291 1339 1303 '¹
1356 1290 1451 1330 (Gen.
1464 1290 1535 1322 viii.
1549 1291 1581 1329 2)
1594 1299 1602 1327 ;

211 1341 336 1424 ‘apud
359 1369 564 1418 limbum,

286 1445 497 1486 “Sapientia
512 1445 607 1476 unde
622 1445 826 1477 invenitur?
847 1450 883 1476 et
898 1444 977 1485 quis
993 1450 1049 1475 est
1066 1443 1165 1475 locus
1182 1443 1461 1483 intelligentiae?
1506 1442 1587 1474 Non
1605 1443 1706 1474 novit

391 1489 501 1520 homo
524 1489 676 1529 pretium
700 1488 788 1528 ejus.
825 1512 833 1519 .
848 1513 856 1519 .
869 1513 876 1519 .
891 1488 1070 1528 ‚Abyssus
1089 1487 1182 1525 dicit,
1203 1486 1286 1518 Nou
1310 1487 1346 1517 in
1372 1496 1429 1518 me
1448 1485 1529 1524 illa;
1553 1493 1589 1518 et
1607 1496 1705 1517 mare

392 1532 486 1570 dicit,
504 1531 587 1563 Non
604 1531 770 1563 mecum”
786 1531 919 1570 (xxviii.
935 1539 985 1569 12,
1001 1528 1086 1572 [13‚]
1106 1531 1179 1570 14);

221 1606 339 1662 apud
364 1607 571 1655 eundem,

286 1681 408 1714 “Num
428 1683 558 1714 venisti
581 1682 626 1713 ad
650 1682 753 1713 fletus
776 1683 894 1719 maris,
911 1688 947 1713 et
970 1682 1006 1713 in
1030 1682 1332 1722 pervestigatione
1356 1682 1475 1722 abyssi
1495 1682 1707 1714 ambulasti?

394 1725 488 1756 Num
512 1726 688 1756 revelatae
712 1732 796 1756 sunt
819 1726 882 1756 tibi
907 1732 1032 1765 portae
1055 1725 1191 1763 mortis,
1208 1732 1244 1756 et
1267 1732 1388 1766 portas
1412 1726 1557 1757 umbrae
1581 1726 1705 1756 mortis

393 1769 532 1800 videras
540 1768 575 1800 ?'’
591 1769 748 1808 (xxxviii.
764 1769 813 1806 16,
830 1777 868 1807 17
882 1769 904 1809 ς)

220 1844 339 1898 apud
362 1843 696 1897 Evangelzktas,

286 1921 306 1934 ‘⁴
314 1919 383 1961 Qui
399 1920 689 1951 scandalizaverit
705 1929 813 1951 unum
829 1930 1018 1960 parvorum
1033 1920 1182 1952 istorum
1196 1920 1414 1952 credentium
1429 1921 1464 1951 in
1480 1919 1551 1958 Me,
1562 1921 1706 1961 expedit

394 1964 427 1994 ei
445 1969 484 1994 ut
503 1964 741 2003 suspendatur
760 1963 856 1994 mola
873 1964 1030 1994 asinaria
1047 1964 1093 1995 ad
1114 1964 1243 1994 collum
1262 1963 1351 2004 ejus.
1371 1971 1406 1995 et
1424 1964 1650 2004 demergatur
1669 1965 1704 1995 in

392 2006 608 2047 profundum
626 2007 733 2038 maris
744 2006 762 2018 ’⁷
779 2007 921 2046 (Matth.
933 2007 1028 2038 xviii.
1039 2007 1060 2037 6
1073 2017 1081 2045 ;
1104 2008 1216 2038 Alarc.
1227 2008 1272 2038 ix.
1283 2015 1325 2046 42
1339 2017 1346 2045 ;
1369 2007 1451 2039 Luc.
1463 2008 1546 2039 xvii.
1558 2008 1591 2047 2)
1603 2017 1611 2045 ;

221 2087 268 2122 et
295 2081 400 2122 alibi
425 2081 543 2135 apud
569 2081 768 2130 eosdem,

295 2156 509 2194 Daemones,
523 2157 581 2197 qui
597 2157 804 2188 obsiderunt
820 2158 946 2195 virum,
960 2163 1133 2197 rogarunt
1147 2157 1270 2199 Jesum
1287 2164 1326 2189 ut
1342 2168 1415 2189 non
1432 2159 1618 2190 mandaret
1634 2158 1704 2190 illis

394 2200 431 2231 in
450 2201 619 2240 abyssum
639 2201 756 2237 abire;
781 2201 861 2232 ideo
881 2201 1042 2241 permisit
1060 2201 1129 2233 illis
1152 2202 1290 2242 ingredi
1310 2212 1438 2243 porcos
1462 2202 1557 2241 (Luc.
1569 2202 1639 2233 viii.
1653 2210 1705 2241 31,

394 2251 436 2282 33
450 2252 459 2281 ;
480 2244 611 2275 Matth.
626 2244 695 2275 viii.
710 2245 784 2283 32);

222 2324 269 2359 et
292 2318 337 2358 in
363 2319 653 2372 sequentibus
679 2319 723 2359 in
746 2318 1030 2372 Apocalypsi,

287 2401 307 2414 “
318 2399 439 2431 Bestia
453 2410 543 2440 quae
559 2401 718 2432 ascendit
734 2411 778 2432 ex
794 2402 926 2441 abysso
942 2408 978 2432 et
996 2401 1079 2433 fecit
1094 2402 1226 2433 bellum
1238 2402 1257 2414 ’'
1274 2403 1332 2442 (xi.
1348 2402 1400 2442 7);

287 2444 307 2457 “
317 2443 447 2526 Best8i32,
461 2453 565 2484 quam
582 2445 711 2482 vidisti,
729 2451 804 2475 erat
820 2452 855 2476 et
871 2454 944 2475 non
961 2452 1025 2483 est,
1041 2451 1078 2476 et
1093 2455 1287 2477 ascensura
1301 2453 1356 2478 est
1371 2457 1415 2478 ex
1431 2447 1562 2487 abysso
1572 2446 1591 2458 ”
1607 2446 1705 2487 (xvii.

288 2529 396 2561 “Vidi
408 2511 574 2570 angelum
588 2531 862 2562 descendentem
876 2541 896 2562 e
912 2531 1020 2569 caelo,
1033 2532 1092 2572 qui
1106 2532 1258 2563 habebat
1271 2533 1405 2564 clavem
1419 2534 1550 2574 abyssi,
1564 2540 1599 2565 et
1611 2541 1705 2565 cate·

394 2583 477 2604 nam
495 2583 662 2613 magnam
676 2584 782 2614 super
795 2584 903 2605 manu
916 2584 981 2605 sua
993 2584 1017 2611 ;.
1031 2599 1039 2606 .
1052 2599 1060 2606 .
1075 2582 1125 2607 ,et
1138 2576 1251 2607 vinxit
1263 2577 1453 2608 draconem
1468 2578 1563 2608 mille
1577 2587 1703 2614 annos.

394 2622 430 2648 et
445 2616 597 2656 conjecit
612 2627 693 2648 eum
711 2618 747 2648 in
764 2617 963 2657 abyssum”
979 2615 1085 2657 (ΜΗ.
1106 2619 1198 2659 1-3):

222 2702 267 2742 in
283 2701 352 2742 his
374 2701 484 2743 locis
501 2703 638 2743 etiam
657 2717 734 2756 per
755 2707 780 2723 “
793 2703 1005 2755 abyssum
1016 2703 1037 2718 ”
1053 2711 1099 2745 et
1117 2719 1196 2758 per
1215 2709 1240 2725 “
1253 2705 1517 2758 profundum
1536 2707 1670 2747 maris
1683 2707 1704 2720 ”

222 2763 498 2816 significatur
518 2765 736 2805 infernum
760 2766 832 2805 ubi
858 2773 904 2806 et
927 2766 1044 2807 unde
1065 2767 1176 2807 salsa
1198 2768 1330 2818 mali;
1362 2782 1421 2808 ex
1444 2781 1579 2808 causa
1600 2770 1703 2822 quia

222 2825 286 2866 illi
316 2826 512 2879 spiritus,
539 2828 614 2880 qui
644 2828 716 2875 ibi,
751 2828 855 2868 dum
887 2828 932 2867 in
963 2829 1131 2869 mundo
1162 2830 1373 2871 vixerunt
1405 2831 1624 2877 homines,
1658 2832 1701 2871 in

222 2888 343 2929 salsis
374 2889 479 2929 mali
509 2889 699 2939 suerunt,
727 2890 770 2930 in
802 2890 937 2931 fundo
967 2892 1083 2933 sicut
1108 2893 1294 2933 marium
1320 2901 1540 2947 apparent
1572 2894 1700 2934 habi·
