1962 3334
617 296 723 329 CAP.
746 297 828 337 xl„
851 296 989 329 VERs.
1013 287 1158 328 8.-Ν,
1179 285 1349 340 655[a].
1485 273 1488 276 “
1618 292 1725 338 1757

243 410 516 463 “suspensio
556 423 690 462 super
728 409 854 462 ligno
865 408 886 424 “
925 422 1017 450 seu·
1045 407 1314 449 “crucifixio
1328 406 1349 422 '’
1387 405 1556 448 indicta
1594 406 1726 447 fuerit

240 478 424 526 propter
444 470 799 512 destructionem
820 471 926 512 boni
951 472 995 511 in
1017 471 1224 518 ecclesia,
1248 477 1294 511 et
1317 470 1437 523 quod
1460 470 1521 509 sic
1545 482 1726 522 reprae-

242 535 490 575 sentaverit
512 534 680 574 malum
705 548 767 575 ex
793 547 946 574 amore
968 533 1186 580 infernali,
1209 547 1268 573 ex
1294 546 1382 586 quo
1404 531 1727 573 condemnatio

241 603 287 637 et
310 595 582 646 maledictio,
606 604 818 638 constare
839 603 995 651 potest
1014 604 1047 637 'a
1072 596 1365 650 sequentibus
1387 595 1499 636 locis
1515 593 1727 647 z--Apud

238 659 407 714 Mosen,

307 754 374 786 “Si
397 754 506 786 fuerit
523 755 616 786 filius
635 761 830 786 contumax
849 761 886 786 et
903 755 1059 792 rebellis,
1079 764 1152 786 non
1173 754 1347 785 obediens
1366 753 1447 784 voci
1468 752 1578 793 patris
1598 757 1635 783 et
1653 761 1730 783 ma-

414 798 506 836 tris„
521 823 528 830 .
541 823 549 830 .
564 799 790 839 .lapidabunt
814 808 896 830 eum
921 808 1048 830 omnes
1068 798 1137 829 viri
1161 798 1259 829 urbis
1282 797 1463 837 lapidibus
1486 802 1526 827 ut
1544 796 1728 827 moriatur.

420 867 452 875 ..
465 867 473 873 .
487 842 549 874 ‚Et
572 842 603 873 si
627 842 734 873 fuerit
758 842 795 873 in
821 842 900 872 viro
919 841 1055 872 crimen
1076 848 1112 872 et
1129 841 1301 882 judicium
1327 840 1450 871 mortis
1469 845 1505 871 et
1524 838 1728 875 occisionis,

413 886 614 926 suspendes
633 895 715 917 eum
740 895 847 925 super
870 885 993 925 ligno:
1018 894 1092 916 non
1112 883 1339 924 pernoctabit
1355 884 1509 914 cadaver
1524 882 1602 922 ejus
1621 891 1730 922 super

414 930 525 970 ligno,
540 930 604 960 sed
621 929 830 969 sepeliendo
847 929 1000 968 sepelies
1018 937 1099 959 eum
1117 929 1153 959 in
1170 928 1228 959 die
1245 928 1372 958 eodem
1387 936 1395 963 ;
1420 936 1504 957 nam
1522 923 1729 957 maledietio

415 972 482 1004 Dei
506 982 716 1054 spspensus,
740 980 776 1003 et
803 982 878 1003 non
903 972 1044 1012 polluas
1068 978 1201 1003 terram
1230 978 1330 1002 tuam
1341 970 1359 982 ’¹
1383 970 1519 1010 (Deutr.
1543 969 1615 1000 xxi.
1641 966 1728 1010 [18]

414 1024 520 1055 20—23
546 1028 554 1048 ;

240 1126 319 1166 per
343 1116 471 1154 “non
496 1113 679 1154 obedire
701 1113 800 1153 voci
826 1113 966 1166 patris
991 1119 1038 1154 et
1065 1113 1222 1152 matris
1235 1111 1254 1126 ’‘
1276 1112 1319 1152 in
1347 1124 1481 1152 sensu
1508 1109 1730 1164 spirituali

242 1175 521 1228 significatur
559 1177 711 1216 vivere
750 1182 911 1216 contra
954 1182 1199 1228 praecepta
1244 1181 1290 1215 et
1330 1187 1437 1214 vera
1481 1173 1728 1222 ecclesiae;

240 1251 377 1291 quare
402 1251 550 1291 poena
581 1237 871 1290 lapidationis
902 1238 942 1278 ei
972 1238 1079 1278 fuit:
1121 1238 1243 1277 “viri
1274 1236 1426 1276 urbis''
1449 1237 1523 1289 qui
1554 1235 1729 1288 lapida-

242 1300 354 1341 bunt
379 1313 495 1349 eum,
524 1300 780 1353 significant
811 1300 914 1341 illos
945 1301 1019 1354 qui
1050 1301 1094 1341 in
1121 1299 1325 1341 doctrina
1349 1299 1568 1340 ecclesiae
1594 1305 1728 1348 sunt;

244 1362 419 1403 “urbs”
455 1363 680 1416 significat
717 1361 994 1404 doctrinam:
1041 1364 1116 1403 “si
1155 1363 1285 1403 fuerit
1326 1363 1370 1403 in
1410 1363 1507 1402 viro
1543 1362 1728 1409 crimen,

236 1424 450 1477 judicium
472 1427 645 1473 mortis,
669 1427 918 1479 suspendes
939 1439 1041 1467 eum
1064 1425 1229 1479 ligno‚”
1252 1425 1475 1478 significat
1503 1425 1538 1464 si
1560 1423 1730 1464 malum

241 1487 396 1529 fecerit
427 1495 589 1529 contra
619 1489 787 1529 bonum
819 1489 960 1529 Verbi
997 1496 1043 1529 et
1076 1489 1311 1537 ecclesiae,
1344 1489 1388 1528 id
1426 1489 1529 1541 quia
1560 1488 1730 1527 crimen

242 1551 409 1595 mortis⁴
433 1558 545 1599 erat,
574 1552 925 1604 suspenderetur
951 1565 1084 1604 super
1115 1551 1254 1604 ligno,
1283 1564 1388 1591 nam
1417 1550 1660 1603 “lignum’‘
1684 1550 1730 1589 in

242 1612 398 1654 Verbo
437 1614 663 1667 significat
704 1615 887 1662 bonum,
929 1620 975 1654 et
1021 1615 1065 1654 in
1106 1615 1319 1667 opposito
1358 1627 1493 1654 sensu
1533 1612 1727 1653 malum:

245 1681 373 1717 “non
404 1675 689 1730 pernoctabit
722 1677 917 1717 cadaver
952 1676 1046 1729 ejus
1083 1690 1216 1729 super
1253 1676 1392 1729 ligno,
1426 1677 1506 1716 sed
1538 1676 1730 1728 sepelies

243 1752 345 1779 eum
383 1739 455 1779 die
492 1739 693 1787 eodem,”
729 1738 954 1792 significat
993 1753 1048 1779 ne
1087 1738 1248 1792 [esset]
1291 1739 1730 1792 repraesentativum

242 1802 548 1842 damnationis
570 1808 809 1842 aeternae:
847 1805 940 1842 “ne
975 1801 1154 1857 polluas
1180 1808 1348 1842 terram
1375 1801 1532 1842 tuam''
1558 1800 1729 1854 signifi-

243 1870 318 1905 cat
344 1864 464 1917 quod
489 1864 604 1905 foret
631 1863 849 1905 scandalo
875 1863 1109 1905 ecclesiae.
1171 1864 1224 1905 In
1258 1864 1460 1913 lerenis,

309 1959 449 1991 “Cutes
466 1966 615 1992 nostrae
634 1960 727 1991 sicut
743 1960 908 1991 clibanus
928 1960 1136 2000 denigratae
1155 1966 1240 1991 sunt
1257 1966 1401 2000 propter
1418 1960 1594 2001 procellas
1611 1959 1731 1991 famis,

415 2003 584 2034 mulieres
607 2003 644 2034 in
669 2003 783 2034 Zione
807 2011 1109 2043 compresserunt,
1130 2004 1289 2043 virgines
1314 2004 1350 2034 in
1373 2003 1522 2034 urbibus
1545 2003 1731 2044 Jehudae;

417 2047 599 2087 principes
613 2056 723 2077 manu
736 2056 860 2077 eorum
872 2047 1039 2087 suspensi
1054 2054 1146 2085 sunt,
1156 2047 1267 2078 facies
1281 2057 1407 2078 senum
1423 2057 1496 2077 non
1509 2047 1710 2077 honoratae
1722 2055 1731 2083 :

414 2089 567 2130 juvenes
591 2090 638 2121 ad
661 2090 870 2121 molendum
894 2090 1130 2129 abduxerunt,
1155 2097 1191 2122 et
1215 2091 1317 2131 pueri
1340 2091 1377 2122 in
1402 2091 1503 2131 ligno
1527 2096 1701 2121 corruunt
1711 2089 1732 2101 ”

415 2134 461 2173 (v.
482 2133 619 2172 10—13):

244 2244 323 2284 per
349 2230 607 2271 “Zionem”
633 2230 905 2283 intelligitur
930 2230 1123 2272 ecclesia
1144 2231 1370 2279 caelestis,
1398 2245 1512 2285 quae
1538 2232 1582 2272 in
1608 2232 1730 2272 bono

180 2320 182 2322 -
242 2294 408 2335 amoris
448 2294 493 2334 in
534 2293 778 2334 Dominum
820 2301 905 2342 est,
943 2307 1078 2347 quam
1118 2294 1357 2335 ecclesiam
1395 2308 1508 2347 gens
1543 2294 1731 2347 Judaica

243 2356 616 2410 repraesentabat
637 2371 646 2406 ;
684 2370 763 2409 per
791 2357 1026 2409 “virgines
1051 2358 1096 2397 in
1122 2357 1302 2398 urbibus
1325 2357 1563 2410 Jehudae”
1589 2358 1730 2410 signi-

244 2417 436 2459 ficantur
465 2417 727 2459 affefflones
760 2420 852 2459 veri
889 2433 948 2459 ex
985 2420 1105 2460 bono
1141 2421 1336 2470 amoris;
1377 2420 1497 2473 quod
1534 2434 1639 2460 vera
1670 2434 1730 2460 ex

245 2481 367 2522 bono
398 2482 611 2534 perierint
647 2495 726 2535 per
761 2481 874 2522 falsa
910 2495 969 2522 ex
1006 2482 1142 2531 malo,
1176 2482 1455 2535 significatur
1491 2497 1571 2536 per
1607 2482 1728 2536 quod

247 2544 509 2597 “principes
545 2557 680 2584 manu
717 2557 871 2584 eorum
908 2545 1112 2597 suspensi
1148 2546 1238 2585 sint
1257 2544 1291 2595 ;‘’
1332 2559 1411 2598 per
1450 2546 1621 2586 “facies
1658 2559 1730 2585 se-

247 2605 394 2653 num,‘’
417 2619 531 2659 quae
557 2619 647 2646 non
673 2606 940 2654 honoratae,
969 2606 1279 2658 significantur
1304 2607 1425 2647 bona
1450 2609 1729 2661 sapientiae3

245 2681 324 2721 per
343 2667 604 2720 “juvenes,”
621 2669 695 2721 qui
717 2667 898 2708 adducti
921 2669 977 2708 ad
1001 2668 1277 2717 molendum,
1297 2669 1607 2722 significantur
1623 2683 1732 2710 vera

244 2743 304 2770 ex
336 2729 471 2778 bono,
498 2737 544 2770 et
577 2744 655 2783 per
683 2730 890 2771 “molere
901 2730 921 2744 ”
947 2731 1225 2783 significatur
1250 2745 1512 2785 comparare
1538 2732 1651 2772 falsa
1682 2739 1729 2773 et

245 2791 510 2833 confirmare
540 2792 618 2833 illa
649 2807 708 2833 ex
741 2793 926 2843 Verbo;
964 2807 1043 2847 per
1070 2798 1270 2847 “pueros
1283 2794 1302 2808 ”
1328 2795 1401 2848 qui
1430 2794 1598 2847 “ligno
1629 2808 1729 2835 cor-

245 2860 378 2895 ruunt
393 2854 413 2869 ”
443 2854 753 2907 significantur
783 2855 903 2896 bona
939 2857 1174 2910 nascentia
1210 2858 1445 2910 pereuntia
1481 2871 1559 2910 per
1594 2857 1727 2897 mala.

246 2914 471 2969 Quoniam
493 2930 572 2970 per
596 2917 882 2971 “pistorem”
904 2917 1180 2971 significatur
1201 2919 1369 2960 bonum
1396 2920 1560 2960 amoris
1583 2919 1729 2962 simile
