1962 3334
217 395 365 434 quitur„
406 390 454 425 et
491 385 595 437 quia
632 385 1011 426 ratiocinationes
1046 399 1108 426 ex
1142 385 1336 426 fallaciis
1373 398 1465 426 non
1503 385 1625 438 prius
1658 386 1705 425 in

216 446 409 487 ecclesia
430 452 641 498 receptae
662 445 855 494 suerunt,
877 446 981 487 ideo
1002 447 1155 500 angeli
1176 447 1240 487 illi
1263 447 1474 487 dicuntur
1497 452 1521 466 ‘⁴
1535 444 1705 487 vinci?

214 508 272 548 ad
304 507 468 549 flumen
498 508 635 558 illud3
672 515 719 548 et
751 508 961 549 dicuntur
996 509 1261 562 “quatuor''
1292 523 1352 550 ex
1388 507 1704 561 conjunffione

214 571 313 612 falsi
338 584 439 612 cum
465 570 599 618 malo,
623 584 727 611 nam
754 571 825 611 hic
852 584 1061 612 numerus
1087 572 1132 612 in
1157 571 1313 613 Verbo
1338 571 1565 625 significat
1592 584 1703 612 con·

208 631 487 686 junctionem
525 633 631 674 boni
670 639 717 674 et
758 634 864 681 veri,
907 640 954 674 et
994 634 1039 674 in
1079 635 1293 687 opposito
1332 647 1481 682 sensu,
1523 640 1573 674 ut
1613 633 1701 682 hic,

213 694 579 747 conjunffionem
592 695 699 735 mali
713 701 760 735 et
777 694 878 734 salsi
895 705 1056 742 (fide-atur
1069 715 1175 744 supra.
1188 715 1219 735 n.
1236 696 1385 747 283[a]‚
1397 696 1492 747 384,
1506 705 1616 748 532).
1648 695 1702 735 In

212 756 587 808 praecedentibus
612 753 762 796 aetum
788 762 859 796 est
886 755 943 796 de
969 756 1167 796 sensuali
1193 757 1377 797 homine
1402 757 1476 810 qui
1507 757 1552 796 in
1577 756 1702 796 salsis

213 818 319 858 mali
356 825 442 866 est,
474 825 521 859 et
558 819 614 858 de
652 816 812 859 effectu
843 819 1185 871 persuasionum
1217 819 1260 859 in
1293 819 1452 872 quibus
1483 819 1703 860 sensualis

212 879 351 920 homo
375 887 472 931 est;
505 895 641 934 quare
666 881 710 921 in
737 894 853 921 nunc
876 882 1170 934 sequentibus
1195 883 1347 935 agitur
1373 882 1430 923 de
1455 883 1699 922 ratiocina-

212 942 336 983 tione
362 957 421 984 ex
447 943 668 983 sensuali:
706 950 752 984 et
778 944 882 996 quia
912 944 1120 984 sensuale
1153 944 1290 985 modo
1317 945 1614 985 ratiocinatur
1639 958 1699 985 ex

211 1004 377 1045 talibus
402 1019 516 1059 quae
542 1007 585 1046 in
617 1006 785 1046 mundo
810 1019 963 1046 coram
988 1006 1193 1047 sensibus
1219 1013 1425 1055 exstant,
1452 1007 1697 1047 ratiocina-

211 1073 285 1107 tur
309 1081 367 1108 ex
398 1067 600 1116 fallaciis,
627 1082 742 1122 quae
767 1075 989 1109 vocantur
1019 1069 1223 1110 fallaciae
1255 1083 1481 1118 sensuum,
1508 1082 1610 1110 cum
1641 1069 1700 1110 de

211 1129 528 1182 spiritualibus,
567 1130 653 1171 hoc
693 1138 778 1179 est,
811 1131 868 1172 de
908 1131 1041 1172 rebus
1081 1131 1195 1172 caeli
1226 1140 1273 1173 et
1305 1132 1552 1182 ecclesiae3
1594 1132 1699 1173 ideo

210 1191 374 1232 dicitur
397 1193 685 1234 ratiocinatio
711 1207 770 1234 ex
800 1194 988 1234 fallaciis
1020 1208 1135 1248 quae
1161 1195 1357 1235 sensuali
1382 1194 1578 1235 homini:
1618 1195 1698 1235 sed

210 1254 268 1294 de
306 1253 493 1296 fallaciis
532 1255 634 1304 illis,
676 1263 723 1297 et
763 1257 820 1297 de
859 1257 1205 1298 ratiocinatione
1246 1271 1306 1298 ex
1342 1257 1444 1305 illis,
1486 1257 1614 1310 plura
1652 1258 1698 1297 in

209 1317 502 1370 sequentibus
537 1319 755 1359 dicentur.
819 1318 987 1372 Agitur
1023 1319 1095 1360 hic
1137 1320 1194 1360 de
1235 1327 1361 1361 statu
1396 1320 1616 1360 ecclesiae
1652 1321 1697 1360 in

209 1379 308 1431 ipso
342 1378 430 1420 fine
467 1380 574 1433 ejus,
612 1382 686 1434 qui
722 1388 871 1422 status
907 1388 978 1422 est
1014 1382 1197 1435 quando
1233 1382 1440 1423 homines
1476 1382 1697 1423 ecclesiae

209 1442 440 1483 sensuales
466 1441 569 1484 facti
594 1444 923 1484 ratiocinantur
952 1458 1012 1485 ex
1042 1444 1231 1485 fallaciis
1262 1458 1488 1492 sensuum,
1516 1452 1563 1485 et
1595 1458 1696 1485 cum

214 1517 274 1544 ex
308 1504 396 1545 illis
436 1506 764 1547 ratiocinantur
803 1507 860 1547 de
901 1507 1033 1547 rebus
1075 1507 1188 1547 caeli
1225 1514 1271 1547 et
1313 1507 1546 1555 ecclesiae,
1588 1515 1696 1549 tunc

209 1566 343 1620 plane
369 1568 478 1608 nihil
511 1569 699 1610 credunt
731 1570 834 1622 quia
865 1570 975 1610 nihil
1000 1570 1278 1622 intelligunt.
1342 1570 1515 1610 Notum
1546 1579 1616 1611 est
1649 1573 1693 1612 in

208 1629 400 1670 ecclesia
425 1631 545 1684 quod
571 1632 788 1672 naturalis
814 1631 952 1672 horno
977 1645 1068 1672 non
1090 1633 1310 1685 percipiat
1336 1632 1413 1672 illa
1440 1647 1554 1686 quae
1581 1634 1695 1674 caeli

209 1698 328 1739 sunt,
361 1693 444 1733 nisi
471 1693 690 1734 Dominus
721 1694 876 1734 influat
908 1701 955 1735 et
986 1694 1200 1742 illustret,
1228 1695 1349 1747 quod
1381 1694 1431 1735 fit
1462 1709 1541 1748 per
1566 1698 1696 1750 spiri-

209 1753 379 1795 tualem
410 1755 669 1806 hominem;
711 1758 856 1797 minus
894 1757 1040 1798 adhuc
1080 1758 1299 1798 sensualis
1335 1757 1487 1807 homo,
1520 1761 1624 1812 quia
1658 1761 1695 1801 is

207 1823 279 1857 est
300 1816 483 1858 ultimus
510 1819 741 1867 naturalis,
766 1821 835 1860 cui
862 1819 940 1860 illa
964 1834 1079 1873 quae
1105 1820 1218 1860 caeli
1245 1827 1365 1868 sunt,
1389 1834 1504 1874 quae
1526 1836 1695 1863 vocan-

207 1885 281 1919 tur
310 1881 572 1933 spiritualia,
606 1895 786 1934 prorsus
818 1883 862 1922 in
899 1882 1094 1935 caligine
1131 1890 1250 1923 sunt.
1313 1882 1518 1924 Genuina
1554 1887 1693 1926 ratio·-

207 1943 323 1982 cinia
340 1943 395 1983 de
414 1945 719 1996 spiritualibus
733 1945 939 1985 existunt
954 1958 1014 1985 ex
1032 1944 1202 1985 influxu
1220 1945 1333 1985 caeli
1351 1946 1395 1985 in
1413 1947 1694 1999 spiritualem

206 2003 451 2054 hominem,
479 2012 525 2046 et
551 2007 655 2047 inde
682 2020 759 2059 per
784 2007 1054 2047 rationalem
1084 2008 1128 2047 in
1154 2008 1368 2048 scientias
1394 2015 1440 2049 et
1467 2011 1694 2062 cognitio·-

206 2080 287 2108 nes
327 2082 441 2121 quae
481 2076 587 2109 sunt
628 2070 672 2109 in
714 2069 907 2109 naturali
948 2070 1145 2118 homine,
1183 2084 1262 2123 per
1301 2085 1412 2124 quas
1449 2073 1693 2125 spiritualis

207 2129 345 2170 homo
370 2144 417 2171 se
443 2130 706 2181 confirmat;
744 2131 856 2172 haec
882 2132 955 2172 via
979 2133 1279 2173 ratiocinandi
1305 2134 1362 2174 de
1386 2135 1692 2187 spiritualibus

207 2197 278 2232 est
309 2194 555 2234 secundum
588 2195 804 2235 ordinem.
867 2194 1261 2236 Ratiocinationes
1292 2204 1445 2237 autem
1477 2198 1533 2238 de
1564 2200 1692 2252 spiri-

207 2254 403 2295 tualibus
429 2269 543 2309 quae
568 2256 680 2297 fiunt
710 2271 769 2297 ex
796 2257 989 2298 naturali
1016 2258 1212 2307 homine,
1239 2266 1286 2299 et
1313 2259 1412 2312 plus
1438 2274 1552 2313 quae
1578 2261 1690 2302 fiunt

206 2330 267 2357 ex
303 2319 498 2359 sensuali
535 2319 732 2368 homine,
766 2327 871 2360 sunt
909 2334 1089 2373 prorsus
1120 2328 1280 2362 contra
1310 2323 1540 2373 ordinem;
1587 2337 1691 2365 nam

206 2381 423 2421 naturalis
455 2382 606 2430 homo,
634 2390 680 2423 et
713 2384 857 2423 minus
889 2383 1108 2424 sensualis
1140 2384 1291 2433 homo,
1319 2399 1410 2426 non
1437 2394 1591 2439 potest
1623 2389 1691 2427 in-

205 2440 341 2482 fluere
362 2443 405 2481 in
431 2443 729 2495 spiritualem,
756 2450 802 2483 et
834 2457 892 2484 ex
923 2457 971 2484 se
996 2444 1166 2498 aliquid
1196 2446 1256 2485 ibi
1281 2447 1450 2494 videre,
1476 2449 1692 2500 quoniam

206 2515 296 2543 non
322 2504 456 2545 datur
480 2505 675 2546 influxus
701 2507 942 2559 physicus;
978 2507 1058 2547 sed
1089 2508 1334 2560 spiritualis
1364 2509 1504 2550 homo
1534 2517 1691 2563 potest

204 2565 388 2607 influere
409 2568 453 2607 in
476 2568 745 2617 naturalem,
765 2575 811 2609 et
833 2569 936 2609 inde
958 2569 1002 2609 in
1024 2570 1298 2619 sensualem,
1317 2572 1531 2624 quoniam
1554 2573 1690 2613 datur

205 2629 401 2670 influxus
431 2631 693 2684 SPll'ituallS.
753 2643 831 2679 (Sed
854 2643 894 2671 de
917 2643 977 2672 hac
996 2652 1029 2672 re
1052 2644 1219 2673 vidoentur
1237 2645 1329 2682 plura
1351 2646 1383 2673 in
1410 2646 1564 2674 Doarimz
1584 2647 1694 2675 Ᾱῖῑιιε

205 2699 447 2737 Hisrosolymae,
463 2709 555 2737 n.51‚
572 2710 639 2737 277.
657 2703 740 2738 278.)
798 2690 873 2731 Ex
899 2691 968 2731 his
990 2692 1130 2732 videri
1152 2700 1308 2745 potest
1330 2694 1436 2747 quid
1458 2707 1538 2747 per
1560 2695 1688 2743 haec,

205 2764 321 2804 quae
342 2764 458 2792 nunc
482 2759 744 2805 sequuntur,
767 2753 1052 2806 intelligitur,
1076 2768 1239 2808 nempe
1264 2756 1385 2809 quod
1412 2757 1455 2796 in
1478 2758 1576 2809 ipso
1602 2756 1690 2797 fine

205 2813 426 2854 ecclesiae
465 2813 603 2855 homo
641 2816 697 2855 de
733 2815 1058 2868 spiritualibus,
1099 2830 1177 2857 seu
1216 2818 1272 2858 de
1315 2818 1448 2858 rebus
1487 2819 1603 2859 caeli
1641 2827 1688 2860 et

205 2875 440 2925 ecclesiae,
463 2876 674 2930 loquatur
695 2885 741 2918 et
763 2878 1061 2919 ratiocinetur
1082 2893 1141 2919 ex
1164 2880 1362 2921 sensuali
1384 2894 1621 2934 corporeo,
1640 2888 1687 2922 et

0 203 41 358 ξ,
583 273 692 306 CAP.
714 274 796 315 1x.‚
818 273 957 307 VERs.
984 274 1153 317 ¹4-N·
1179 226 1345 320 569[‹i].
1437 284 1444 289 ·
1600 277 1709 319 1419

0 362 16 540 ξ

0 589 13 663 ἱ
