1962 3334
263 292 370 336 1470
671 292 1004 326 APOCALYPSIS
1036 294 1334 326 EXPLICATA.

258 404 428 445 fluxum
471 404 785 458 spiritualem:
821 405 974 454 verbo,
1012 406 1234 447 rationale
1275 412 1344 447 est
1390 407 1585 447 medium
1626 407 1743 448 inter

255 467 487 521 spirituale
520 474 566 509 et
599 467 832 519 naturale;
871 482 922 509 ac
955 469 1202 522 spirituale,
1236 469 1355 522 quod
1388 476 1642 522 regenerat,
1675 471 1742 511 in-

258 530 353 571 fluit
393 544 471 584 per
507 530 729 571 rationale
770 532 814 571 in
855 531 1075 581 naturale,
1118 538 1164 573 et
1205 531 1290 573 hoc
1332 533 1394 573 sic
1435 539 1740 585 regeneratur.

256 593 395 647 Apud
421 594 589 642 Mosen,

321 690 339 704 ‘¹
351 689 708 773 Benedic,nJeh‹))vah,
727 690 847 721 robori
866 689 954 730 ejus,
969 696 1004 722 et
1021 700 1111 731 opus
1129 700 1301 722 manuum
1319 690 1397 731 ejus
1416 696 1563 731 accepta
1573 690 1591 702 '¹
1608 690 1743 730 (Deutr.

428 743 548 765 XXXIII.
569 741 605 764 ΙΙ
634 745 639 765 :

253 838 366 879 haec
400 838 456 879 de
490 837 615 887 Levi,
644 852 723 892 per
753 852 886 892 quem
912 838 1191 892 significatur
1222 839 1390 879 bonum
1422 838 1672 888 charitatis,
1696 845 1742 880 et

258 902 303 941 in
335 914 545 954 supremo
577 915 710 942 sensu
745 902 965 943 Dominus
997 903 1145 956 quoad
1177 902 1220 942 id
1253 903 1448 953 bonum;
1484 902 1744 943 reformatio

255 978 335 1017 per
359 964 403 1004 id
430 963 700 1017 intelligitur
726 979 804 1018 per
832 969 982 1018 “opus
1008 978 1220 1005 manuum
1247 964 1378 1017 ejus.”

334 1036 471 1090 586.
501 1037 582 1078 “vt
607 1049 684 1077 non
714 1038 939 1077 adorarent
960 1036 1407 1090 daemonia.''—Quod
1438 1036 1664 1090 significet
1695 1050 1746 1077 ne

257 1097 443 1139 colerent
458 1105 655 1139 suasmet
668 1099 945 1151 cupiditates,
966 1105 1148 1140 constat
1169 1113 1227 1140 ex
1246 1098 1575 1152 significatione
1597 1098 1744 1139 “ado-

254 1161 393 1210 rare,''
411 1162 530 1214 quod
548 1162 605 1202 sit
625 1161 773 1202 colere
792 1176 800 1211 ;
834 1168 879 1202 et
898 1176 957 1202 ex
976 1161 1306 1214 significatione
1328 1165 1352 1181 ‘⁴
1365 1160 1744 1207 daemoniorum‚”

254 1224 375 1278 quod
391 1225 481 1265 sint
500 1224 646 1265 malae
664 1225 952 1278 cupiditates.
1015 1224 1149 1277 Quod
1167 1229 1191 1244 “
1205 1224 1475 1265 daemonia'’
1490 1225 1579 1265 sint
1598 1223 1753 1265 malae

255 1287 544 1341 cupiditates,
570 1294 639 1328 est
663 1289 765 1341 quia
788 1301 866 1340 per
893 1287 1202 1328 “daemonia'’
1225 1287 1542 1340 intelliguntur
1564 1287 1744 1340 spiritus

253 1349 508 1398 infernales,
538 1356 583 1391 et
611 1363 768 1391 omnes
795 1351 976 1403 spiritus
1004 1351 1076 1404 qui
1108 1351 1151 1390 in
1184 1350 1365 1390 infernis
1392 1356 1496 1390 sunt
1523 1363 1613 1390 non
1640 1356 1743 1390 sunt

255 1413 338 1453 nisi
365 1425 499 1466 quam
526 1412 672 1453 malae
699 1414 1002 1466 cupiditates;
1041 1426 1197 1454 omnes
1230 1413 1348 1453 enim
1381 1413 1563 1466 spiritus
1596 1413 1668 1466 qui
1700 1413 1744 1453 in

253 1475 435 1516 infernis
468 1482 587 1524 sunt,
621 1476 832 1516 similiter
863 1490 914 1516 ac
948 1489 1108 1516 omnes
1141 1475 1292 1528 angeli
1323 1476 1397 1528 qui
1428 1475 1472 1515 in
1504 1475 1656 1523 caelis,
1684 1489 1743 1515 ex

253 1537 453 1579 humano
485 1551 652 1591 genere
684 1546 816 1589 sunt;
860 1545 906 1580 et
939 1540 1125 1592 quisque
1157 1538 1294 1578 homo
1331 1545 1435 1591 post
1468 1544 1662 1579 mortem
1694 1537 1743 1579 fit

256 1601 400 1654 qualis
427 1600 518 1653 ejus
541 1602 636 1642 vita
662 1602 705 1641 in
730 1602 899 1642 mundo
924 1601 1020 1650 suit,
1046 1602 1234 1655 proinde
1256 1601 1400 1654 qualis
1422 1600 1514 1653 ejus
1540 1599 1743 1650 affectio;

254 1664 320 1704 ita
352 1678 531 1717 prorsus
564 1671 612 1705 ut
645 1664 783 1705 homo
816 1672 919 1718 post
953 1672 1146 1705 mortem
1180 1665 1238 1705 sit
1271 1678 1350 1705 sua
1382 1662 1573 1712 affectio,
1607 1663 1744 1704 homo

253 1727 399 1767 bonus
431 1725 608 1768 affectio
639 1728 744 1768 boni
776 1735 823 1769 et
855 1729 961 1776 veri,
995 1741 1046 1768 ac
1085 1728 1222 1768 homo
1255 1727 1398 1768 malus
1431 1725 1607 1768 affectio
1639 1726 1745 1767 mali

254 1796 301 1830 et
324 1789 447 1830 falsi:
482 1791 667 1843 quisque
691 1798 794 1844 post
819 1798 1013 1832 mortem
1032 1792 1170 1832 etiam
1194 1791 1385 1843 cogitat,
1410 1790 1522 1839 vult,
1547 1789 1744 1843 loquitur

256 1859 302 1893 et
344 1853 448 1893 facit
491 1854 738 1894 secundum
782 1867 908 1894 suam
949 1852 1246 1895 affectionem.
1308 1851 1505 1894 Affectio
1547 1852 1653 1893 mali
1698 1859 1744 1893 et

253 1915 351 1956 falsi
384 1923 454 1956 est
487 1931 600 1970 quae
632 1923 822 1958 vocatur
853 1917 1092 1970 cupiditas,
1127 1924 1172 1957 et
1210 1930 1323 1969 quae
1355 1915 1634 1969 significatur
1665 1928 1745 1968 per

257 1978 620 2020 “daemonium.''
682 1979 800 2032 Quid
832 1986 985 2020 autem
1011 1980 1281 2032 intelligitur
1312 1992 1390 2032 per
1418 1977 1604 2019 “colere
1636 1978 1743 2018 dae-

255 2041 436 2082 monia’'
468 2043 607 2083 etiam
642 2043 796 2096 paucis
828 2043 1015 2084 dicetur.
1077 2042 1396 2095 Unusquisque
1427 2040 1566 2081 homo
1599 2047 1668 2081 est
1701 2041 1744 2081 in

255 2106 486 2145 consortio
509 2118 610 2146 cum
629 2107 858 2159 spiritibus
877 2120 886 2156 ;
921 2106 1090 2159 absque
1106 2104 1337 2150 consortio
1359 2110 1405 2144 et
1429 2101 1744 2156 conjunctione

256 2181 357 2208 cum
389 2168 476 2208 illis
504 2182 638 2209 nemo
666 2175 821 2222 potest
849 2169 1026 2218 vivere;
1065 2181 1115 2208 ac
1149 2167 1266 2208 tales
1298 2166 1479 2219 spiritus
1511 2166 1630 2219 apud
1662 2165 1744 2206 ho-

256 2233 422 2272 minem
450 2239 568 2280 sunt,
597 2232 752 2285 quales
786 2231 879 2284 ejus
910 2229 1170 2272 affectiones
1202 2244 1279 2270 seu
1305 2229 1579 2282 cupiditates
1611 2234 1743 2278 sunt;

255 2301 531 2348 quapropter
548 2295 730 2348 quando
745 2295 883 2335 horno
905 2296 949 2335 in
969 2294 1093 2335 cultu
1112 2307 1202 2334 non
1221 2291 1398 2346 spectat
1417 2291 1473 2332 ad
1499 2291 1743 2332 Dominum

255 2371 337 2398 nec
365 2357 421 2397 ad
449 2359 719 2410 proximum,
749 2358 829 2398 sed
855 2358 912 2398 ad
939 2363 1084 2398 semet
1117 2363 1162 2397 et
1196 2356 1252 2396 ad
1279 2355 1509 2403 mundum,
1538 2354 1623 2395 hoc
1657 2360 1742 2402 est,

255 2420 436 2473 quando
463 2420 571 2461 colit
600 2419 747 2461 Deum
773 2421 832 2461 ob
857 2419 992 2461 finem
1018 2420 1163 2460 solum
1190 2425 1238 2459 ut
1266 2418 1484 2459 evehatur
1510 2417 1566 2457 ad
1598 2417 1744 2457 hono-

256 2497 326 2523 res
359 2490 404 2523 et
444 2483 641 2524 lucretur
673 2497 796 2537 opes,
831 2497 909 2524 seu
946 2489 994 2523 ut
1033 2483 1175 2536 possit
1209 2482 1375 2522 damno
1407 2480 1584 2521 afficere
1616 2479 1743 2527 alios,

256 2553 363 2588 tunc
387 2547 495 2587 colit
519 2547 758 2587 daemonia
779 2561 787 2596 ;
820 2559 925 2586 nam
948 2552 1054 2587 tunc
1081 2545 1301 2586 Dominus
1326 2545 1369 2584 in
1392 2543 1516 2584 cultu
1539 2542 1631 2596 ejus
1654 2555 1744 2583 non

256 2623 469 2663 praesens
492 2616 576 2658 est,
601 2610 680 2650 sed
707 2610 888 2662 spiritus
911 2607 1163 2656 infernales,
1188 2608 1261 2660 qui
1287 2608 1325 2647 ei
1352 2607 1600 2647 consociati
1623 2612 1742 2654 sunt,

256 2679 519 2726 praesentes
546 2679 675 2713 sunt:
711 2672 828 2725 apud
856 2671 940 2712 hos
966 2671 1146 2724 spiritus
1173 2671 1311 2710 etiam
1335 2669 1439 2710 talis
1465 2669 1648 2710 vesania
1674 2674 1744 2708 est

257 2742 306 2776 ut
339 2736 422 2788 ipsi
447 2735 636 2776 credant
665 2749 711 2775 se
745 2735 853 2775 deos
881 2748 994 2783 esse,
1028 2741 1074 2775 et
1107 2733 1220 2783 coli;
1260 2733 1445 2786 quisque
1471 2732 1590 2773 enim
1617 2732 1743 2784 spiri-

257 2806 344 2846 tus,
379 2799 493 2839 sicut
521 2798 706 2851 quisque
733 2797 885 2845 homo,
914 2797 987 2850 qui
1018 2796 1061 2836 in
1094 2809 1247 2836 amore
1273 2795 1338 2835 sui
1370 2801 1455 2842 est,
1483 2794 1625 2834 ambit
1658 2792 1745 2834 coli

258 2863 374 2903 sicut
413 2862 562 2911 Deus;
604 2861 707 2901 inde
745 2867 815 2901 est
854 2860 973 2914 quod
1011 2859 1115 2900 talis
1146 2872 1314 2899 vesana
1350 2858 1512 2911 cupido
1543 2856 1740 2898 resideat

258 2925 376 2978 apud
408 2924 612 2965 homines
640 2929 742 2976 post
771 2929 978 2972 mortem,
1002 2921 1183 2976 quando
1209 2920 1319 2962 fiunt
1346 2920 1525 2974 spiritus
1552 2919 1739 2960 daemo-
