1962 3334
314 283 419 327 1592
724 284 1058 318 APOCALYPSIS
1089 287 1388 319 EXPLICATA.

309 410 388 450 per
420 397 544 437 illum
577 396 719 446 factis,
755 412 834 450 per
870 412 984 452 quae
1023 400 1174 440 omnia
1206 399 1517 452 significantur
1548 400 1658 442 talia
1690 415 1803 455 quae

309 459 460 500 Divini
494 460 603 501 Veri
641 474 719 501 seu
752 461 894 502 Verbi
932 468 1063 502 sunt:
1110 469 1155 503 et
1194 464 1296 516 quia
1325 463 1560 516 Johannes
1594 464 1804 517 Baptista

309 522 515 563 similiter
552 525 927 576 repraesentabat
970 525 1216 566 Dominum
1255 526 1404 579 quoad
1443 525 1662 575 Verbum,
1701 526 1804 567 ideo

308 584 384 626 ille
411 584 555 626 dictus
582 586 661 627 fuit
690 586 840 638 Elias;
875 593 924 628 ut
950 587 1136 629 constat
1162 589 1281 642 apud
1307 588 1598 638 Malaclziam,

375 682 394 696 ‘⁶
407 681 460 713 En
483 681 559 722 Ego
580 683 684 714 mitto
704 683 808 714 vobis
830 682 946 714 Eliam
967 684 1190 724 prophetam,
1211 690 1405 725 antequam
1427 684 1527 716 venit
1550 684 1626 716 dies
1645 684 1805 726 Jehovae

484 735 636 765 magnus
655 732 690 757 et
707 727 887 764 terribilis,
906 733 941 758 et
958 733 1144 759 convertet
1162 738 1223 759 cor
1240 734 1381 768 patrum
1400 728 1445 759 ad
1463 728 1565 765 filios,
1579 734 1615 759 et
1634 738 1697 759 cor
1714 727 1803 759 filio-

484 779 562 800 rum
583 770 627 800 ad
649 776 779 810 patres,
801 781 845 802 ne
866 771 1011 802 veniam
1032 777 1067 802 et
1087 771 1282 811 percutiam
1308 777 1440 803 terram
1460 771 1721 803 anathemate”
1742 771 1803 812 (iii.

485 821 535 852 23,
555 822 596 852 24
619 811 678 855 [B.
695 815 739 845 Α.
758 814 805 845 iv.
826 822 853 853 5,
868 812 942 855 6]):

309 897 356 932 et
382 904 559 944 quoque
585 897 742 944 aperte
769 891 934 932 dicitur

383 974 487 1015 Quod
507 974 693 1057 Joha)nnes
716 974 812 1006 Elias
833 974 941 1006 fuerit
961 974 1105 1015 (Maltlz.
1126 976 1172 1008 xi.
1194 984 1254 1015 14;
1279 985 1354 1016 cap.
1372 976 1455 1008 xvii.
1476 984 1601 1008 10-12:
1627 976 1739 1008 Marc.
1758 976 1804 1008 ix.

487 1027 592 1057 11—13
619 1028 626 1057 ;

310 1119 401 1146 non
439 1107 559 1160 quod
597 1106 727 1147 fuerit
766 1106 906 1155 Elias,
947 1107 1027 1148 sed
1065 1107 1187 1161 quod
1219 1108 1628 1161 repraesentaverit
1660 1107 1804 1148 simile

311 1169 431 1224 quod
459 1170 599 1218 Elias,
629 1183 790 1224 nempe
818 1170 1048 1211 Verbum:
1089 1178 1135 1212 et
1162 1171 1264 1224 quia
1291 1171 1494 1211 Verbum
1521 1171 1657 1211 docet
1684 1170 1804 1224 quod

310 1233 534 1274 Dominus
565 1234 608 1273 in
637 1234 852 1274 mundum
880 1239 1098 1274 venturus
1130 1234 1202 1282 sit,
1232 1240 1278 1274 et
1311 1248 1488 1287 quoque
1519 1234 1563 1274 in
1595 1233 1803 1274 omnibus

310 1303 357 1338 et
384 1297 573 1349 singulis
606 1297 649 1336 in
676 1310 811 1337 sensu
837 1297 998 1337 intimo
1023 1297 1119 1350 agit
1153 1297 1208 1338 de
1236 1297 1449 1345 Domino,
1478 1297 1580 1337 ideo

386 1394 610 1426 Praemissus
631 1401 685 1426 est
705 1394 891 1436 Johannes
911 1401 949 1426 ut
968 1395 1112 1426 doceret
1138 1395 1219 1426 illos
1245 1395 1340 1436 quod
1363 1395 1542 1426 Dominus
1563 1400 1734 1426 venturus
1759 1394 1807 1426 sit

485 1438 661 1477 (videatur
681 1439 809 1470 Mattlz.
830 1439 875 1470 xi.
893 1449 923 1479 9,
945 1447 1002 1471 10:
1027 1439 1112 1470 Luc.
1132 1438 1152 1470 i.
1175 1439 1236 1477 76;
1261 1448 1336 1479 cap.
1355 1439 1413 1470 vii.
1433 1438 1497 1479 26).

310 1531 385 1572 Ex
412 1531 481 1571 his
511 1544 627 1571 nunc
656 1537 866 1571 constare
899 1537 1054 1584 potest
1087 1531 1205 1572 unde
1238 1537 1308 1572 est
1335 1530 1456 1584 quod
1489 1530 1710 1571 Dominus
1736 1529 1803 1570 di-

311 1600 440 1635 catur
467 1594 710 1648 Propheta,
740 1607 918 1648 nempe,

384 1684 478 1725 Quia
498 1683 580 1724 Ipse
601 1689 678 1715 erat
697 1683 867 1722 Verbum,
889 1683 957 1714 hoc
982 1689 1046 1721 est,
1069 1683 1187 1723 ipsum
1213 1683 1387 1715 Divinum
1407 1683 1541 1716 Verum
1567 1682 1618 1723 (ut
1638 1689 1805 1715 constare

485 1734 605 1768 potest
623 1738 667 1759 ex
687 1727 859 1770 Jolzanne,
878 1737 956 1768 cap.
974 1727 995 1759 i.
1015 1737 1106 1759 vers.
1128 1736 1154 1766 1,
1171 1735 1199 1766 2,
1221 1727 1282 1768 14).

312 1822 447 1876 Quod
494 1823 715 1863 Dominus
759 1823 936 1863 dicatur
979 1822 1250 1876 “Propheta
1265 1822 1284 1838 ’'
1321 1822 1423 1876 quia
1463 1822 1543 1863 fuit
1584 1821 1802 1871 Verbum,

310 1893 495 1928 constat
522 1887 640 1940 apud
665 1886 835 1935 Mosen,

377 1977 624 2051 “Prophckzltzgn
642 1987 661 2008 e
679 1976 881 2051 medioliffl³
899 1986 918 2007 e
938 1976 1108 2051 {gattiribus
1126 1976 1319 2051 mis'dSi'gm
1339 1986 1408 2050 me}3
1425 1975 1596 2026 excitabit
1617 1975 1688 2050 tibiI
1697 1975 1805 2026 Je.h⁰‘

693 2026 776 2052 tuus
845 2030 900 2051 uic
920 2030 942 2051 0
969 2030 988 2051 e
1016 2026 1198 2052 ietisz....
1231 2030 1252 2051 a
1279 2030 1301 2050 0
1321 2030 1384 2051 ver
1411 2029 1432 2050 a
1451 2029 1533 2051 mea
1553 2029 1588 2051 m
1610 2029 1650 2050 os
1717 2029 1792 2051 sius

484 2031 529 2095 ἕξ
542 2030 708 2105 Ιοφῗέῑδυτ
727 2045 862 2096 λό’νοε
887 2073 995 2095 omne
1015 2064 1109 2104 quod
1135 2073 1350 2104 praecepero
1378 2063 1451 2103 Ipsi
1466 2075 1491 2095 2.
1505 2088 1513 2095 .
1527 2088 1535 2095 .
1549 2063 1620 2095 .vir
1643 2029 1715 2104 qui³
1728 2045 1803 2094 nori

485 2108 684 2139 obediverit
704 2107 824 2139 verbis
846 2108 946 2145 meis,
968 2117 1058 2148 quae
1078 2107 1244 2148 loquetur
1265 2107 1301 2138 in
1322 2107 1468 2138 nomine
1489 2117 1581 2145 meo,
1602 2106 1678 2147 Ego
1699 2117 1805 2147 quae-

484 2162 560 2183 ram
582 2162 603 2183 a
620 2161 700 2183 cum
722 2151 783 2182 illo
797 2150 813 2162 ”
829 2151 963 2191 (Deutr.
982 2151 1079 2182 xviii.
1099 2149 1255 2191 [¹115-19)
1271 2162 1277 2183 :

309 2245 429 2300 quod
456 2246 632 2286 dicatur
657 2245 777 2299 quod
805 2244 1047 2298 “Jehovah
1072 2245 1355 2285 excitaturus
1385 2243 1660 2296 Prophetam
1688 2244 1803 2284 sicut

309 2308 511 2357 Mosen,”
539 2314 635 2349 erat
668 2309 770 2361 quia
803 2308 957 2349 Moses
988 2307 1350 2360 repraesentavit
1378 2306 1624 2346 Dominum
1651 2307 1802 2360 quoad

308 2371 498 2424 Legem,
538 2371 624 2411 hoc
667 2377 751 2418 est,
792 2370 941 2424 quoad
980 2370 1198 2419 Verbum,
1238 2376 1287 2410 ut
1324 2383 1458 2422 supra
1493 2367 1666 2410 dietum
1703 2375 1801 2420 est;

308 2448 445 2488 quare
472 2435 611 2475 etiam
638 2434 694 2474 de
722 2434 852 2474 Mose
880 2434 1043 2474 dicitur

382 2529 488 2571 Quod
505 2529 668 2570 Jehovah
686 2539 765 2560 cum
785 2529 846 2560 illo
863 2529 1003 2560 locutus
1021 2529 1068 2560 sit
1085 2539 1147 2560 ore
1164 2529 1209 2560 ad
1228 2539 1280 2565 os,
1298 2534 1333 2560 et
1351 2538 1424 2559 non
1443 2528 1536 2560 sicut
1552 2538 1631 2560 cum
1650 2528 1804 2569 prophe-

483 2573 528 2604 tis
546 2573 624 2604 aliis
643 2583 706 2613 per
725 2573 895 2611 visiones,
914 2573 1058 2604 somnia
1075 2579 1110 2604 et
1126 2573 1335 2613 aenigmata
1351 2572 1477 2612 (Num.
1495 2572 1554 2604 xii.
1576 2573 1650 2612 1-8)
1665 2582 1671 2611 ;

307 2683 387 2723 per
412 2682 526 2722 quae
553 2669 691 2709 etiam
718 2668 1156 2722 repraesentativum
1185 2668 1368 2708 Domini
1394 2667 1512 2720 apud
1537 2667 1698 2708 Mosen
1722 2667 1801 2708 de-

307 2732 541 2782 scribitur;
587 2731 807 2771 Dominus
847 2732 966 2772 enim
1004 2745 1063 2771 ex
1093 2730 1314 2784 Jehovah,
1358 2730 1445 2771 hoc
1485 2736 1570 2779 est,
1605 2744 1664 2771 ex
1702 2731 1800 2783 ipso

308 2795 474 2836 Divino
507 2795 626 2848 quod
659 2795 702 2834 in
737 2794 842 2847 Ipso
874 2809 934 2835 ex
967 2794 1269 2847 conceptione
1300 2793 1395 2842 fuit,
1425 2792 1587 2834 Secum
1621 2792 1800 2833 locutus

307 2864 403 2899 est:
445 2857 531 2898 hoc
559 2857 831 2909 intelligitur
863 2871 941 2910 per
974 2857 1147 2898 “Dabo
1178 2857 1316 2897 verba
1348 2869 1448 2897 mea
1480 2857 1524 2896 in
1557 2870 1606 2897 os
1639 2856 1797 2909 Ipsius,

307 2927 356 2962 ut
390 2921 601 2975 loquatur
632 2920 689 2961 ad
721 2934 802 2961 vos
834 2934 970 2961 omne
1002 2920 1121 2974 quod
1149 2933 1422 2974 praecepero
1456 2919 1545 2973 Ipsi
1562 2919 1596 2970 ;'’
1634 2925 1679 2960 et
1712 2918 1798 2959 hoc
