1962 3334
310 247 415 300 1778
722 256 1055 290 APOCALYPSIS
1087 258 1388 291 EXPLICATA.

383 366 516 408 661.
555 366 632 406 “ft
649 380 819 407 muner-a
838 368 1000 409 mittent
1019 368 1424 422 invicem.¹'-—Quod
1447 369 1673 423 significet
1699 383 1797 410 con-

302 429 581 469 sociationem
605 443 766 477 eornm,
791 436 977 471 constat
1004 445 1063 472 ex
1091 431 1423 484 significatione
1453 433 1675 473 “mittere
1701 445 1798 472 mu-

303 491 450 539 nera,”
468 492 588 544 quod
607 492 664 532 sit
683 494 933 533 consociari
951 508 1010 534 ex
1029 507 1183 535 amore
1202 501 1247 535 et
1267 508 1325 534 ex
1344 495 1544 535 amicitia
1563 509 1640 548 per
1658 495 1798 535 bene-

302 554 569 603 volentiam,
599 568 702 595 nam
736 569 921 596 munera
953 571 1011 597 ex
1045 571 1097 597 ea
1129 556 1366 598 affectione
1397 564 1443 598 et
1477 571 1535 598 ex
1569 571 1623 598 eo
1648 558 1799 598 animo

302 618 570 658 consociant
590 625 684 659 tarn
704 619 869 671 probos
888 633 1022 672 quam
1041 621 1271 673 improbos
1290 634 1298 670 ;
1333 620 1404 660 hic
1424 620 1526 660 illos
1544 621 1618 674 qui
1636 627 1798 661 contra

301 681 422 721 bona
448 682 614 721 amoris
641 688 687 722 et
712 696 818 722 vera
845 680 1078 723 doctrinae
1101 689 1221 731 sunt,
1246 697 1360 736 quae
1387 682 1699 736 significantur
1721 696 1800 736 per

305 745 478 785 “binos
500 751 650 791 ,testes
677 745 852 785 occisos
885 752 931 786 et
964 744 1190 798 projectos
1217 747 1260 785 in
1288 745 1490 799 plateam
1517 746 1636 786 urbis
1668 759 1796 799 mag-

302 821 402 855 nae,
422 821 536 860 quae
555 814 744 848 vocatur
762 807 1058 861 spiritualiter
1076 807 1277 849 Sodoma
1295 815 1341 849 et
1360 807 1647 861 Aegyptus.’'
1702 807 1798 849 Sci-

302 871 468 911 endum
491 877 561 911 est
585 871 705 924 quod
728 872 943 924 improbis
966 877 1012 912 et
1037 872 1184 924 impiis
1203 871 1564 924 nihiljucundius
1583 872 1641 912 sit
1664 884 1798 924 quam

302 934 535 974 destruere
558 934 678 974 bona
701 935 865 974 amoris
889 940 935 975 et
958 948 1063 975 vera
1082 933 1314 975 doetrinae
1334 935 1584 988 ubicunque
1607 941 1727 982 sunt,
1751 941 1798 975 et

302 997 568 1037 malefacere
595 997 682 1037 illis
708 998 828 1050 apud
855 1011 967 1050 quos
994 1003 1126 1038 sunt:
1166 997 1328 1038 ardent
1354 998 1473 1038 enirn
1506 998 1612 1047 odio
1638 1003 1799 1037 contra

302 1059 408 1110 illa;
457 1060 561 1100 inde
602 1066 673 1100 est
714 1060 834 1113 quod
876 1060 933 1100 ab
973 1060 1160 1109 inferno,
1204 1060 1277 1100 ubi
1318 1060 1435 1101 tales
1477 1066 1597 1108 sunt,
1631 1059 1800 1112 jugiter

302 1124 504 1176 exspiret
533 1123 684 1163 odium
712 1124 1043 1163 internecinum
1071 1129 1232 1163 contra
1254 1122 1503 1163 caelestem
1526 1135 1728 1163 amorem
1751 1128 1797 1163 et

302 1186 581 1239 spiritualem
624 1185 774 1234 fidem,
818 1186 1007 1239 proinde
1053 1193 1214 1227 contra
1259 1185 1449 1234 caelum,
1494 1192 1540 1226 et
1582 1186 1798 1239 imprimis

303 1256 463 1290 contra
497 1249 650 1302 Ipsum
685 1249 957 1299 Dominum;
1001 1256 1046 1290 et
1085 1250 1264 1302 quoties
1302 1244 1581 1302 permittitur
1613 1248 1797 1289 malefa-

303 1326 417 1361 cere,
452 1313 495 1352 in
533 1313 598 1353 sui
636 1313 784 1353 cordis
811 1312 1011 1365 jucundo
1049 1318 1179 1352 sunt:
1224 1312 1329 1352 talis
1365 1312 1504 1352 serina
1537 1318 1697 1352 natura
1729 1319 1798 1353 est

303 1374 391 1415 illis
423 1376 496 1428 qui
528 1376 572 1415 in
599 1375 771 1416 inferno
798 1381 932 1425 sunt;
973 1374 1059 1415 hoc
1093 1375 1246 1428 itaque
1274 1374 1544 1427 intelligitur
1570 1388 1648 1427 per
1679 1374 1799 1428 quod

306 1438 576 1491 “gaudeant
595 1453 728 1491 super
746 1438 833 1478 illis
858 1445 903 1479 et
929 1438 1196 1479 laetentur.’'
1258 1438 1457 1491 Improbi
1480 1438 1618 1478 etiam
1642 1438 1798 1478 ineunt

304 1501 528 1541 amicitias
561 1508 607 1542 et
640 1501 962 1542 consociantur
988 1501 1044 1541 ad
1072 1501 1287 1541 damnum
1311 1500 1590 1541 inferendum
1617 1500 1796 1553 probis;

299 1563 544 1616 jucundum
572 1563 675 1611 odii,
705 1563 824 1616 quod
853 1569 923 1603 est
951 1563 1117 1602 amoris
1143 1575 1312 1610 eorum,
1341 1562 1589 1608 consociat,
1617 1567 1663 1601 et
1691 1567 1798 1601 tunc

305 1633 527 1680 apparent
560 1627 674 1667 sicut
708 1626 845 1666 corde
878 1626 1010 1666 amici
1042 1625 1204 1673 forent,
1233 1637 1334 1665 cum
1367 1630 1522 1664 tamen
1554 1631 1659 1664 sunt
1692 1623 1798 1663 hos-

304 1697 401 1740 tes;
440 1690 526 1731 hoc
559 1691 711 1749 itaque
744 1696 814 1730 est
847 1689 968 1743 quod
1001 1688 1283 1741 significatur
1315 1701 1393 1741 per
1425 1687 1544 1741 quod
1574 1691 1798 1727 “munera
1829 1721 1838 1731 .

305 1755 494 1794 mittant
532 1752 763 1793 invicem.'’
825 1751 1051 1805 Quoniam
1091 1765 1276 1791 munera
1314 1757 1503 1804 captant
1541 1751 1716 1790 animos
1753 1756 1799 1790 et

304 1818 586 1865 consociant,
615 1817 717 1856 ideo
749 1816 946 1868 antiquis
973 1814 1254 1868 temporibus
1287 1813 1475 1854 solenne
1502 1813 1582 1853 fuit
1615 1826 1801 1853 munera

305 1880 411 1920 dare
451 1879 678 1920 sacerdoti
715 1886 761 1919 et
801 1878 1068 1932 prophetae,
1110 1884 1207 1917 tum
1245 1877 1433 1930 principi
1471 1883 1518 1917 et
1555 1877 1664 1929 regi,
1699 1889 1799 1916 cum

304 1942 406 1983 illos
432 1942 610 1982 adirent
642 1941 680 1995 (Ι
714 1941 834 1982 Sam.
862 1942 923 1981 ix,
950 1950 989 1993 7,
1019 1939 1093 1994 8);
1127 1946 1173 1980 et
1201 1953 1379 1993 quoque
1406 1945 1632 1979 statutum
1659 1938 1739 1978 fuit

378 2039 483 2080 Quod
500 2049 572 2069 non
591 2039 693 2069 vacui
711 2038 792 2077 (hoc
810 2043 874 2076 est,
893 2038 1027 2078 absque
1045 2035 1207 2076 munere)
1225 2041 1473 2076 comparerent
1490 2045 1610 2067 coram
1628 2034 1801 2076 Jehovah,

480 2083 542 2114 sed
563 2082 598 2112 in
619 2082 719 2113 festis
738 2081 887 2122 quisque
905 2081 1099 2112 secundum
1119 2078 1405 2111 benedictionem
1424 2089 1524 2110 suam
1542 2089 1672 2110 munus
1689 2079 1802 2110 adfer-

479 2132 532 2157 ret
550 2126 671 2166 (Exod.
689 2125 784 2157 xxiii.
806 2133 843 2164 15
860 2134 867 2163 ;
892 2135 966 2165 cap.
985 2125 1104 2156 xxxiv,
1125 2132 1186 2156 20:
1212 2124 1335 2154 Deutr.
1353 2123 1424 2154 xvi.
1446 2123 1494 2161 16,
1515 2122 1588 2162 17);

305 2216 350 2251 et
379 2210 482 2251 ideo

378 2286 565 2326 Sapientes
589 2295 633 2316 ex
653 2285 886 2316 orientalibus
907 2284 1104 2315 attulerunt
1125 2283 1283 2314 Domino
1304 2292 1429 2314 recens
1454 2288 1540 2314 nato
1564 2291 1722 2319 munera,
1742 2291 1804 2313 au-

484 2339 572 2367 rum,
593 2330 673 2360 thus
691 2336 725 2360 et
742 2329 924 2370 myrrham
942 2328 1084 2368 (Adattlz.
1102 2327 1135 2358 ii.
1155 2327 1217 2367 11),

305 2435 552 2476 secundum
579 2432 937 2488 praedictionem
960 2432 1079 2486 apud
1105 2431 1325 2472 Davidem
1354 2430 1442 2485 (Ps.
1468 2430 1598 2471 lxxii.
1624 2429 1720 2484 10);
1754 2435 1800 2470 et

306 2498 411 2539 ideo
437 2512 631 2551 quoque,

379 2586 591 2618 Oblationes
620 2596 725 2626 super
751 2585 867 2623 altari,
885 2595 974 2626 quae
1003 2590 1105 2616 erant
1130 2584 1313 2621 sacrificia,
1339 2589 1374 2614 et
1402 2593 1543 2624 quoque
1575 2583 1738 2614 minchae
1767 2588 1802 2614 et

480 2630 660 2667 libamina,
686 2630 906 2660 vocabantur
930 2638 1078 2659 munera
1102 2628 1216 2667 (Esai.
1238 2627 1332 2658 xviii.
1351 2625 1428 2665 [¹17:
1458 2637 1532 2667 cap.
1558 2627 1629 2658 lvii.
1650 2627 1670 2657 6
1690 2636 1697 2664 ;
1726 2636 1800 2666 cap.

479 2674 561 2704 lxvi.
581 2682 642 2704 20:
670 2673 766 2714 Zeph.
785 2672 831 2703 iii.
853 2681 912 2704 10:
938 2672 1068 2703 splattlz.
1086 2682 1117 2703 v,
1137 2679 1187 2709 23,
1209 2679 1272 2709 24:
1298 2677 1333 2702 et
1349 2670 1468 2710 alibi);

305 2778 351 2813 et
384 2771 470 2811 hoc
498 2771 601 2823 quia
627 2783 813 2810 munera
842 2775 1035 2809 externa
1062 2766 1380 2820 significabant
1409 2779 1595 2806 munera
1621 2765 1799 2805 interna

305 2849 383 2875 seu
418 2833 680 2887 spiritualia,
721 2846 835 2885 quae
862 2845 1025 2884 nempe
1052 2830 1305 2884 procedunt
1334 2843 1392 2869 ex
1426 2829 1574 2876 corde,
1604 2834 1650 2868 et
1683 2841 1798 2880 quae

305 2897 408 2938 inde
441 2903 546 2937 sunt
578 2894 826 2936 affectionis
868 2901 913 2935 et
952 2893 1080 2945 fidei3
1124 2900 1170 2934 et
1208 2894 1310 2946 quia
1341 2906 1419 2945 per
1451 2891 1563 2932 haec
1602 2890 1651 2931 fit
1689 2903 1798 2930 con-

1951 2965 1962 3070 suta-J..
1954 2898 1962 2954 α..-
1951 2855 1962 2883 A„
1960 2835 1962 2845 „.

1937 3142 1962 3334 mames*
1950 3092 1962 3136 .·.ρ..
