1962 3334
310 269 416 314 1714
718 271 1051 306 APOCALYPSIS
1083 274 1383 308 EXPLICATA.

301 397 407 424 num
434 383 667 426 charitatis
695 399 802 439 erga
829 387 1099 439 proximum,
1128 396 1198 430 est
1230 389 1499 441 essentiale3
1538 404 1617 444 per
1645 390 1795 432 “Hie-

299 447 607 500 rosolymam”
632 456 799 498 autern,
829 450 902 491 ubi
934 450 1063 493 erant
1093 452 1264 506 Judaei‚
1299 452 1576 506 significatur
1606 454 1796 495 ecclesia

300 510 523 559 caelestis,
552 512 594 551 in
623 526 709 565 qua
741 513 908 554 bonum
936 515 1147 564 caeleste,
1176 516 1296 569 quod
1329 523 1399 557 est
1431 517 1599 557 bonum
1631 517 1795 558 amoris

298 572 341 612 in
366 573 624 622 Dominum,
645 582 715 616 est
737 577 993 618 essentiale.
1055 578 1175 619 Sunt?
1192 581 1313 619 enim
1336 579 1425 620 duo
1447 594 1588 633 regna
1614 581 1657 620 in
1680 594 1794 633 quae

298 635 487 684 caelum,
517 643 562 677 et
589 638 692 678 inde
720 639 926 689 ecclesia,
951 647 1020 681 est
1047 641 1324 691 distinctum,
1349 656 1538 695 regnum
1564 643 1793 695 spirituale

298 702 344 736 et
370 710 563 750 regnum
580 699 784 741 caeleste
800 711 855 749 (de
870 713 987 749 quibus
1002 714 1107 750 regnis
1119 714 1265 743 videatur
1280 714 1312 742 in
1328 723 1426 752 opere
1443 715 1492 743 De
1508 715 1598 744 Caelo
1612 718 1643 743 et
1657 715 1793 753 Inferno,

298 770 483 808 n.20-28);
522 758 636 800 haec
667 774 810 813 regna
836 769 1188 815 repraesentata
1218 763 1399 804 fuerunt
1430 778 1510 817 per
1541 763 1790 811 Israelitas,

297 832 486 872 quorum
520 822 784 874 metropolis
815 822 894 864 fuit
928 822 1142 872 Samaria,
1177 831 1224 865 et
1256 838 1334 877 per
1363 825 1573 878 judaeos,
1603 838 1791 878 quorum

300 884 564 936 metropolis
605 885 684 925 fuit
731 885 1064 939 Hierosolyma.
1129 887 1258 928 Bono
1294 888 1525 940 spirituali,
1564 888 1683 942 quod
1719 895 1790 929 est

296 945 465 987 bonum
498 948 732 988 charitatis
773 963 882 1002 erga
919 951 1189 1002 proximum,
1225 952 1483 1003 oppositum
1515 959 1584 992 est
1622 950 1789 991 malum

294 1009 524 1060 infernale,
550 1012 671 1065 quod
697 1019 766 1053 est
794 1012 961 1053 malum
985 1015 1149 1054 amoris
1176 1014 1354 1065 mundi;
1388 1021 1434 1055 et
1461 1015 1582 1055 bono
1604 1013 1790 1066 caelesti

294 1079 364 1113 est
391 1075 650 1127 oppositum
677 1075 845 1116 malum
872 1076 1158 1125 diabolicum,
1188 1078 1307 1131 quod
1335 1085 1404 1118 est
1431 1077 1599 1118 malum
1625 1078 1788 1118 amoris

294 1137 384 1177 sui:
424 1151 483 1178 ex
516 1152 668 1179 amore
702 1140 767 1179 sui
810 1140 1060 1181 scaturiunt
1093 1141 1212 1181 mala
1244 1141 1443 1181 omnium
1475 1153 1706 1194 generum,
1741 1146 1788 1181 et

293 1198 440 1239 multo
471 1199 625 1253 pejora
657 1214 792 1254 quam
825 1215 884 1241 CX
916 1214 1072 1242 amore
1095 1202 1251 1242 mundi
1274 1213 1361 1250 (vide
1383 1214 1508 1242 Novam
1528 1213 1787 1250 Hierosolymam,

292 1277 322 1297 n.
337 1269 470 1309 65-83);
503 1260 608 1300 inde
631 1267 701 1301 est
720 1261 842 1314 quod
865 1261 921 1301 de
942 1261 1269 1314 Hierosolyma
1292 1268 1605 1302 memorentur
1622 1262 1788 1302 diriora

291 1325 337 1360 et
360 1320 731 1362 abominabiliora
748 1335 882 1375 quam
905 1323 960 1363 de
986 1322 1185 1363 Samaria
1205 1337 1212 1373 ;
1247 1330 1292 1364 et
1316 1324 1419 1364 inde
1443 1330 1511 1364 est
1530 1323 1650 1376 quod
1675 1323 1785 1364 Hie-

290 1384 520 1437 rosolyma
556 1399 646 1426 non
679 1386 816 1426 modo
853 1386 1028 1427 dicatur
1062 1386 1340 1434 “Sodoma‚'’
1372 1387 1452 1427 sed
1490 1388 1627 1427 etiam
1664 1387 1785 1440 quod

290 1446 443 1500 pejora
481 1448 636 1489 fecerit
678 1462 811 1502 quam
858 1448 1082 1500 Sodoma3
1130 1463 1234 1490 nam
1280 1450 1455 1498 dicitur,
1493 1450 1636 1490 “Non
1677 1450 1784 1490 fecit

288 1508 490 1551 Sodoma
532 1512 915 1564 quemadmodum
953 1519 1001 1553 tu
1038 1512 1183 1553 fecisti
1225 1519 1270 1554 et
1312 1512 1428 1553 filiae
1466 1519 1570 1554 tuae
1588 1513 1622 1553 :''
1663 1514 1783 1566 quod

290 1572 457 1613 malum
484 1576 648 1614 amoris
680 1576 746 1614 sui
778 1575 907 1615 fuerit
941 1574 1108 1615 malum
1135 1574 1376 1624 Sodomae,
1405 1576 1674 1616 describitur
1704 1577 1781 1624 ita,

291 1635 457 1677 “Haec
498 1637 578 1678 fuit
619 1638 829 1691 iniquitas
872 1637 1112 1686 Sodomae,
1152 1638 1372 1691 superbia,
1412 1640 1599 1679 satietas
1640 1640 1780 1691 panis,

287 1700 587 1753 tranquillitas
612 1700 813 1754 quietiS‚''
836 1707 882 1741 et
906 1701 1026 1754 quod
1048 1705 1268 1742 “manum
1293 1703 1440 1742 miseri
1467 1708 1512 1742 et
1536 1702 1667 1754 egeni
1692 1715 1781 1742 non

286 1762 617 1804 confirmaverit
636 1764 669 1814 ;‘'
696 1777 774 1816 per
795 1768 819 1783 ‘⁴
834 1764 1119 1816 superbiam’'
1142 1764 1411 1817 intelligitur
1432 1778 1558 1805 amor
1580 1765 1670 1815 sui;
1705 1778 1783 1817 per

288 1826 586 1866 “satietatem
620 1826 778 1879 panis‘’
811 1833 1104 1879 contemptus
1136 1828 1281 1867 omnis
1313 1828 1419 1868 boni
1456 1834 1501 1868 et
1542 1828 1635 1868 veri
1668 1828 1780 1868 caeli

284 1894 330 1928 et
353 1888 585 1938 ecclesiae,
603 1903 653 1930 ac
674 1903 840 1930 nausea
855 1889 910 1929 ad
929 1889 1006 1929 illa
1024 1903 1032 1940 ;
1061 1903 1139 1942 per
1155 1890 1572 1943 “tranquillitatem
1588 1890 1781 1943 quietis''

284 1953 501 1993 securitas
534 1959 579 1993 et
612 1967 701 1993 non
729 1953 943 1994 anxietas
970 1959 1156 2006 propter
1182 1953 1363 2007 aliquod
1392 1953 1585 2004 malum;
1623 1961 1669 1993 et
1703 1967 1781 2006 per

286 2018 413 2055 “non
441 2015 831 2056 confirmationem
865 2029 1022 2056 manus
1055 2017 1204 2056 miseri
1236 2023 1282 2057 et
1315 2016 1478 2069 egeni''
1505 2015 1780 2069 significatur

285 2078 678 2119 immisericordia:
721 2080 824 2132 quia
862 2092 988 2119 amor
1024 2079 1090 2119 sui
1127 2079 1206 2119 fuit
1244 2092 1370 2120 amor
1403 2078 1643 2126 Sodomae,
1678 2080 1779 2120 ideo

283 2141 445 2182 dicitur
471 2142 590 2195 quod
620 2141 772 2183 “filiae
799 2141 891 2195 ejus
917 2142 1066 2183 elatae
1089 2140 1232 2183 factae
1256 2143 1360 2191 sint,
1385 2149 1430 2183 et
1457 2143 1642 2183 fecerint
1668 2143 1778 2184 abo-

282 2204 576 2245 minationem
618 2219 770 2246 coram
809 2205 1065 2258 Jehovah;'’
1112 2218 1191 2257 per
1230 2205 1422 2253 “filias,”
1461 2219 1574 2258 quae
1612 2205 1774 2253 elatae,

282 2266 593 2319 significantur
614 2269 886 2321 cupiditates
912 2282 1025 2322 quae
1050 2268 1165 2308 illius
1188 2269 1366 2317 amoris,
1391 2274 1437 2308 et
1465 2282 1543 2321 per
1567 2268 1777 2309 “abomi-

283 2331 514 2371 nationem
542 2345 691 2372 coram
713 2331 949 2384 Jehovah”
972 2330 1249 2384 significatur
1271 2344 1404 2371 omne
1428 2331 1595 2371 malum
1619 2338 1778 2372 contra

281 2393 427 2446 ipsum
455 2394 679 2435 Divinum.

364 2459 448 2512 [b.]
492 2460 723 2512 Quoniam
746 2474 826 2514 per
850 2459 1153 2501 “Chaldaeos
1167 2459 1187 2474 '’
1209 2459 1490 2512 significatur
1516 2459 1775 2513 profanatio

279 2527 325 2561 et
347 2520 621 2562 adulteratio
643 2523 734 2562 veri
757 2519 988 2562 doctrinae
1011 2535 1069 2562 ex
1089 2521 1258 2570 Verbo,
1284 2528 1329 2561 et
1353 2535 1431 2574 per
1455 2521 1775 2562 “habitatores

280 2584 490 2625 Babelis”
514 2585 764 2636 profanatio
783 2592 828 2625 et
851 2585 1126 2626 adulteratio
1148 2585 1253 2625 boni
1275 2585 1453 2631 amoris,
1473 2585 1575 2625 ideo
1597 2584 1774 2625 illorum

277 2647 451 2688 eversio
488 2648 624 2688 etiam
662 2654 950 2700 comparatur
981 2648 1202 2688 eversioni
1239 2646 1548 2688 Sodomaeet
1581 2647 1773 2688 Gomor-

277 2710 383 2752 rhae
399 2709 608 2763 :—Apud
634 2711 895 2759 Jeremz'am,

343 2798 361 2810 “
374 2799 500 2831 Gladie
529 2806 653 2830 contra
682 2800 900 2832 Chaldaeos.
915 2826 922 2832 .
937 2826 960 2837 .,
979 2807 1013 2832 et
1037 2807 1164 2832 contra
1190 2801 1408 2832 habitatores
1428 2799 1597 2837 Babelis„
1612 2825 1620 2832 .
1634 2824 1642 2832 .
1656 2799 1772 2840 ‚juxta

451 2843 673 2874 eversionem
692 2844 768 2881 Dei,
783 2845 976 2875 Sodomam
991 2851 1025 2875 et
1040 2844 1290 2882 Gomorrham,
1309 2850 1343 2875 et
1356 2844 1493 2875 vicinas
1513 2843 1606 2883 ejus.
1622 2868 1629 2875 .
1643 2868 1650 2875 .
1665 2853 1671 2879 ;
1697 2853 1768 2874 non

449 2887 622 2919 habitabit
642 2888 688 2918 ibi
707 2889 769 2926 vir,
789 2898 853 2919 nec
873 2889 1152 2919 commorabitur
1171 2889 1207 2919 in
1226 2886 1302 2919 [¹]ea
1322 2887 1413 2919 filius
1433 2886 1617 2918 hominis¹¹
1635 2887 1670 2926 (l.
1683 2885 1763 2926 [²135.

449 2931 506 2971 40)
519 2940 526 2970 ;
