1962 3334
601 265 705 298 CAP.
729 265 810 306 XL,
832 265 970 298 VERs.
998 265 1166 310 19.—N.
1187 255 1365 310 7oo[g].
1451 268 1454 270 ·
1621 257 1722 310 1891

242 391 418 432 quoque
443 377 683 432 Templum
699 393 710 429 3
743 391 848 418 nam
874 377 1116 431 Templum
1144 391 1245 419 cum
1271 377 1395 418 atriis
1426 378 1515 418 suis
1545 392 1726 431 reprae·
1754 367 1762 374 ³

243 441 458 482 sentabat
483 447 576 482 tres
598 440 776 491 caelos;
809 454 944 494 quare
968 440 1077 480 nihil
1099 440 1178 481 suit
1203 441 1248 481 in
1271 439 1459 493 templo,
1485 453 1567 481 nec
1594 447 1728 481 extra

242 503 464 556 templum
490 503 564 544 ubi
589 504 719 552 atria,
748 504 831 543 nisi
856 503 977 556 quod
1008 503 1176 556 aliquid
1202 503 1316 544 caeli
1341 504 1725 556 repraesentavit;

241 571 289 606 et
314 565 400 606 hoc
424 566 483 606 ob
504 579 686 606 causam
709 566 813 619 quia
835 565 1057 606 Dominus
1079 565 1158 606 illo
1179 571 1384 619 tempore
1407 579 1621 619 praesens
1646 566 1727 606 suit

241 629 287 670 in
310 630 707 682 repraesentativis
723 643 733 680 ;
760 635 889 670 erant
907 629 1026 668 enim
1044 628 1278 677 ecclesiae,
1297 642 1411 682 quae
1425 628 1602 669 fuerunt
1620 636 1728 670 ante

241 690 425 732 Domini
457 692 718 740 adventum,
757 690 977 732 ecclesiae
1011 691 1440 744 repraesentativae‚
1479 695 1532 731 et'
1567 690 1728 732 ultimo

242 754 382 794 etiam
407 753 512 794 talis
542 767 657 807 quae
683 754 800 807 apud
831 753 947 794 filios
973 753 1151 794 Israelis
1177 754 1387 794 instituta
1413 753 1518 793 fuit:
1551 760 1599 794 at
1625 767 1727 794 cum

241 815 462 856 Dominus
492 817 536 856 in
569 817 785 856 mundum
811 816 951 864 venit,
980 822 1087 857 tunc
1121 822 1314 856 externa
1338 817 1729 869 repraesentantia

240 879 551 928 abolebantur,
570 881 673 932 quia
696 879 798 932 Ipse
822 878 1047 919 Dominus
1069 885 1166 920 erat
1188 892 1321 932 quem
1338 879 1729 932 repraesentativa

240 941 460 983 ecclesiae
486 942 819 982 adumbrabant
846 947 893 982 et
918 941 1261 994 significabant;
1293 947 1340 982 et
1365 942 1467 994 quia
1493 941 1571 981 illa
1596 948 1726 982 erant

240 1011 448 1054 externa,
472 1012 518 1045 et
541 1006 666 1058 quasi
687 1004 948 1045 velamenta
969 1005 1087 1045 intra
1109 1018 1223 1058 quae
1246 1004 1481 1052 Dominus,
1502 1005 1603 1045 ideo
1626 1017 1728 1045 cum

242 1066 347 1120 Ipse
371 1067 496 1108 venit
522 1067 783 1108 velamenta
808 1067 886 1107 illa
910 1066 1066 1107 ablata
1091 1073 1210 1115 sunt,
1238 1073 1285 1107 et
1316 1067 1463 1120 patuit
1495 1067 1599 1120 Ipse
1627 1080 1728 1107 cum

244 1130 373 1171 caelo
410 1137 456 1171 et
493 1143 594 1171 cum
630 1130 837 1179 ecclesia,
870 1131 914 1170 in
951 1130 1109 1184 quibus
1146 1130 1367 1170 Dominus
1403 1136 1472 1170 est
1509 1143 1644 1170 omne
1684 1130 1728 1170 in

240 1193 460 1234 omnibus.
522 1193 734 1234 Primaria
770 1194 1158 1246 repraesentativa
1186 1193 1370 1233 Domini
1402 1199 1448 1234 et
1479 1194 1584 1234 inde
1615 1193 1729 1234 caeli

240 1261 288 1296 et
329 1255 548 1296 ecclesiae
587 1256 764 1296 suerunt
801 1256 1068 1299 Tentorium
1110 1262 1379 1304 conventus,
1417 1269 1517 1296 cum
1555 1269 1727 1304 mensa,

241 1304 532 1367 candelabro‘,
570 1318 701 1359 altari
732 1318 907 1359 suffitus
939 1324 986 1359 et
1017 1332 1122 1359 arca
1152 1318 1286 1368 inibi;
1321 1324 1418 1359 tum
1450 1318 1594 1359 altare
1626 1332 1728 1360 cum

239 1379 519 1422 holocaustis
537 1388 582 1421 et
602 1380 828 1421 sacrificiis
844 1395 853 1432 ;
881 1395 932 1422 ac
951 1387 1112 1434 postea
1130 1381 1371 1434 Templum
1390 1395 1399 1431 ;
1427 1387 1472 1421 et
1490 1381 1633 1422 simile
1651 1395 1730 1434 per

243 1442 485 1497 Templum
517 1450 907 1497 repraesentatum
940 1450 1024 1492 est,
1058 1444 1177 1497 quod
1209 1458 1288 1496 per
1319 1443 1586 1484 Tentorium
1618 1457 1727 1484 con-

241 1512 419 1554 ventus,
439 1519 541 1546 cum
559 1506 810 1547 differentia
834 1507 954 1560 quod
977 1506 1244 1547 Tentorium
1263 1513 1514 1547 conventus
1532 1505 1730 1547 sanctius

239 1571 677 1622 repraesentativum
710 1570 908 1620 Domini,
947 1570 1060 1611 caeli
1096 1577 1143 1610 et
1180 1570 1400 1610 ecclesiae
1431 1570 1562 1611 fuerit
1593 1584 1728 1624 quam

243 1631 499 1685 Templum.
559 1632 635 1673 Ex
660 1632 729 1672 his
754 1639 965 1673 constare
988 1639 1143 1686 potest
1170 1633 1290 1686 quod
1315 1633 1503 1686 adytum
1531 1633 1725 1687 Templi,

241 1695 315 1735 ubi
339 1708 457 1742 arca,
485 1695 689 1735 similiter
721 1700 770 1735 ut
799 1696 844 1735 in
871 1695 1091 1735 Tentorio
1117 1703 1385 1744 conventuS,
1413 1703 1726 1748 repraesenta-

242 1758 357 1798 verit
390 1757 635 1797 Dominum
667 1758 815 1811 quoad
848 1757 1060 1798 Divinum
1092 1758 1279 1806 Verum,
1312 1765 1359 1799 et
1399 1759 1503 1799 inde
1540 1760 1726 1800 tertium

244 1820 434 1867 caelum,
467 1821 540 1860 ubi
581 1821 732 1873 angeli
768 1819 996 1873 conjunffl
1036 1827 1140 1861 sunt
1182 1821 1380 1862 Domino
1417 1835 1495 1874 per
1526 1835 1727 1863 amorem

241 1884 286 1924 in
328 1883 494 1936 Ipsum,
529 1896 580 1923 ac
619 1883 722 1923 inde
764 1883 977 1923 Divinum
1009 1883 1180 1924 Verum
1217 1884 1481 1937 inscriptum
1518 1885 1727 1924 cordibus

241 1947 331 1986 suis
348 1947 532 1986 habent.
595 1945 714 1998 Quid
737 1953 890 1987 autem
913 1945 1232 1999 significabant
1257 1947 1510 1987 “cherubi”
1527 1948 1571 1987 in
1589 1947 1727 1988 Tem-

241 2008 333 2062 plo,
360 2015 407 2049 et
433 2008 537 2061 quid
567 2008 735 2048 “alae”
760 2008 952 2056 illorum,
980 2015 1076 2049 turn
1103 2009 1208 2062 quid
1233 2007 1462 2057 “vectes”
1488 2010 1561 2062 qui
1588 2011 1727 2050 etiam

243 2078 565 2117 memorantur,
594 2072 747 2124 paucis
773 2072 959 2112 dicetur.
1021 2071 1103 2111 Per
1131 2071 1420 2112 “cherubos'‘
1443 2071 1728 2124 significaba-
1786 2098 1789 2101 »

242 2138 315 2173 tur
336 2133 481 2173 tutela
505 2146 559 2173 ne
587 2133 812 2174 Dominus
834 2134 1023 2174 adeatur
1045 2135 1127 2175 nisi
1149 2149 1282 2188 quarn
1309 2149 1388 2188 per
1407 2136 1576 2176 bonum
1600 2149 1727 2176 amo-

241 2196 328 2246 ris;
359 2210 495 2249 quare
526 2197 664 2236 etiam
696 2197 758 2236 illi
789 2195 895 2237 sacti
927 2204 1032 2238 sunt
1064 2211 1123 2237 ex
1152 2197 1315 2250 “ligno
1346 2198 1472 2246 olei,''
1499 2212 1577 2252 per
1608 2199 1728 2252 quod

242 2257 418 2309 lignum
453 2257 734 2309 significatur
766 2258 935 2297 bonum
962 2259 1129 2298 amoris
1156 2269 1315 2306 (videatur
1328 2278 1432 2307 supra.
1447 2279 1477 2298 n.
1494 2269 1616 2310 375):
1649 2273 1729 2311 per

245 2318 378 2358 “alas
409 2318 737 2359 cheruborum”
771 2318 1048 2372 significatur
1085 2320 1297 2361 Divinum
1334 2321 1577 2374 spirituale,
1609 2322 1729 2374 quod

244 2380 481 2422 descendit
513 2395 571 2422 ex
605 2382 768 2422 Divino
795 2382 995 2430 caelesti,
1023 2383 1067 2422 in
1099 2397 1187 2436 quo
1219 2390 1289 2424 est
1321 2385 1504 2424 tertium
1537 2384 1726 2431 caelum,

244 2443 289 2483 in
321 2444 582 2491 secundum,
610 2457 661 2484 ac
695 2445 905 2497 recipitur
930 2445 1015 2494 ibi;
1053 2459 1189 2498 quare
1218 2445 1317 2486 alae
1346 2447 1431 2486 “in
1464 2447 1613 2486 medio
1645 2447 1727 2486 do-

243 2518 342 2545 mus
364 2519 412 2546 se
436 2506 767 2558 attingebant,’'
785 2514 831 2547 et
857 2507 960 2547 inde
982 2508 1408 2560 “protendebantur
1430 2509 1486 2548 ad
1510 2510 1728 2562 parietem

243 2569 450 2622 utrinque
468 2569 502 2608 :'’
543 2583 621 2622 per
655 2568 876 2610 “vectes''
907 2577 1073 2619 autem,
1112 2571 1269 2624 quibus
1305 2573 1572 2625 portabatur
1609 2585 1726 2619 arca,

251 2630 588 2683 significabatur
615 2632 777 2672 Divina
808 2634 1029 2686 potentia,
1058 2634 1121 2674 ita
1152 2634 1296 2674 simile
1327 2635 1447 2688 quod
1481 2648 1558 2687 per
1587 2635 1727 2674 “bra-

246 2693 385 2734 chia.“
445 2694 520 2734 Ex
547 2694 615 2734 his
641 2702 687 2735 et
720 2709 778 2735 ex
806 2696 1179 2748 praecedentibus
1205 2703 1417 2737 constare
1443 2703 1595 2750 potest
1622 2697 1727 2750 quid

242 2769 322 2809 per
346 2759 532 2797 “arcam
554 2757 775 2797 soederis”
793 2759 835 2797 in
860 2757 1014 2798 Verbo
1035 2758 1325 2811 significatur.
1388 2759 1623 2799 Praeterea
1650 2773 1729 2812 per

245 2819 465 2859 “arcam”
482 2819 759 2872 significatur
776 2823 1211 2874 repraesentativum
1234 2821 1454 2862 ecclesiae
1479 2823 1521 2861 in
1545 2835 1725 2874 genere,

245 2879 470 2934 (similiter
494 2895 544 2923 ac
578 2897 656 2936 per
685 2883 853 2937 “juge'’
880 2885 997 2938 apud
1023 2884 1264 2934 Danielem,
1293 2885 1413 2938 quod
1446 2891 1723 2925 cessaturum
