1962 3334
295 271 309 300 1
320 259 403 301 826
704 267 1038 301 APOCALYPSIS
1070 267 1370 300 EXPLICATA.

287 395 346 421 ex
373 381 537 421 Divino
561 381 702 430 Bono,
723 387 769 421 et
791 381 933 421 “Rex
949 381 967 396 '’
985 396 1044 422 ex
1069 381 1232 423 Divino
1255 381 1379 422 Vero
1399 394 1408 421 ε
1441 381 1543 421 inde
1566 387 1635 422 est
1658 381 1778 436 quod

286 444 331 483 in
355 443 511 484 Verbo
534 444 699 496 passim
726 444 901 484 dicatur
923 450 1174 497 utrumque,
1201 458 1363 496 nempe
1389 447 1413 464 “
1430 444 1675 485 dominium
1691 444 1710 459 ’'
1732 451 1778 486 et

290 510 315 526 ‘⁴
332 506 558 559 regnum‚”
582 520 659 546 seu
685 506 972 546 “dominari”
995 513 1041 547 et
1067 507 1333 559 “regnare,'’
1351 513 1399 547 ut
1422 507 1465 547 in
1488 507 1779 560 sequentibus

286 569 396 610 locis
415 569 623 621 z—Apud
650 569 860 617 Midam,

353 660 371 673 “
384 659 453 691 Tu.
468 684 475 691 .
490 684 497 691 .
513 659 617 691 .clive
638 659 728 690 filiae
749 659 880 697 Zionis,
899 659 943 690 ad
963 665 997 690 te
1017 660 1137 691 veniet
1156 665 1191 690 et
1211 659 1338 690 redibit
1357 659 1555 691 dominium
1577 659 1684 700 prius,
1702 669 1781 700 reg-

461 713 546 733 num
564 703 656 733 filiae
676 703 951 743 Hierosolymae
964 702 981 714 '’
999 703 1056 742 (iv.
1076 703 1128 743 8):

286 792 390 845 quia
431 805 508 844 per
552 791 727 831 “filiam
774 790 959 831 Zionis'’
1000 791 1278 844 significatur
1322 791 1512 832 ecclesia
1553 791 1776 840 caelestis,

287 855 409 907 cujus
447 855 688 895 essentiale
725 861 794 895 est
836 854 1004 895 bonum
1046 855 1223 903 amoris,
1262 854 1364 895 ideo
1405 855 1460 895 de
1501 854 1578 895 illa
1618 855 1781 895 dicitur

289 918 574 958 “dominium
593 917 626 969 ;’'
667 924 713 958 et
746 918 847 970 quia
879 931 957 969 per
991 917 1164 957 “filiam
1199 917 1576 970 Hierosolymae’'
1608 917 1777 970 signifi-

288 987 415 1022 catur
445 980 637 1022 ecclesia
668 980 925 1033 spiritualiS,
955 979 1076 1032 cujus
1108 980 1350 1021 essentiale
1383 987 1453 1021 est
1484 993 1637 1020 verum
1669 981 1778 1020 doc-

287 1045 445 1093 trinae,
473 1044 575 1084 ideo
601 1044 657 1084 de
682 1043 759 1084 illa
785 1044 948 1084 dicitur
976 1043 1240 1096 “regnum.”
1300 1043 1439 1096 Apud
1464 1041 1697 1092 Davidem,

354 1133 547 1174 “Regnum
566 1139 663 1164 tuum
679 1143 828 1173 regnum
843 1133 1003 1164 omnium
1022 1133 1256 1170 saeculorum,
1270 1139 1305 1164 et
1322 1133 1518 1164 dominium
1536 1139 1635 1164 tuum
1652 1133 1688 1164 in
1705 1142 1780 1164 om-

462 1187 542 1208 nem
561 1177 830 1217 generationem
848 1183 883 1208 et
899 1177 1169 1217 generationem
1181 1176 1198 1188 ”
1217 1176 1289 1216 (Ps.
1308 1177 1397 1208 cxlv.
1418 1176 1491 1216 13);

289 1259 406 1312 apud
433 1259 673 1307 Danielem,

355 1335 516 1367 “Datum
542 1335 624 1367 est'’
647 1336 736 1366 Filio
760 1335 916 1366 hominis
939 1335 1175 1373 “dominium,
1196 1335 1310 1375 gloria
1334 1341 1368 1366 et
1388 1345 1596 1375 regnum...
1612 1344 1639 1371 .:
1667 1335 1780 1366 domi-

464 1380 562 1410 nium
594 1379 709 1419 Ipsius
737 1380 935 1410 dominium
965 1379 1232 1417 saeculi,....et
1260 1389 1409 1419 regnum
1440 1379 1556 1419 Ipsius
1585 1379 1678 1420 quod
1706 1389 1779 1410 non

464 1423 620 1463 peribit”
637 1423 708 1463 (vii.
729 1423 801 1462 14);

290 1499 408 1552 apud
435 1499 641 1547 eundem,

355 1575 549 1615 “Regnum
570 1582 604 1606 et
625 1575 832 1612 dominium,
853 1582 888 1606 et
912 1574 1082 1615 majestas
1103 1585 1333 1615 regnorum..
1347 1575 1504 1607 ‚dabitur
1524 1575 1656 1616 populo
1681 1585 1781 1607 sane-

465 1625 581 1650 torum
599 1619 853 1650 altissimorum
865 1618 883 1630 ’'
901 1619 972 1658 (vii.
991 1620 1045 1658 27)
1060 1630 1066 1651 :

288 1704 332 1744 in
369 1703 455 1744 illis
493 1703 603 1745 locis
643 1704 928 1745 “dominium
943 1703 960 1719 '’
998 1704 1159 1745 dicitur
1195 1704 1250 1744 de
1287 1704 1421 1753 bono,
1461 1705 1562 1758 quia
1599 1719 1657 1745 ex
1694 1704 1780 1745 hoc

291 1767 512 1807 Dominus
530 1773 718 1808 vocatur
738 1771 763 1787 “
777 1767 1037 1816 Dominus,''
1055 1774 1101 1808 et
1122 1771 1147 1787 “
1161 1767 1379 1820 regnum'’
1398 1768 1559 1808 dicitur
1581 1768 1636 1808 de
1658 1781 1778 1817 vero,

289 1830 390 1883 quia
416 1844 474 1870 ex
502 1830 588 1871 hoc
616 1830 837 1870 Dominus
864 1837 1053 1871 vocatur
1081 1831 1225 1871 “Rex
1247 1830 1280 1870 :”
1313 1837 1360 1871 ut
1387 1831 1430 1871 in
1456 1830 1741 1883 Apocalypsi,

363 1934 432 1976 Qui
450 1935 579 1966 insedit
601 1934 700 1975 Equo
720 1935 802 1965 albo
822 1935 1003 1966 “habebat
1023 1944 1130 1974 super
1146 1934 1362 1965 vestimento
1383 1940 1418 1966 et
1438 1944 1544 1975 super
1563 1934 1698 1965 femore
1719 1944 1783 1965 no-

466 1988 546 2009 men
565 1979 745 2018 scriptum,
766 1978 843 2009 Rex
860 1988 982 2018 regum
1002 1985 1036 2009 et
1056 1978 1231 2009 Dominus
1249 1979 1476 2009 dominorum
1489 1977 1507 1990 '¹
1525 1978 1607 2018 (xix.
1627 1978 1699 2018 16):

293 2066 435 2107 “Rex
469 2080 625 2120 regum
639 2066 657 2081 '’
689 2067 851 2107 dicitur
887 2066 942 2106 de
976 2067 1155 2106 nomine
1191 2070 1361 2118 “super
1391 2065 1703 2114 vestimento,’'
1735 2072 1782 2106 et

293 2129 552 2170 “Dominus
585 2129 901 2170 dominorum’'
933 2129 988 2169 de
1026 2130 1206 2169 nomine
1236 2130 1411 2181 '“super
1446 2129 1612 2170 femore
1630 2129 1663 2180 ;’'
1704 2143 1782 2182 per

292 2196 317 2213 “
330 2193 652 2233 vestimentum
666 2192 684 2207 ’⁷
699 2193 816 2232 enim
833 2191 1110 2245 significatur
1125 2205 1292 2240 verum,
1310 2185 1372 2232 ibi·
1386 2192 1595 2232 Divinum
1611 2192 1781 2233 Verum

289 2256 392 2310 quia
418 2255 473 2295 de
501 2256 710 2304 Domino,
741 2262 786 2295 et
818 2269 896 2308 per
925 2254 1132 2295 “femur”
1159 2255 1340 2303 bonum,
1369 2255 1427 2295 ibi
1454 2255 1664 2295 Divinum
1693 2255 1780 2296 Bo-

289 2331 396 2360 num
423 2319 571 2358 Divini
595 2318 791 2373 Amoris.
854 2317 1067 2359 Similiter
1089 2318 1313 2370 applicate
1336 2318 1392 2358 ad
1419 2317 1636 2367 homines,
1661 2318 1780 2371 apud

289 2381 522 2430 Davidem,

358 2471 634 2503 '‘Constiterunt
659 2480 761 2511 reges
787 2476 910 2509 terrae,
933 2476 967 2502 et
991 2470 1236 2502 dominatores
1261 2470 1508 2501 consultarunt
1531 2469 1632 2501 una”
1653 2470 1725 2510 (Ps.
1746 2470 1780 2501 ii.

466 2515 507 2554 2).

291 2602 366 2642 Ex
390 2601 457 2642 his
480 2607 689 2641 constare
709 2606 863 2654 potest
885 2600 990 2653 quid
1013 2601 1056 2640 in
1079 2600 1226 2652 specie
1250 2599 1526 2652 significatur
1543 2613 1621 2652 per
1641 2603 1779 2653 “reg—

291 2678 397 2705 nare
436 2664 479 2704 in
514 2663 694 2703 saecula
725 2662 1043 2703 saeculorum.”
1104 2662 1237 2715 Quod
1267 2662 1526 2715 “regnum''
1557 2662 1780 2716 significet

292 2726 466 2768 caelum
491 2733 536 2766 et
559 2726 799 2766 ecclesiam
823 2726 971 2779 quoad
990 2739 1143 2766 verum
1163 2724 1408 2773 doetrinae,
1425 2725 1631 2766 videatur
1647 2739 1781 2777 supra

291 2799 336 2835 (n.
353 2789 451 2838 48):
484 2793 530 2827 et
556 2787 661 2826 inde
688 2787 808 2840 quod
834 2791 1064 2840 “regnare
1077 2786 1097 2801 ''
1118 2787 1176 2826 sit
1203 2786 1341 2826 solius
1364 2786 1576 2835 Domini;
1608 2792 1655 2826 et
1676 2799 1778 2826 cum

291 2849 453 2889 dicitur
470 2848 526 2888 de
549 2848 743 2895 homine,
765 2848 884 2901 quod
908 2849 964 2889 sit
987 2849 1030 2888 in
1049 2849 1163 2888 veris
1182 2862 1239 2888 ex
1259 2848 1378 2888 bono
1401 2862 1498 2888 esse
1521 2862 1546 2888 a
1566 2848 1776 2896 Domino,

292 2917 338 2951 et
361 2910 466 2951 inde
488 2911 531 2950 in
554 2911 765 2963 potentia
787 2910 1029 2950 resistendi
1051 2909 1174 2950 falsis
1197 2923 1255 2950 ex
1279 2909 1400 2950 malo
1423 2920 1467 2959 (n.
1486 2919 1596 2961 333).
