1962 3334
561 258 668 298 CAR'
690 266 774 306 XL,
796 264 934 297 VERS.
962 235 1132 308 13‚-‘N‚
1152 253 1313 308 675[c].
1484 282 1486 284 ψ
1572 263 1681 306 1799

197 377 318 427 alibi,

266 447 390 480 Bestia
404 457 449 479 ex
465 447 553 478 mari
571 446 768 478 ascendens
786 446 964 477 “habebat
982 446 1099 486 capita
1113 451 1261 486 septem,
1278 451 1314 476 et
1337 453 1471 475 cornua
1489 443 1627 480 decem,
1644 449 1679 474 et

373 500 480 531 super
495 491 661 522 cornibus
674 489 750 522 suis
763 489 885 521 decem
901 488 1130 521 diademata''
1149 489 1232 528 (xiii.
1249 487 1279 528 1)
1293 497 1301 525 ;

199 568 247 604 et
271 562 392 611 alibi,

265 634 424 666 “Mulier
457 633 586 665 sedens
611 642 717 673 super
740 633 856 664 bestia
880 633 1054 670 coccinea,
1072 632 1179 673 plena
1204 632 1407 663 nominibus
1427 630 1679 671 blasphemiae,

372 678 527 708 habebat
548 676 665 716 capita
688 682 824 716 septem
841 682 877 707 et
900 686 1034 707 cornua
1058 677 1179 706 decem
1193 686 1217 707 t.
1232 700 1240 707 .
1253 700 1260 707 .
1275 676 1411 707 .decem
1429 683 1571 711 cornua,
1589 683 1679 713 quae

372 720 502 758 vidisti,
515 720 638 751 decem
650 729 751 759 reges
762 725 854 758 sunt,
866 719 924 760 qui
938 729 1086 759 regnum
1099 719 1261 750 nondum
1272 724 1485 758 acceperunt
1497 727 1505 755 ;
1525 723 1679 756 potesta-

372 770 444 795 tem
462 770 581 794 tamen
593 769 760 804 tanquam
774 772 876 803 reges
894 772 1002 794 unam
1018 762 1143 793 horam
1160 762 1331 802 recipient
1341 771 1420 792 cum
1432 759 1574 792 bestia”
1584 759 1679 799 (xvii.

373 815 402 845 3,
421 814 450 845 7,
470 806 541 846 12):

196 898 307 952 quid
336 896 513 950 singula
543 897 603 937 ibi
632 897 677 936 in
707 897 859 949 specie
891 895 1163 949 significant,
1190 896 1302 936 infra
1332 896 1376 936 in
1408 895 1678 948 explicatio-

196 960 330 1000 nibus
353 960 590 1000 videbitur.

282 1019 363 1074 [c.]
409 1020 637 1072 Quoniam
670 1019 899 1060 “decem”
929 1019 1191 1072 significant
1226 1032 1388 1059 omnes
1427 1024 1474 1059 et
1509 1018 1677 1064 omnia,

200 1082 400 1134 sequitur
443 1081 562 1134 quod
609 1080 823 1121 “decima
864 1094 966 1134 pars
977 1080 997 1095 ”
1034 1079 1257 1133 significet
1306 1093 1467 1129 omne;
1513 1079 1679 1120 exinde

202 1143 474 1184 “decimae’'
504 1156 556 1184 ac
591 1142 984 1184 “decimationes'’
1011 1149 1249 1183 traxerunt
1287 1155 1411 1182 suam
1444 1142 1677 1194 originem,

199 1212 247 1247 et
273 1205 587 1259 significabant
611 1205 731 1259 quod
756 1219 891 1246 omne
916 1203 1122 1246 sanctum
1149 1211 1195 1246 et
1226 1203 1515 1245 benediGtum
1542 1211 1678 1251 esset,

199 1268 379 1322 quando
406 1268 582 1308 decima
606 1281 708 1321 pars
733 1268 789 1308 de
814 1281 919 1308 area
943 1274 991 1308 et
1017 1267 1245 1315 torculari,
1269 1281 1347 1307 seu
1373 1267 1429 1307 de
1454 1267 1679 1307 frumento

198 1337 247 1372 et
277 1331 382 1371 vino
407 1330 516 1370 data
540 1336 661 1370 esset
693 1329 890 1380 Levitis;
932 1329 1135 1370 similiter
1166 1343 1246 1382 pro
1279 1329 1466 1376 Levitis,
1497 1329 1680 1382 quando

199 1393 377 1434 decima
402 1406 503 1446 pars
529 1393 690 1433 iterum
716 1392 1017 1433 decimaretur
1043 1398 1090 1433 et
1116 1392 1301 1432 daretur
1325 1391 1546 1432 Aharoni.
1607 1390 1677 1431 De

198 1454 270 1496 his
294 1455 360 1496 ita
382 1455 427 1495 in
453 1454 633 1496 Verbo:

265 1543 516 1575 “Decimando
535 1543 731 1574 decimabis
747 1552 892 1574 omnem
910 1549 1123 1583 proventum
1148 1542 1300 1574 seminis
1324 1542 1387 1579 tui,
1405 1542 1500 1582 quod
1519 1541 1681 1573 educitur

373 1586 411 1617 in
427 1595 552 1626 agrum
569 1586 764 1626 quotannis
775 1585 793 1597 ''
808 1586 943 1626 (Deutr.
961 1586 1031 1636 xiy.
1049 1587 1103 1625 22)
1117 1595 1124 1624 ;

200 1668 248 1704 et
273 1675 420 1716 porro,

265 1737 427 1779 Loquere
440 1738 485 1769 ad
503 1737 657 1774 Levitas,
671 1737 765 1778 quod
782 1738 851 1769 illis
862 1744 1028 1769 carentur
1040 1738 1200 1769 decimae
1218 1738 1254 1769 in
1272 1738 1516 1774 hereditatem,
1533 1743 1569 1769 et
1585 1738 1680 1778 quod

373 1780 540 1812 tollerent
558 1781 602 1811 de
622 1780 692 1811 illis
708 1781 949 1812 sublationem
966 1781 1127 1822 Jehovae
1144 1781 1304 1812 decimas
1320 1781 1365 1812 de
1381 1781 1541 1818 decimis,
1558 1788 1594 1812 et
1612 1781 1680 1812 hoc

373 1834 418 1855 ex
434 1823 616 1855 frumento
633 1824 676 1855 de
693 1833 787 1861 area,
804 1830 839 1855 et
855 1834 899 1855 ex
916 1824 1124 1864 impletione
1142 1825 1186 1855 de
1203 1824 1383 1862 torculari,
1400 1834 1442 1855 ac
1460 1824 1619 1855 decimas
1636 1824 1680 1855 de

373 1867 520 1898 decimis
537 1867 666 1898 darent
682 1867 843 1898 Aharoni
860 1867 1040 1898 sacerdoti
1058 1867 1184 1906 (Num.
1201 1868 1298 1898 xviii.
1317 1868 1447 1906 24-28).

201 1954 336 2008 Quod
364 1955 636 1996 “decimae‘’
662 1954 967 2008 significarent
993 1953 1358 1996 benedictionem
1385 1956 1428 1996 in
1455 1956 1677 2003 omnibus,

200 2018 265 2060 ita
289 2018 408 2072 quod
430 2031 564 2058 omne
586 2016 792 2058 sandtum
814 2024 860 2058 et
883 2016 1168 2058 benedi6tum
1192 2025 1328 2067 esset,
1348 2025 1533 2060 constat
1559 2019 1677 2072 apud

200 2080 486 2129 Malachiam,

266 2169 471 2201 “Adducite
483 2179 610 2200 omnes
621 2169 778 2200 decimas
789 2169 835 2200 ad
848 2169 995 2200 domurn
1008 2169 1179 2206 thesauri,
1190 2175 1229 2200 ut
1242 2169 1288 2200 sit
1300 2169 1400 2200 cibus
1411 2169 1448 2200 in
1459 2169 1569 2200 domo
1580 2179 1661 2200 mea
1673 2179 1681 2207 ς

374 2218 458 2244 tunc
474 2213 624 2252 probate
643 2212 702 2243 Me
723 2212 759 2243 in
779 2213 872 2248 hoc..
887 2237 894 2244 .
908 2237 916 2243 .
930 2222 1070 2243 ,annon
1087 2219 1276 2252 aperturus
1296 2213 1363 2243 sim
1380 2213 1484 2243 vobis
1503 2212 1681 2244 fenestras

375 2255 474 2292 caeli,
487 2261 523 2286 et
541 2256 719 2286 effusurus
735 2255 804 2286 sim
818 2255 922 2286 vobis
935 2254 1235 2293 benedictionem,
1247 2265 1431 2296 quousque
1448 2265 1521 2286 non
1535 2256 1682 2287 suffece-

375 2298 421 2330 rit
429 2298 464 2331 Υ·
481 2298 543 2338 (iii.
562 2296 638 2336 10'2)

200 2397 281 2437 per
304 2385 512 2437 “aperire
533 2384 769 2431 fenestras,
798 2390 844 2424 et
871 2383 1096 2424 effundere
1118 2383 1520 2433 benedi&ionem,'’
1542 2386 1680 2438 signi-

201 2445 360 2487 ficatur
374 2446 584 2486 Divinum
600 2446 787 2487 influens
805 2460 863 2487 ex
879 2460 967 2499 quo
984 2446 1290 2498 intelligentia
1303 2460 1354 2487 ac
1370 2448 1463 2488 vita
1477 2454 1677 2496 aeterna,

201 2507 348 2547 simile
369 2507 490 2560 quod
512 2520 591 2560 per
614 2507 851 2560 “pluviam
865 2506 884 2520 '‘
907 2520 1042 2559 supra
1064 2517 1110 2555 (n.
1129 2507 1244 2558 644),
1268 2508 1388 2560 quod
1411 2509 1551 2548 etiam
1574 2523 1677 2561 pro-

202 2568 296 2620 prie
326 2567 594 2620 intelligitur
624 2581 703 2620 per
736 2566 1181 2615 “benedictionem,‘'
1213 2575 1259 2609 et
1295 2569 1381 2609 hoc
1414 2569 1608 2609 futurum
1645 2571 1678 2610 si

204 2629 441 2670 “decimas
471 2630 749 2670 adducerent
768 2630 802 2679 ;'’
833 2643 970 2683 quare
1004 2643 1084 2682 per
1121 2630 1222 2670 illas
1253 2631 1530 2684 significatur
1560 2632 1679 2685 quod

201 2703 336 2732 omne
358 2692 428 2747 *sic
461 2691 744 2746 benedictum
777 2699 911 2732 esset.
973 2692 1039 2733 Ut
1075 2694 1227 2733 omnia
1256 2692 1495 2734 benedicta
1526 2701 1678 2734 essent

203 2768 317 2808 quae
341 2753 629 2794 Abrahamus
655 2755 711 2795 de
737 2755 942 2795 hostibus
968 2755 1057 2795 suis
1086 2756 1292 2808 sumpsit,
1321 2757 1496 2805 dicitur,

268 2841 372 2883 Quod
385 2842 522 2874 dederit
536 2842 834 2879 Malchizedecho,
849 2843 906 2883 qui
921 2853 982 2874 rex
999 2843 1033 2873 in
1048 2843 1221 2880 Schalem,
1235 2850 1270 2874 et
1287 2844 1395 2875 simul
1413 2844 1581 2875 sacerdos
1599 2843 1677 2875 Deo

374 2885 551 2916 altissimo
568 2892 652 2923 erat,
669 2886 825 2917 decimas
841 2886 885 2917 de
902 2886 1068 2917 omnibus
1085 2884 1180 2926 (Gen.
1198 2887 1266 2918 xiv.
1288 2888 1335 2924 18,
1358 2887 1408 2927 19)
1426 2898 1432 2918 :
