1962 3334
267 254 374 306 1604
676 262 1008 296 APOCALYPSIS
1040 262 1341 295 EXPLICATA.

260 376 444 417 homine
485 381 695 429 separato
740 389 767 416 a
811 374 1046 429 spirituali,
1090 374 1362 428 intelligitur
1407 388 1484 428 per
1527 374 1758 428 “Increpa

260 438 398 480 feram
425 438 626 487 calami,'’
653 451 840 487 cannae,
864 452 942 479 seu
967 438 1222 488 arundinis;
1255 438 1357 491 quia
1383 437 1461 477 illa
1488 436 1754 486 scientifica,

263 502 476 555 quoniam
514 507 619 542 sunt
661 515 720 542 ex
757 500 945 542 fallaciis
987 514 1212 549 sensuum,
1252 501 1429 541 fortiter
1466 500 1755 553 persuadent,

261 570 482 605 vocantur
499 568 523 584 “
548 564 847 617 congregatio
869 564 1048 604 fortium
1067 563 1101 604 :’'
1135 563 1304 604 “vituli
1330 562 1596 616 populorum
1609 562 1628 578 ”
1651 568 1756 603 sunt

261 627 381 667 bona
406 626 624 668 ecclesiae
651 641 764 681 quae
790 627 834 667 in
861 626 1055 668 naturali
1081 626 1291 667 homine:
1330 626 1566 666 “laminae
1593 638 1757 678 argen-

262 690 327 730 ti”
364 695 468 730 sunt
506 703 613 730 vera
653 689 926 740 ecclesiae;’'
973 688 1313 730 “conculcare”
1351 695 1397 729 et
1431 686 1758 741 “dispergere”

262 759 332 793 est
359 753 604 806 deperdere
637 759 683 794 et
715 752 944 806 dissipare,
979 753 1099 806 quod
1131 752 1180 793 fit
1213 753 1270 792 ab
1302 752 1389 792 illis
1421 752 1494 805 qui
1526 749 1758 792 naturales

262 822 309 856 et
355 815 587 857 sensuales
628 822 747 865 sunt,
788 829 839 857 ac
882 816 1149 857 naturaliter
1190 822 1236 856 et
1277 815 1545 856 sensualiter
1581 821 1628 855 et
1666 827 1757 855 non

263 878 394 919 simul
421 878 711 932 spiritualiter
737 879 960 932 cogitant,
989 879 1052 919 ita
1078 879 1149 932 qui
1179 893 1237 919 ex
1266 878 1461 919 naturali
1487 884 1534 918 et
1561 876 1758 918 sensuali

264 941 447 982 homine
485 947 696 995 separato
732 956 759 982 a
796 941 1040 995 spirituali;
1084 941 1160 982 ille
1198 941 1337 982 homo
1376 940 1646 993 intelligitur
1679 953 1758 993 per

269 1004 448 1045 “feram
473 1004 665 1045 calami’'
683 1019 760 1045 seu
780 1005 1047 1045 “arundinis
1065 1005 1098 1045 :‘’
1125 1004 1286 1045 “bella
1309 1004 1562 1044 desiderare
1575 1002 1594 1029 ’*
1617 1002 1757 1055 signi-

263 1066 367 1108 ficat
401 1068 771 1108 ratiocinationes
798 1074 958 1108 contra
984 1081 1117 1108 vera:
1149 1068 1378 1120 “pingues
1410 1081 1470 1107 ex
1496 1064 1758 1119 Aegypto‚”

262 1143 314 1171 ac
340 1129 669 1183 “Aethiopia‚”
692 1136 796 1171 sunt
822 1130 885 1170 illi
911 1131 985 1184 qui
1011 1131 1054 1170 in
1079 1131 1268 1171 scientia
1290 1143 1435 1170 rerum
1460 1128 1756 1183 spiritualium

264 1199 381 1241 sunt,
416 1199 462 1234 et
494 1194 567 1246 qui
599 1194 644 1233 in
676 1193 1012 1246 cognitionibus
1044 1193 1136 1233 veri
1173 1199 1219 1234 et
1251 1193 1383 1242 boni;
1427 1193 1500 1245 qui
1531 1191 1756 1232 accessuri

263 1255 320 1295 ad
346 1268 536 1308 regnum
562 1255 744 1296 Domini
768 1256 869 1310 quia
895 1256 938 1296 in
967 1255 1066 1296 luce
1094 1270 1152 1296 ex
1181 1255 1399 1308 spirituali
1425 1255 1609 1295 homine
1635 1260 1755 1295 sunt.

265 1318 316 1358 In
342 1318 478 1358 Libro
502 1318 661 1358 Primo
682 1318 866 1371 Regum,

330 1415 348 1428 ¹⁴
363 1414 538 1446 Percutiet
562 1414 724 1456 Jehovah
751 1414 920 1446 Israelem
946 1415 1038 1446 sicut
1063 1421 1163 1446 nutat
1188 1415 1346 1446 calamus
1372 1415 1407 1446 in
1433 1415 1545 1456 aquis,
1570 1420 1606 1446 et
1629 1414 1760 1448 avellet

440 1457 609 1489 Israelem
627 1468 649 1489 a
665 1468 771 1499 super
788 1464 883 1490 terra
899 1458 1023 1490 bona''
1041 1459 1123 1498 (xiv.
1146 1459 1216 1499 15):

263 1561 464 1601 vastatio
491 1560 710 1602 ecclesiae
733 1561 851 1614 apud
878 1560 992 1602 filios
1017 1561 1195 1602 Israelis
1219 1568 1508 1615 comparatur
1531 1560 1759 1602 nutationi
1807 1562 1811 1567 ’

264 1623 425 1664 calami
463 1638 542 1664 seu
579 1625 807 1665 arundinis
844 1625 888 1665 in
926 1625 1067 1678 aquis,
1101 1626 1203 1678 quia
1242 1633 1320 1678 per
1354 1624 1648 1665 “calamum‘’
1680 1638 1759 1666 seu

263 1686 530 1728 arundinem
557 1686 836 1740 significatur
861 1700 1016 1728 verum
1049 1687 1270 1728 sensualis
1296 1687 1506 1735 hominis,
1534 1687 1655 1741 quod
1687 1693 1758 1728 est

264 1750 499 1800 ultimum;
538 1756 584 1790 et
617 1750 661 1790 id
687 1763 856 1799 verum,
877 1750 1058 1804 quando
1084 1756 1318 1803 separatur
1342 1763 1368 1790 a
1388 1750 1485 1790 luce
1512 1749 1757 1803 spiritualis

264 1813 473 1861 hominis,
502 1819 572 1854 est
598 1813 785 1854 falsum:
826 1826 930 1854 nam
954 1813 1174 1854 sensualis
1201 1813 1339 1853 homo
1365 1814 1517 1853 omnia
1542 1827 1621 1853 sua
1646 1813 1758 1853 hau-

264 1877 320 1917 rit
347 1890 406 1917 ex
433 1877 709 1929 apparentiis
741 1877 785 1916 in
812 1876 1007 1927 mund0;
1046 1876 1150 1916 inde
1182 1876 1556 1917 ratiocinationes
1583 1890 1642 1917 ex
1670 1875 1758 1916 illis

264 1938 320 1979 de
352 1938 660 1992 spiritualibus
693 1945 797 1980 sunt
831 1952 980 1980 merae
1012 1938 1231 1987 fallaciae,
1261 1945 1307 1979 et
1341 1953 1399 1979 ex
1432 1938 1621 1979 fallaciis
1653 1945 1758 1980 sunt

263 2000 391 2041 salsa.
451 2011 551 2048 (Quid
573 2011 714 2040 fallaciae
733 2020 885 2040 sensuum
905 2011 937 2040 in
957 2011 1183 2049 spiritualibus,
1204 2015 1235 2040 et
1255 2012 1343 2048 quod
1363 2011 1438 2040 inde
1457 2011 1544 2045 falsa,
1565 2010 1709 2040 videatur
1727 2011 1760 2040 in

265 2059 425 2088 Doctrina
439 2061 549 2088 Novae
560 2060 807 2097 Hierosolymae,
824 2069 854 2089 n.
871 2067 927 2097 53:
952 2064 1019 2088 tum
1034 2069 1131 2097 supra
1145 2060 1176 2088 in
1193 2060 1420 2097 Explicatione
1430 2063 1526 2097 super
1535 2059 1760 2097 Apocalypsin,

263 2118 295 2139 n.
315 2107 392 2151 575
407 2119 414 2144 ς
439 2114 470 2138 et
484 2110 573 2146 quod
588 2110 762 2138 scientifica
775 2110 934 2138 sensualia
947 2110 1009 2138 sint
1029 2119 1115 2138 mere
1130 2110 1272 2138 fallaciae
1287 2110 1419 2146 quando
1434 2109 1533 2138 homo
1547 2109 1701 2138 sensualis
1720 2118 1760 2139 ex

263 2162 323 2191 illis
337 2162 551 2197 ratiocinatur,
568 2171 673 2200 supra,
691 2172 721 2192 n.
742 2152 883 2204 569[c],
903 2153 954 2204 58
965 2163 978 2191 Ι
989 2162 1057 2200 [a]:
1082 2167 1149 2191 tum
1170 2163 1247 2199 quid
1263 2162 1418 2196 sensuale,
1435 2167 1466 2191 et
1485 2162 1587 2199 qualis
1606 2162 1760 2192 sensualis

263 2215 372 2250 homo,
388 2215 420 2244 in
436 2216 595 2244 Dolirina
610 2217 719 2245 Novae
737 2216 983 2254 Hierosolymae,
999 2225 1030 2245 n.
1047 2216 1112 2254 50.)

351 2275 431 2330 [c.]
474 2276 614 2329 Apud
639 2275 979 2329 Evangelz‘stas‚

338 2371 442 2412 Quod
456 2371 641 2411 posuerint
658 2371 832 2402 calamum
851 2371 886 2402 in
903 2370 1064 2402 dextram
1085 2370 1239 2408 Domini,
1254 2376 1289 2402 et
1306 2371 1400 2411 quod
1417 2376 1542 2411 postea
1558 2371 1760 2411 acceperint

440 2415 615 2445 calamum
641 2421 675 2446 et
699 2415 761 2445 illo
786 2415 1026 2455 percusserint
1050 2421 1155 2455 caput
1180 2414 1296 2454 Ipsius
1321 2414 1463 2454 (Matth.
1489 2414 1596 2446 xxvii.
1623 2423 1673 2454 29,
1695 2423 1758 2453 303

337 2459 549 2542 Tumstgffgg
568 2457 763 2542 {gonziz’rm
789 2501 1025 2542 imposuerint
1049 2501 1197 2539 calamo,
1222 2507 1257 2533 et
1281 2501 1483 2542 potaverint
1509 2500 1630 2541 Ipsum
1656 2507 1757 2533 aceto

438 2544 581 2585 (Mattlz.
599 2546 705 2585 xxvii,
723 2546 764 2585 48
779 2555 786 2584 ;
811 2546 922 2577 Marc.
940 2555 996 2577 xv.
1014 2546 1090 2586 36);

264 2648 338 2702 qui
379 2659 469 2687 non
512 2647 597 2688 scit
639 2660 821 2688 sensum
859 2647 1001 2688 Verbi
1042 2646 1334 2700 spiritualem,
1378 2647 1560 2688 credere
1601 2653 1756 2700 potest

265 2710 385 2764 quod
411 2709 522 2750 haec
552 2716 597 2750 et
625 2710 752 2763 plura
777 2723 891 2763 quae
914 2710 970 2750 de
993 2710 1202 2763 passione
1226 2709 1408 2750 Domini
1432 2716 1751 2759 memorantur,

265 2786 355 2813 non
382 2772 481 2826 plus
507 2773 743 2813 involvant
770 2786 904 2826 quam
930 2772 1140 2826 vulgares
1168 2773 1327 2813 modos
1353 2772 1597 2823 illusionis;
1638 2774 1754 2814 sicut

263 2835 384 2889 quod
414 2838 667 2875 “coronam
700 2849 759 2876 ex
792 2836 930 2889 spinis
961 2836 1192 2888 posuerint
1225 2849 1357 2889 super
1388 2837 1536 2889 capite
1569 2835 1755 2889 Ipsius‚”

263 2897 384 2951 quod
419 2901 609 2939 “vestes
645 2897 788 2951 Ipsius
826 2898 981 2951 partiti
1013 2899 1117 2948 sint,
1151 2904 1197 2939 et
1236 2911 1325 2939 non
1362 2898 1602 2948 tunicam‚''
1633 2897 1754 2953 quod
