1962 3334
313 265 420 319 1586
722 274 1054 309 APOCALYPSIS
1084 276 1385 310 EXPLICATA.

303 387 486 442 phetas,
521 394 566 429 et
600 387 827 441 nigrescet
861 402 993 442 super
1029 389 1080 430 iis
1118 389 1253 439 dies,”
1286 390 1511 444 significat
1549 391 1668 445 quod
1706 406 1795 434 non

307 450 501 504 amplius
524 451 673 505 aliqua
696 451 774 492 lux
798 465 823 492 a
851 451 1049 493 Domino
1071 459 1116 493 et
1144 467 1168 494 e
1190 453 1318 494 caelo
1341 453 1510 502 influet,
1534 468 1647 508 quae
1670 454 1795 495 illus-

308 514 463 561 trabit,
493 514 572 554 sed
599 514 748 567 caligo
771 528 829 555 ex
857 515 1038 555 infernis
1063 530 1176 569 quae
1203 515 1486 557 intelle&um
1514 517 1723 570 nigrabit.

393 581 482 636 [CL]
518 582 746 635 Quoniam
765 582 920 623 multis
942 583 986 623 in
1009 583 1122 624 locis
1144 585 1439 625 nominantur
1456 585 1725 639 prophetae,
1749 591 1796 626 et

309 645 495 698 quisque
522 657 612 684 non
635 644 770 684 aliam
797 645 852 685 de
879 644 966 685 illis
992 645 1141 686 ideam
1164 647 1285 699 cepit
1311 659 1445 700 quam
1468 648 1583 688 sicut
1609 647 1665 687 de
1692 660 1796 700 pro-

309 706 461 760 phetis
488 706 672 747 Veteris
700 707 988 748 Testamenti
1021 721 1099 760 per
1130 722 1242 761 quos
1275 709 1496 750 Dominus
1523 709 1701 750 locutus
1726 715 1798 751 est

310 769 368 810 ad
406 769 622 823 populum
663 776 710 810 et
751 784 829 823 per
865 784 977 823 quos
1015 770 1237 811 Dominus
1278 770 1464 812 dietavit
1501 771 1716 821 Verbum,
1750 779 1798 814 et

309 833 411 886 quia
443 833 646 874 Verbum
688 834 731 873 in
775 833 984 873 omnibus
1025 839 1070 874 et
1111 834 1299 887 singulis
1341 835 1478 875 etiam
1519 835 1797 888 spiritualem

309 909 491 936 sensum
525 895 679 944 habet,
708 895 810 936 ideo
842 896 886 935 in
919 910 973 936 eo
1002 909 1137 936 sensu
1169 910 1248 950 per
1283 897 1601 950 “prophetas’'
1627 897 1797 938 intelli-

309 965 478 1012 guntur
518 973 676 999 omnes
715 972 827 1012 quos
870 958 1090 999 Dominus
1129 960 1293 1010 docet;
1331 961 1396 1001 ita
1436 973 1595 1001 omnes
1635 961 1708 1014 qui
1752 961 1797 1000 in

309 1020 546 1063 affectione
577 1023 669 1063 veri
698 1021 918 1075 spirituali
950 1029 1069 1071 sunt,
1098 1022 1184 1063 hoc
1224 1030 1308 1072 est,
1337 1024 1411 1076 qui
1448 1036 1603 1064 verum
1640 1030 1797 1064 amant

309 1086 412 1139 quia
439 1092 508 1126 est
535 1098 704 1133 verum,
733 1085 817 1125 hos
843 1085 963 1125 enim
987 1085 1123 1126 docet
1152 1085 1387 1134 Dominus,
1412 1086 1554 1127 influit
1576 1087 1626 1127 in.
1643 1099 1797 1127 eorum

309 1148 608 1197 intellee‘mm,
627 1162 678 1189 ac
702 1148 899 1189 illustrat
923 1163 932 1199 ;
965 1155 1011 1189 et
1034 1148 1119 1190 hoc
1140 1149 1239 1202 plus
1257 1163 1391 1203 quam
1411 1150 1529 1203 apud
1549 1149 1797 1203 prophetas

310 1212 494 1253 Veteris
518 1212 821 1259 Testamenti,
850 1211 894 1251 hi
921 1212 1039 1252 enim
1067 1225 1157 1252 non
1184 1211 1528 1255 illustrabantur
1553 1212 1702 1266 quoad
1729 1212 1797 1252 in-

311 1274 561 1325 tellefhim,
587 1276 665 1317 sed
690 1276 826 1316 modo
849 1275 1128 1328 recipiebant
1151 1275 1306 1316 auditu
1328 1276 1478 1325 verba,
1503 1290 1617 1330 quae
1639 1273 1799 1316 diGturi

314 1346 443 1381 erant
466 1346 543 1380 aut
566 1353 680 1392 quae
704 1339 908 1392 scripturi
927 1353 936 1388 ;
969 1338 1122 1386 immo,
1139 1351 1220 1379 nec
1240 1339 1500 1379 interiorem
1519 1351 1672 1379 eorum
1696 1351 1799 1379 sen-

311 1416 410 1443 sum
450 1403 596 1442 minus
638 1401 918 1455 spiritualem
959 1400 1296 1454 intelligebant.
1358 1401 1434 1442 Ex
1479 1401 1547 1442 his
1589 1397 1799 1442 constare

311 1472 466 1519 potest
504 1466 624 1519 quod
662 1479 740 1518 per
774 1463 1092 1518 “prophetas'’
1125 1465 1169 1504 in
1206 1478 1340 1504 sensu
1372 1464 1593 1518 spirituali
1630 1463 1798 1504 intelli-

311 1535 477 1582 gantur
503 1542 662 1569 omnes
694 1528 767 1581 qui
799 1541 824 1568 a
857 1527 1056 1567 Domino
1088 1527 1281 1580 sapiunt,
1310 1528 1404 1568 sive
1436 1528 1574 1568 etiam
1603 1527 1799 1567 doceant

311 1593 405 1633 sive
438 1606 528 1632 non
561 1592 785 1632 doceant:
830 1597 877 1631 et
914 1591 1018 1644 quia
1050 1591 1197 1630 omnis
1229 1604 1387 1630 sensus
1419 1604 1523 1631 vere
1555 1590 1800 1644 spiritualis

311 1662 381 1697 est
406 1653 662 1696 abstraetus
688 1655 745 1695 ab
771 1654 872 1694 idea
898 1666 1204 1707 personarum,
1230 1652 1430 1694 locorum
1456 1659 1502 1694 et
1529 1659 1798 1706 temporum,

311 1720 414 1760 ideo
456 1733 535 1772 per
578 1717 888 1771 “prophetam
901 1717 920 1731 ‘’
961 1731 1138 1770 quoque
1178 1715 1458 1769 significatur
1501 1717 1545 1757 in
1591 1729 1801 1769 supremo

312 1796 446 1823 sensu
490 1781 712 1822 Dominus
754 1781 902 1834 quoad
949 1780 1150 1820 Verbum
1193 1786 1238 1820 et
1285 1779 1433 1832 quoad
1479 1777 1731 1820 doc'trinam
1776 1793 1800 1819 e

313 1846 483 1895 Verbo,
512 1852 557 1886 et
599 1859 776 1899 quoque
803 1844 1005 1885 Verbum
1048 1857 1098 1884 ac
1136 1841 1367 1893 d0&rina;
1410 1855 1461 1883 ac
1502 1843 1547 1893 jn
1588 1842 1800 1895 opposito

313 1923 447 1950 sensu
470 1922 548 1962 per
569 1912 593 1928 ‘⁴
611 1907 891 1962 prophetas‘’
910 1906 1221 1960 significantur
1243 1906 1554 1958 perversiones
1577 1911 1622 1946 et
1648 1904 1800 1945 falsifi-

313 1973 517 2013 cationes
537 1971 692 2019 Verbi,
713 1984 764 2011 ac
788 1970 900 2011 falsa
919 1968 1165 2011 doctrinae.
1227 1969 1289 2009 Et
1312 1969 1414 2022 quia
1432 1968 1543 2009 haec
1562 1982 1640 2022 per
1658 1972 1683 1988 ‘⁸
1697 1981 1799 2021 pro-

312 2035 478 2089 phetas
493 2034 512 2050 ”
534 2036 578 2075 in
606 2041 796 2088 utroque
819 2047 953 2074 sensu
979 2032 1303 2086 significantur,
1324 2031 1458 2072 velim
1484 2031 1628 2072 solum
1652 2030 1800 2085 aliqua

313 2098 416 2139 loca
439 2097 594 2138 afferre
617 2098 661 2137 in
680 2097 839 2151 quibus
859 2096 1109 2150 prophetae
1126 2095 1431 2142 nominantur,
1446 2108 1524 2147 per
1534 2107 1645 2148 quos
1665 2093 1800 2151 intel-

314 2161 516 2214 liguntur
538 2173 696 2201 omnes
722 2160 795 2213 qui
821 2160 1041 2212 recipiunt
1068 2165 1114 2199 et
1141 2159 1309 2204 docent
1333 2157 1534 2197 Verbum
1561 2162 1607 2197 et
1635 2154 1801 2197 doetri-

315 2237 434 2272 nam,
463 2230 509 2265 et
542 2225 586 2264 in
618 2237 753 2264 sensu
782 2229 994 2276 separato
1025 2236 1051 2263 a
1082 2222 1286 2275 personis
1312 2220 1581 2273 intelligitur
1599 2219 1801 2260 Verbum

315 2293 361 2328 et
385 2285 604 2333 doetrina,
625 2299 675 2327 ac
700 2287 744 2326 in
768 2286 979 2339 opposito
997 2298 1131 2326 sensu
1153 2284 1225 2337 qui
1249 2288 1513 2337 pervertunt
1529 2282 1731 2323 Verbum
1754 2287 1800 2322 et

314 2350 483 2391 docent
506 2349 617 2390 falsa
640 2347 887 2397 doetrinae,
911 2355 957 2389 et
981 2345 1210 2388 abstrae'te
1233 2346 1460 2400 perversio
1483 2345 1623 2386 Verbi
1646 2351 1691 2385 et
1718 2343 1800 2385 sal-

313 2425 412 2454 sum
435 2411 667 2453 doctrinae
685 2411 895 2465 z—Apud
922 2410 1125 2459 Esaiam,

379 2506 398 2519 “
409 2504 600 2537 Exscindet
616 2503 778 2545 Jehovah
791 2513 835 2534 ex
854 2502 985 2534 Israele
999 2508 1103 2542 caput
1120 2507 1155 2532 et
1171 2500 1318 2532 caudam
1333 2509 1356 2537 ς.
1372 2525 1379 2532 .
1393 2524 1400 2532 .
1415 2509 1540 2532 .senex
1553 2505 1588 2530 et
1604 2498 1802 2529 honoratus

488 2548 644 2579 faciebus
670 2554 774 2587 caput
802 2554 865 2584 est,
890 2547 1065 2586 propheta
1087 2551 1206 2577 autem
1230 2543 1355 2576 dotstor
1379 2543 1556 2575 mendacii
1580 2542 1692 2574 cauda
1719 2540 1803 2573 est”

487 2592 545 2631 (ix-
566 2589 650 2633 [13‚]
673 2600 711 2630 14
731 2589 790 2632 [Β.
806 2592 835 2621 Α
843 2616 850 2622 ·
871 2599 918 2629 14,
940 2587 1031 2631 15]);

313 2669 432 2724 apud
459 2669 668 2717 eundem,

380 2739 542 2772 “Effudit
567 2749 672 2778 super
696 2749 760 2770 vos
785 2738 946 2779 Jehovah
971 2738 1133 2778 spiritum
1159 2736 1430 2773 somnolentiae,
1451 2740 1486 2766 et
1510 2734 1657 2766 occlusit
1680 2733 1801 2765 oculos

487 2789 637 2820 vestros,
659 2783 850 2822 prophetas
868 2788 902 2813 et
919 2782 1035 2822 capita
1051 2787 1180 2819 vestra,
1194 2780 1356 2811 videntes
1372 2778 1509 2810 obtexit
1521 2777 1540 2790 ’¹
1557 2778 1664 2819 (xxix.
1682 2777 1734 2817 10)
1748 2787 1755 2815 ;

314 2859 432 2914 apud
460 2859 723 2907 Jeremiam,

381 2929 643 2969 “Abnegarunt
666 2928 839 2970 Jehovam
861 2928 1002 2969 quando
1022 2927 1198 2966 dixerunt,
1221 2925 1303 2958 Non
1328 2925 1397 2964 ille,
1416 2935 1529 2967 neque
1549 2924 1671 2956 veniet
1695 2932 1801 2964 super
