1962 3334
583 270 690 303 cAP.
713 271 796 312 1x.,
819 271 958 304 vens.
981 263 1127 304 8.—N.
1153 271 1173 315 5
1182 228 1318 316 56[b]‘.
1441 286 1447 289 -
1585 271 1693 316 1399

205 383 300 424 xxi.
318 394 385 436 23,
404 394 483 435 24;
513 383 652 425 Levit.
671 385 796 425 xxiv.
815 395 896 436 20;
927 384 1081 426 Deutr.
1098 385 1195 426 xix.
1218 384 1309 438 21),
1324 384 1405 425 fuit
1423 397 1570 434 causa,
1589 385 1693 438 quia

141 440 144 441 ⁷
204 447 383 487 externi
413 447 618 487 homines
648 453 791 495 erant,
824 454 871 488 et
901 447 1006 488 inde
1038 447 1183 488 solum
1215 448 1259 487 in
1290 448 1689 499 repraesentativis

203 508 480 558 caelestium,
507 515 554 550 et
579 523 669 550 non
695 510 739 550 in
764 510 870 563 ipsis
896 509 1193 560 caelestibus;
1226 509 1330 550 inde
1356 523 1439 550 nec
1470 510 1513 550 in
1545 509 1690 550 chari-

203 576 316 620 tate,
347 571 664 620 misericordia,
697 573 931 624 patientia,
964 578 1011 613 et
1041 573 1087 613 in
1112 572 1262 625 aliquo
1292 573 1414 612 bono
1445 572 1688 624 spirituali:

203 632 306 674 ideo
331 641 460 675 erant
490 635 534 674 in
559 633 654 687 jure
681 634 889 685 talionis;
922 647 1022 675 nam
1052 636 1128 676 lex
1160 635 1370 675 caelestis
1400 641 1447 675 et
1478 635 1580 676 inde
1613 635 1690 675 lex

206 695 461 738 Christiana
485 703 556 738 est
581 710 715 750 quam
743 697 964 738 Dominus
989 698 1141 738 docuit
1167 697 1285 750 apud
1310 696 1646 750 Evangelistas,

270 802 289 815 ¹¹
300 801 431 833 Omnia
444 812 672 843 quaecunque
683 802 866 834 volueritis
879 809 918 834 ut
933 801 1064 834 faciant
1079 803 1182 834 vobis
1198 803 1372 839 homines,
1386 802 1436 834 sic
1452 808 1488 834 et
1503 812 1568 834 vos
1586 802 1691 834 facite

377 845 445 876 illis
460 855 467 884 ;
491 846 577 877 haec
590 852 644 877 est
661 846 734 877 Lex
750 852 786 878 et
804 846 1030 887 Prophetae’'
1044 847 1187 886 (Matth.
1201 847 1260 878 vii.
1276 854 1315 877 12
1330 856 1337 883 ;
1361 846 1443 878 Luc.
1457 846 1502 877 vi.
1518 843 1627 886 [¹131):

205 941 310 994 quia
338 941 449 982 haec
481 941 558 982 lex
594 942 637 982 in
669 942 796 983 caelo
827 949 913 991 est,
946 949 993 984 et
1024 956 1083 983 ex
1115 942 1242 984 caelo
1273 943 1317 983 in
1349 942 1554 991 ecclesia,
1586 942 1690 983 inde

204 1003 342 1044 etiam
364 1017 498 1045 omne
519 1004 684 1045 malum
708 1018 859 1046 secum
878 1019 1069 1058 poenam
1088 1006 1518 1058 correspondentem
1536 1005 1688 1053 habet,

204 1080 318 1120 quae
349 1080 496 1119 poena
526 1067 631 1108 mali
663 1075 864 1117 vocatur,
896 1075 942 1110 et
979 1069 1097 1109 inest
1129 1070 1243 1110 sicut
1275 1067 1515 1122 conjuncta
1545 1068 1689 1119 malo;

204 1142 264 1170 ex
294 1129 380 1170 hoc
412 1129 506 1171 fluit
532 1144 678 1183 poena
704 1131 898 1179 talionis,
925 1145 1039 1185 quae
1071 1130 1241 1172 dictata
1265 1132 1345 1173 fuit
1372 1132 1470 1172 filiis
1497 1131 1688 1179 Israelis,

203 1192 306 1245 quia
330 1193 509 1233 externi
534 1193 739 1234 homines
765 1200 812 1235 et
839 1207 928 1235 non
954 1195 1117 1235 interni
1143 1201 1284 1235 erant.
1348 1195 1519 1235 Interni
1545 1194 1690 1235 homi-

206 1267 301 1303 nes,
333 1261 382 1295 ut
418 1262 522 1296 sunt
553 1256 703 1309 angeli
734 1256 861 1306 caeli,
895 1270 985 1297 non
1021 1257 1180 1298 volunt
1211 1258 1553 1298 retributionem
1585 1257 1691 1297 mali

206 1329 286 1369 pro
303 1317 437 1366 malo,
456 1318 535 1358 sed
557 1332 616 1358 ex
635 1318 855 1360 charitate
873 1319 1059 1360 caelesti
1082 1321 1343 1361 condonant
1360 1334 1369 1361 :
1403 1321 1550 1361 sciunt
1571 1320 1690 1360 enim

202 1379 322 1432 quod
341 1380 561 1420 Dominus
575 1387 748 1422 tutetur
762 1394 919 1422 omnes
933 1383 1006 1435 qui
1024 1383 1067 1422 in
1085 1383 1206 1423 bono
1221 1390 1324 1424 sunt
1344 1390 1503 1424 contra
1520 1382 1663 1423 malos
1679 1396 1689 1433 ;

123 1475 133 1484 .
202 1450 250 1483 et
274 1443 395 1496 quod
421 1449 594 1484 tutetur
619 1445 865 1485 secundum
891 1445 1059 1485 bonum
1082 1446 1199 1498 apud
1225 1446 1351 1496 illos;
1384 1453 1430 1487 et
1457 1446 1577 1499 quod
1599 1459 1690 1487 non

202 1511 439 1555 tutaretur,
463 1506 515 1554 si,
542 1520 601 1547 ex
625 1506 744 1547 malo
770 1507 889 1560 quod
915 1508 997 1548 sibi
1022 1508 1204 1557 faciunt,
1228 1510 1583 1549 accenderentur
1607 1509 1689 1549 ini-

203 1568 383 1616 micitia,
425 1569 528 1609 odio
572 1575 619 1610 et
665 1568 876 1618 vindicta,
918 1570 1028 1611 haec
1074 1571 1191 1611 enim
1232 1578 1442 1612 avertunt
1483 1571 1689 1612 tutelam.

204 1629 332 1671 Haec
356 1631 508 1684 itaque
533 1639 638 1672 sunt
661 1646 773 1685 quae
799 1633 1037 1674 involvunt
1062 1633 1139 1674 illa
1163 1648 1276 1687 quae
1301 1635 1519 1675 Dominus
1545 1635 1689 1686 dixit;

203 1693 307 1746 quid
324 1700 475 1735 autem
493 1694 763 1747 significant,
783 1696 940 1736 ordine
959 1696 1144 1737 dicetur.
1208 1701 1231 1716 ‘⁴
1248 1695 1416 1737 Oculus
1439 1711 1519 1749 pro
1541 1698 1687 1747 oculo,

202 1762 250 1796 et
274 1756 385 1796 dens
410 1770 490 1809 pro
515 1757 694 1806 dente,’'
715 1757 939 1810 significat
965 1765 1183 1812 quantum
1208 1759 1365 1812 aliquis
1391 1760 1520 1800 alteri
1546 1761 1689 1802 aufert

202 1817 483 1860 intellectum
514 1821 607 1860 veri
638 1827 684 1861 et
721 1833 901 1861 sensum
932 1822 1038 1869 veri,
1072 1827 1249 1862 tantum
1286 1822 1349 1863 illi
1386 1823 1688 1874 auferrentur;

202 1893 282 1933 per
304 1882 518 1922 “oculum
531 1882 550 1897 ”
568 1881 845 1935 significatur
865 1882 1122 1924 intellectus
1144 1885 1250 1933 veri,
1270 1891 1316 1926 et
1338 1899 1417 1938 per
1436 1886 1690 1927 “dentem’'

202 1956 359 1984 sensus
384 1945 490 1992 veri,
518 1958 621 1985 nam
650 1945 800 1986 “dens
813 1945 832 1960 ”
857 1945 1082 1998 significat
1109 1960 1262 1987 verum
1293 1954 1341 1988 et
1372 1947 1531 1989 falsum
1557 1949 1689 2002 quale

202 2012 272 2047 est
297 2007 491 2047 sensuali
522 2008 716 2058 homini;
757 2009 876 2062 quod
902 2008 976 2049 ille
1002 2010 1076 2062 qui
1106 2010 1149 2049 in
1176 2010 1296 2050 bono
1323 2010 1578 2052 Christiano
1602 2019 1688 2061 est,

202 2070 436 2121 permittet
461 2076 508 2110 ut
531 2070 673 2110 malus
698 2070 775 2111 illa
799 2071 968 2112 auferat
994 2079 1212 2126 quantum
1234 2079 1402 2125 potest,
1426 2074 1691 2116 describitur

202 2144 282 2184 per
305 2131 383 2172 illa
412 2146 526 2185 quae
552 2132 771 2173 Dominus
803 2133 859 2174 de
891 2134 1051 2174 eadem
1082 2148 1128 2175 re
1159 2136 1418 2188 respondit:
1458 2141 1588 2178 “non
1619 2152 1689 2179 re—

202 2194 450 2235 sistendum
496 2209 595 2236 esse
640 2189 760 2236 malo
775 2195 794 2211 ”
830 2195 1053 2248 significat
1094 2210 1184 2238 non
1227 2200 1569 2251 repugnandum
1605 2214 1687 2242 nec

202 2256 538 2298 retribuendum
575 2258 663 2308 illi;
709 2258 860 2311 angeli
891 2259 1009 2299 enim
1049 2272 1140 2300 non
1177 2268 1381 2313 pugnant
1412 2275 1513 2303 cum
1544 2263 1688 2313 malis,

202 2319 346 2359 minus
371 2321 622 2361 retribuunt
648 2321 815 2361 malum
843 2334 922 2374 pro
948 2321 1096 2372 ma103
1134 2323 1213 2364 sed
1245 2325 1514 2376 permittunt
1545 2333 1593 2367 ut
1624 2326 1687 2367 fa-

202 2381 338 2430 ciant,
361 2382 463 2435 quia
484 2383 571 2423 tuti
593 2390 696 2424 sunt
721 2397 747 2424 a
771 2383 982 2433 Domino,
1006 2391 1053 2426 et
1078 2385 1182 2426 inde
1205 2399 1295 2426 non
1317 2387 1497 2440 aliquod
1520 2388 1687 2430 malum

202 2443 259 2484 ab
289 2443 461 2485 inferno
498 2445 584 2486 illis
621 2447 835 2486 damnum
867 2453 1021 2499 potest
1059 2447 1244 2489 inferre:
1290 2451 1577 2504 “quicunque
1608 2452 1689 2492 tibi

201 2506 440 2560 impegerit
466 2507 642 2561 alapam
669 2509 713 2549 in
745 2509 956 2549 dextram
982 2515 1106 2551 tuam
1133 2511 1380 2561 maxillam,
1408 2514 1594 2555 obverte
1625 2514 1688 2555 illi

201 2570 339 2610 etiam
360 2570 589 2620 alteram,”
610 2570 848 2624 significat,
871 2572 907 2612 si
928 2573 1025 2626 quis
1046 2573 1261 2615 damnum
1282 2575 1440 2616 inferre
1462 2576 1560 2617 vult
1586 2590 1687 2630 per-

201 2632 398 2685 ceptioni
423 2639 470 2674 et
501 2633 749 2675 intellectui
774 2635 865 2674 veri
896 2635 1131 2684 interioris,
1157 2644 1204 2677 ut
1235 2638 1522 2690 permittatur
1546 2653 1687 2693 quan-

201 2700 296 2735 tum
342 2701 520 2747 tentat;
571 2710 650 2749 per
694 2696 966 2737 “maxillam
978 2697 997 2712 ”
1040 2698 1315 2751 significatur
1363 2702 1593 2754 perceptio
1640 2710 1688 2744 et

200 2756 455 2798 intellectus
473 2759 564 2799 veri
581 2760 803 2800 interioris
823 2773 833 2811 ;
865 2773 944 2812 per
964 2761 1235 2803 “maxillam
1253 2763 1494 2804 dextram”
1511 2763 1687 2806 affectio

200 2826 247 2861 et
272 2820 375 2861 inde
401 2822 631 2875 perceptio
657 2822 763 2875 ejus,
790 2830 836 2863 et
863 2835 942 2876 per
968 2824 1239 2865 “maxillam
1266 2826 1490 2867 sinistram
1506 2826 1525 2841 '¹
1550 2827 1686 2868 intel-

201 2881 343 2924 lectus
373 2883 491 2937 ejus;
528 2890 574 2926 et
606 2886 708 2938 quia
739 2885 900 2927 dicitur
932 2886 1195 2939 “maxilla,“
1225 2889 1325 2930 ideo
1356 2890 1493 2931 etiam
1526 2889 1687 2931 dicitur
