1956 3328
276 276 383 329 1906
686 286 1019 320 APOCALYPSIS
1051 288 1350 321 EXPLICATA.

269 397 497 447 foederis,”
524 399 660 439 etiam
687 400 804 452 apud
830 400 998 450 Mosen,

337 473 448 505 “Non
473 484 613 506 cessare
638 475 746 506 facies
771 476 882 507 salem
907 476 1062 508 foederis
1089 477 1154 508 Dei
1180 478 1230 509 tui
1255 487 1362 518 super
1385 487 1534 510 munere
1559 484 1629 517 tuo,
1655 489 1761 520 super

442 519 540 549 omni
559 528 705 550 munere
723 525 783 550 tuo
804 519 933 551 offeres
952 521 1062 551 salem
1074 520 1091 532 '¹
1109 520 1231 561 (Levit.
1249 522 1281 553 ii.
1303 522 1374 560 13):

269 599 389 653 quod
421 599 487 640 sal
519 614 651 653 super
683 614 864 642 munere
897 602 1071 643 dicatur
1104 603 1207 644 “sal
1239 603 1468 653 foederis‚”
1500 611 1596 646 erat
1628 619 1763 646 causa

269 662 372 715 quia
403 676 481 715 per
515 663 723 703 “salem”
756 664 1032 716 significatur
1063 665 1332 706 desiderium
1364 668 1456 707 veri
1487 667 1544 708 ad
1576 667 1760 718 bonum,

269 736 328 763 CX
365 737 454 776 quo
489 723 748 775 conjuntstio
787 726 1021 778 utriusque
1052 736 1107 774 (de
1126 746 1191 774 qua
1213 738 1285 766 saliS
1308 738 1538 775 significatione
1560 739 1704 768 videatur
1726 739 1760 769 in

269 793 408 821 Arcam}
427 794 619 827 Caelestibus,
633 803 664 822 n.
681 794 789 832 9207).
850 783 986 836 Quod
1009 799 1126 825 uxor
1147 786 1324 826 dicatur
1349 791 1504 827 “uxor
1524 786 1762 836 foederis‚”

270 837 388 890 apud
413 837 702 886 Malachiam,

990 899 1005 916 Ο

337 926 525 968 “Jehovah
539 927 746 959 testificatus
761 934 814 959 est
832 929 925 959 inter
942 935 975 960 te
993 935 1028 960 et
1045 929 1137 960 inter
1155 939 1300 960 uxorem
1318 929 1514 970 juventutis
1532 937 1623 968 tuae,
1638 939 1763 963 contra

445 981 548 1011 quam
563 977 600 1002 tu
614 971 744 1011 perfide
759 972 872 1012 egisti,
888 982 966 1003 cum
980 972 1040 1003 illa
1054 973 1150 1003 socia
1163 979 1222 1004 tua
1233 981 1267 1004 et
1279 983 1369 1004 uxor
1377 973 1531 1005 foederis
1542 974 1592 1005 tui
1603 973 1620 986 '’
1630 975 1676 1010 (ii.
1690 975 1762 1015 14):

270 1072 386 1099 uxor
411 1059 470 1099 ibi
497 1066 685 1100 vocatur
710 1063 863 1100 “uxor
888 1060 1080 1101 foederis
1093 1060 1111 1075 '’
1129 1075 1188 1101 ex
1216 1060 1529 1114 conjun&i0ne
1556 1075 1657 1103 curn
1683 1076 1763 1102 suo

269 1122 391 1172 viro;
436 1128 482 1162 at
524 1135 602 1174 per
643 1123 901 1162 “uxorem’'
939 1123 998 1163 ibi
1039 1122 1317 1176 significatur
1357 1124 1562 1173 ecclesia,
1598 1131 1644 1165 et
1686 1138 1764 1178 per

274 1187 299 1204 “
313 1197 501 1224 uxorem
515 1184 764 1237 juventutis
777 1185 795 1200 '’
813 1185 1019 1226 Ecclesia
1035 1186 1254 1239 Antiqua,
1272 1193 1430 1226 contra
1448 1200 1581 1240 quam
1601 1187 1762 1227 Eccle-

271 1247 336 1286 sia
359 1246 544 1299 Judaica
571 1247 739 1299 perfide
766 1249 911 1300 egisse
938 1248 1125 1298 dicitur3
1166 1255 1211 1288 et
1242 1250 1343 1301 quia
1372 1256 1558 1302 utraque
1585 1263 1761 1302 reprae-

271 1309 499 1349 sentativa
530 1309 623 1357 fuit,
658 1315 704 1350 et
741 1310 783 1350 in
821 1323 875 1350 eo
909 1310 1088 1358 similes,
1123 1317 1168 1351 et
1206 1312 1266 1351 sic
1304 1311 1450 1351 forent
1482 1310 1761 1364 conjun&ae,

271 1371 373 1411 ideo
413 1372 588 1420 dieitur,
619 1373 756 1412 “cum
797 1372 873 1412 illa
914 1373 1034 1413 socia
1070 1379 1148 1413 tua
1188 1380 1234 1413 et
1276 1387 1391 1413 uxor
1431 1374 1621 1414 foederis
1662 1370 1797 1414 tui.''''

273 1433 408 1487 Quod
439 1434 631 1475 “foedus
658 1448 759 1475 cum
787 1435 1007 1488 lapidibus
1034 1435 1166 1488 agri,”
1193 1436 1368 1476 dicatur
1393 1436 1511 1489 apud
1535 1436 1742 1485 Hz'obum,

339 1523 401 1555 “A
426 1523 502 1555 fera
518 1524 593 1564 agri
614 1534 686 1554 non
705 1524 856 1561 timebis,
877 1534 959 1555 nam
980 1534 1058 1555 cum
1079 1524 1253 1564 lapidibus
1271 1524 1345 1564 agri
1366 1524 1492 1556 foedus
1509 1531 1618 1563 tuum,
1636 1531 1671 1556 et
1690 1524 1765 1556 fera

447 1568 523 1608 agri
540 1567 686 1608 pacifica
703 1568 768 1598 erit
786 1568 848 1598 tibi
861 1567 877 1579 '¹
896 1568 940 1607 (v.
960 1576 1010 1606 22,
1029 1569 1103 1608 23):

274 1663 352 1702 per
386 1650 583 1690 “foedus
626 1663 726 1690 cum
770 1650 991 1702 lapidibus
1033 1650 1127 1702 agri
1140 1649 1158 1664 ”
1195 1649 1472 1702 significatur
1511 1648 1764 1702 conjunctio

275 1726 375 1753 cum
398 1713 513 1753 veris
531 1712 763 1761 ecclesiae,
785 1726 887 1752 nam
914 1716 938 1732 “
953 1712 1124 1765 lapides
1139 1712 1156 1727 '’
1174 1712 1428 1765 significant
1450 1726 1569 1762 vera,
1592 1712 1765 1765 “ager'’

274 1775 527 1824 ecclesiam,
563 1781 607 1816 et
643 1775 835 1815 “foedus
849 1775 867 1789 ''
900 1773 1287 1828 conjunffionem;
1328 1789 1405 1827 per
1434 1779 1458 1795 “
1472 1775 1608 1815 feram
1641 1776 1735 1827 agri
1747 1774 1765 1790 ’‘

275 1837 551 1891 significatur
582 1851 707 1878 amor
738 1837 848 1886 falsi,
877 1852 902 1877 a
933 1851 1020 1891 qua
1050 1837 1141 1878 fera
1169 1841 1299 1877 “non
1332 1837 1549 1886 timebis,’'
1576 1843 1621 1878 et
1653 1851 1764 1891 quae

278 1904 303 1921 ‘⁴
316 1900 500 1954 pacifica
517 1900 639 1948 erit‚''
658 1900 839 1953 quando
862 1898 1118 1952 conjunffio
1136 1913 1214 1952 per
1231 1913 1335 1940 vera
1353 1906 1422 1940 est
1442 1913 1541 1939 cum
1561 1899 1764 1940 ecclesia.

276 1962 451 2003 Dicitur
468 1964 605 2003 etiam
624 1962 817 2003 “foedus
841 1975 941 2002 cum
964 1962 1065 2002 feris
1089 1969 1134 2002 et
1157 1961 1352 2010 avibus,'’
1370 1962 1487 2015 apud
1503 1961 1763 2010 Hosclzeam,

343 2052 511 2084 “Feriam
531 2053 600 2084 illis
618 2053 744 2084 foedus
762 2053 798 2084 in
816 2053 872 2084 die
892 2053 951 2084 illo
965 2063 1043 2084 cum
1062 2053 1138 2084 fera
1154 2053 1240 2093 agri,
1255 2063 1334 2084 cum
1348 2063 1414 2084 ave
1432 2053 1621 2092 caelorum,
1635 2058 1670 2085 et
1687 2063 1764 2084 cum

451 2097 567 2137 reptili
584 2103 697 2128 terrae
709 2096 727 2108 ’¹
742 2096 788 2136 (ii.
809 2097 882 2136 18);

276 2178 323 2213 et
349 2173 467 2225 apud
492 2172 659 2221 Mosen,

344 2245 471 2276 “Dixit
491 2245 588 2276 Deus
609 2245 653 2276 ad
676 2244 888 2282 Noachum„
904 2269 911 2276 .
926 2269 932 2276 .
948 2244 1054 2276 ,Ecce
1076 2244 1152 2284 Ego
1174 2244 1272 2284 erigo
1293 2244 1418 2275 foedus
1437 2253 1554 2275 meum
1571 2243 1767 2281 vobiscum,

457 2313 465 2320 .
480 2314 487 2320 .
502 2314 509 2321 .
524 2292 574 2320 ,et
590 2299 668 2319 cum
683 2289 780 2319 omni
798 2289 920 2319 anima
936 2288 1018 2318 viva
1035 2298 1123 2328 quae
1141 2298 1219 2318 cum
1239 2287 1351 2324 vobis,
1366 2288 1410 2318 ad
1427 2297 1540 2325 avem,
1554 2288 1599 2318 ad
1616 2287 1766 2318 bestiam

453 2338 488 2363 et
512 2333 556 2363 ad
582 2342 724 2362 omnem
751 2332 862 2363 feram
887 2338 1002 2362 terrae
1026 2331 1222 2368 vobiscum,
1243 2332 1287 2361 ab
1312 2330 1477 2361 omnibus
1503 2330 1766 2370 egredientibus

452 2386 543 2413 arca,
561 2377 676 2416 quoad
693 2385 837 2407 omnem
858 2375 970 2406 feram
989 2381 1102 2406 terrae
1115 2374 1133 2386 '’
1150 2375 1245 2414 (Gen.
1263 2375 1307 2406 ix.
1326 2384 1355 2414 9,
1377 2374 1429 2414 10)
1444 2385 1451 2406 :

278 2477 358 2518 per
391 2464 586 2505 “foedus
619 2477 719 2504 cum
751 2464 910 2512 bestia,
943 2464 1047 2512 fera,
1081 2463 1151 2503 avi
1187 2469 1232 2504 et
1271 2476 1370 2503 cum
1402 2462 1550 2515 reptili
1581 2462 1767 2511 terrae,”

278 2525 555 2579 significatur
592 2525 847 2579 conjunctio
884 2539 984 2566 cum
1027 2526 1192 2566 talibus
1234 2526 1352 2578 apud
1393 2525 1621 2565 hominem
1653 2539 1767 2578 quae

279 2588 586 2642 significantur
601 2603 679 2641 per
692 2589 780 2637 illa,
799 2603 876 2642 per
892 2593 917 2608 “
929 2589 1121 2630 bestiam
1134 2588 1152 2603 ”
1167 2589 1285 2628 enim
1304 2587 1580 2640 significatur
1593 2586 1766 2628 affectio

278 2651 397 2700 boni,
423 2665 500 2704 per
521 2651 724 2691 “feram'’
743 2650 918 2692 affectio
940 2651 1044 2700 veri,
1070 2665 1147 2703 per
1172 2650 1373 2691 “avem‘'
1391 2651 1700 2703 cogitativum,
1721 2658 1766 2691 et

279 2727 357 2767 per
382 2713 579 2765 “'reptile
602 2720 746 2753 terrae
759 2713 777 2728 ”
796 2713 1103 2762 scientificum,
1125 2713 1243 2766 quod
1268 2727 1326 2753 ex
1350 2711 1656 2753 affectionibus
1678 2712 1765 2752 illis

278 2777 400 2816 vivit.
462 2776 635 2816 Dicitur
660 2777 797 2815 etiam
823 2776 1016 2816 “foedus
1043 2789 1143 2816 cum
1169 2774 1353 2824 morte,”
1375 2775 1492 2827 apud
1518 2774 1720 2823 Esaiam,

346 2867 536 2904 “Dixistis,
559 2866 763 2897 Excidimus
785 2866 910 2897 foedus
931 2876 1009 2896 curn
1030 2871 1154 2903 morte,
1174 2871 1209 2896 et
1228 2875 1305 2895 cum
1328 2864 1469 2895 inferno
1490 2864 1638 2895 fecimus
1659 2864 1766 2895 visio-

455 2920 536 2941 nem
551 2921 574 2941 ς.
590 2935 617 2941 ..
634 2911 847 2940 ‚abolebitur
861 2910 985 2940 foedus
1000 2916 1154 2940 vestrum
1170 2919 1248 2939 cum
1263 2915 1386 2946 morte,
1402 2915 1436 2939 et
1453 2908 1543 2939 visio
1558 2915 1675 2939 vestra
1688 2917 1765 2939 cum

454 2953 595 2985 inferno
614 2963 686 2984 non
704 2953 901 2984 consistet'’
919 2953 1052 2990 (xxviii.
1074 2961 1122 2990 15.
1143 2954 1214 2989 18):
