1962 3334
300 247 407 290 1860
709 256 1043 290 APOCALYPSIS
1075 258 1374 289 EXPLICATA.

295 371 375 412 “in
410 371 591 412 nomine
625 371 768 424 Ipsius
790 370 937 423 jurare
952 371 971 386 ”
998 371 1235 413 involvunt
1262 372 1432 412 bonum
1464 372 1639 423 cultus;
1677 385 1780 413 nam

294 434 607 475 “adhaerere''
640 441 710 474 est
750 449 842 475 vox
880 435 985 475 boni
1017 435 1197 483 amoris,
1233 436 1443 488 quoniam
1481 435 1554 489 qui
1591 441 1714 476 amat
1746 436 1782 475 is

291 497 538 543 adhaeret2
582 497 788 538 similiter
828 497 1007 549 “jurare
1045 498 1089 537 in
1128 499 1310 538 nomine
1345 497 1587 550 Jehovae,”
1624 511 1702 551 per
1738 498 1782 538 id

291 560 411 600 enim
434 559 672 600 confirmat
695 560 816 613 quod
839 558 1033 600 facturus
1056 561 1141 601 sit:
1176 560 1295 613 quod
1322 564 1346 580 ‘⁴
1361 560 1557 601 servire'’
1579 560 1782 601 involvat

290 636 397 662 vera
431 622 592 671 cultus,
622 629 692 663 est
727 623 829 676 quia
860 636 938 676 per
966 626 1157 663 “servos
1170 623 1189 637 '’
1215 623 1259 663 in
1287 622 1442 663 Verbo
1467 623 1783 676 intelliguntur

293 685 366 738 qui
393 685 436 724 in
463 685 578 725 veris
605 691 723 732 sunt,
749 691 795 725 et
822 685 907 726 hoc
935 699 994 726 ex
1021 699 1156 726 causa
1182 686 1284 738 quia
1310 699 1416 726 vera
1439 686 1637 726 serviunt
1660 686 1782 727 bono

292 757 451 794 (videatur
465 766 570 794 supra,
587 766 617 786 n.
634 746 671 790 6,
687 757 802 798 409).
861 746 1002 799 Apud
1028 747 1239 794 eundem,

358 834 441 866 “Ut
461 834 587 865 timeas
606 834 779 876 Jehovam
802 834 917 865 Deum
943 841 1052 872 tuum,
1073 835 1117 866 ad
1137 835 1407 866 custodiendum
1429 835 1551 866 omnia
1570 841 1701 866 statuta
1728 834 1783 875 Ip-

466 878 539 909 sius
556 884 591 909 et
609 884 799 918 praecepta
817 878 932 918 Ipsius
947 887 970 914 ;.
985 903 992 910 .
1007 903 1014 910 .
1029 878 1219 919 ,Jehovam
1239 878 1353 909 Deum
1372 885 1469 909 tuum
1488 879 1640 916 timebis,
1655 885 1690 910 et
1709 878 1782 919 Ipsi

466 922 610 958 servies,
631 931 671 952 ac
696 922 730 952 in
757 922 902 952 nomine
929 921 1044 961 Ipsius
1064 922 1218 961 jurabis:
1248 932 1320 952 non
1346 922 1440 953 ibitis
1465 928 1547 962 post
1570 922 1656 953 deos
1681 922 1782 954 alios.

471 990 478 996 .
494 990 500 996 .
515 990 522 996 .
537 990 544 997 .
555 965 738 1005 Praecepit
755 965 858 996 nobis
875 965 1035 1006 Jehovah
1054 965 1169 996 facere
1186 966 1309 996 omnia
1325 972 1458 997 statuta
1473 966 1570 1002 haec,
1588 966 1633 997 ad
1655 966 1780 997 timen-

465 1009 548 1040 dum
566 1008 740 1050 Jehovam
761 1008 875 1039 Deum
894 1015 1053 1039 nostrum
1066 1008 1083 1019 ”
1101 1009 1236 1048 (Deutr.
1256 1010 1299 1040 vi.
1319 1017 1347 1044 2,
1369 1017 1406 1048 13
1438 1017 1486 1047 14,
1505 1009 1581 1048 24):-

293 1096 440 1138 cultus
472 1111 550 1150 per
580 1111 686 1137 vera
720 1111 779 1137 ex
811 1097 948 1145 bono,
978 1111 1055 1137 seu
1088 1111 1166 1150 per
1191 1096 1325 1137 fidem
1358 1112 1417 1138 ex
1449 1111 1615 1146 amore,
1644 1098 1781 1138 etiam

291 1160 362 1201 hic
391 1161 596 1201 similiter
627 1160 919 1210 describitur3
958 1174 1037 1213 per
1065 1161 1265 1200 “timere
1294 1160 1515 1213 Jehovam
1546 1160 1706 1207 Deum.
1735 1167 1782 1201 et

293 1223 383 1275 Ipsi
429 1223 633 1271 servire,”
669 1223 943 1276 intelligitur
990 1222 1137 1263 cultus
1185 1237 1262 1275 per
1307 1237 1412 1263 vera
1456 1222 1571 1271 fidei,
1615 1230 1660 1264 et
1705 1237 1783 1277 per

295 1286 560 1326 “custodire
587 1292 632 1326 et
655 1286 801 1326 facere
829 1291 1005 1326 statuta
1032 1292 1082 1326 et
1109 1285 1393 1338 praecepta,''
1417 1299 1467 1326 ac
1494 1286 1575 1326 “in
1602 1287 1783 1327 nomine

290 1348 490 1401 Jehovae
513 1348 698 1400 jurare,”
725 1348 873 1388 cultus
905 1362 964 1388 ex
998 1348 1119 1388 bono
1155 1349 1345 1398 amoris;
1385 1362 1488 1389 nam
1518 1349 1783 1390 “custodire

293 1418 339 1452 et
376 1411 522 1452 facere
559 1418 734 1452 statuta
776 1417 821 1452 et
860 1411 1136 1464 praecepta”
1177 1417 1247 1451 est
1285 1411 1453 1451 bonum
1490 1412 1624 1460 vitae,
1664 1413 1783 1465 quod

293 1475 411 1516 idem
439 1481 508 1515 est
541 1488 641 1515 cum
674 1475 794 1515 bono
821 1475 1000 1521 amoris,
1030 1487 1134 1514 nam
1167 1474 1239 1527 qui
1275 1481 1398 1514 amat
1425 1475 1460 1514 is
1487 1475 1623 1525 vivit;
1662 1476 1783 1516 simi-

294 1538 395 1578 liter
424 1536 604 1589 “jurare
636 1537 678 1577 in
712 1537 894 1577 nomine
927 1536 1168 1589 Jehovae,”
1195 1550 1299 1576 nam
1329 1536 1539 1589 “jurare”
1571 1545 1641 1579 est
1674 1552 1783 1579 con·

293 1600 469 1640 firmare
510 1600 629 1640 vita:
677 1600 797 1653 quod
842 1600 1044 1640 “timere
1084 1599 1318 1652 Jehovam,
1362 1606 1408 1640 et
1450 1601 1613 1641 servire
1655 1601 1784 1654 Ipsi‚''

295 1665 353 1704 sit
394 1663 550 1719 cultus*
586 1662 833 1703 secundum
875 1676 981 1702 vera
1022 1660 1267 1711 doctrinae,
1308 1676 1439 1715 supra
1479 1661 1646 1704 dietum
1687 1670 1781 1705 est:

295 1732 399 1766 sunt
436 1727 554 1766 enim
592 1726 680 1766 duo
718 1739 830 1778 quae
867 1725 1036 1766 faciunt
1074 1724 1263 1772 cultum,
1298 1738 1461 1778 nempe
1498 1724 1702 1767 doctrina
1738 1733 1785 1767 et

295 1790 413 1838 vita;
453 1787 656 1829 doctrina
687 1788 858 1841 absque
889 1788 984 1828 vita
1016 1801 1107 1827 non
1138 1787 1248 1828 facit
1281 1787 1418 1836 illam,
1448 1801 1529 1828 nec
1557 1789 1650 1830 vita
1681 1789 1784 1830 abs-

296 1865 381 1904 que
407 1849 624 1891 doctrina.

377 1912 457 1966 [6.]
501 1912 719 1953 Similiter
744 1913 788 1952 in
814 1912 1111 1965 sequentibus
1130 1911 1344 1964 :—Apud
1371 1912 1581 1961 eundem,

361 2002 579 2042 “Congrega
598 2002 784 2042 populum.
800 2027 806 2033 .
822 2008 896 2033 ..ut
920 2001 1075 2038 audiant,
1096 2007 1131 2032 et
1154 2007 1192 2031 ut
1217 2001 1357 2032 discant
1381 2007 1416 2032 et
1440 2001 1590 2032 timeant
1609 2001 1783 2042 Jehovam

472 2046 586 2077 Deum
613 2052 780 2082 vestrum,
805 2055 844 2076 ac
869 2045 1071 2076 custodiant
1095 2045 1209 2075 facere
1235 2044 1356 2075 omnia
1379 2045 1489 2075 verba
1512 2045 1601 2085 legis
1612 2044 1633 2067 ’ὅ
1649 2044 1785 2085 (Deutr.

469 2090 562 2121 xxxi.
583 2090 655 2129 12);

296 2166 416 2220 apud
442 2166 650 2214 eundem,

363 2243 426 2274 “Si
452 2253 523 2273 non
544 2243 700 2273 custodis
721 2242 837 2273 facere
858 2241 980 2272 omnia
998 2247 1186 2281 praecepta
1210 2241 1297 2281 legis
1317 2240 1449 2280 hujus„
1465 2265 1472 2272 .
1486 2265 1493 2272 .
1508 2241 1568 2272 .ad
1589 2241 1786 2273 timendum

471 2296 602 2317 nomen
635 2285 862 2325 magnIficum
894 2292 929 2316 et
960 2285 1162 2316 venerabile
1198 2285 1275 2322 hoc,
1304 2284 1477 2325 Jehovam
1511 2284 1626 2316 Deum
1658 2291 1755 2316 tuum
1769 2284 1787 2297 ''

470 2330 606 2368 (Deutr.
625 2329 744 2360 xxviii.
765 2330 839 2369 58);

297 2406 415 2459 apud
443 2406 652 2454 eundem,

372 2481 449 2513 Rex
463 2482 481 2495 ‘⁴
491 2481 620 2512 scribet
637 2481 702 2512 sibi
716 2481 897 2520 exemplar
912 2480 1028 2520 legis‚.
1044 2504 1051 2511 .
1065 2505 1073 2512 .
1087 2486 1138 2512 ‚et
1154 2480 1247 2519 leget
1265 2480 1300 2510 in
1318 2489 1360 2510 eo
1374 2480 1541 2511 omnibus
1556 2479 1679 2510 diebus
1693 2480 1787 2511 vitae

470 2535 565 2562 suae,
591 2535 659 2565 quo
683 2525 796 2555 discat
820 2525 944 2555 timere
968 2524 1143 2564 Jehovam
1170 2523 1285 2554 Deum
1310 2532 1423 2561 suum,
1445 2523 1490 2554 ad
1513 2523 1786 2554 custodiendum

471 2568 594 2641 plpxigia}
613 2569 721 2650 gerba
740 2568 843 2607 legis.
858 2592 881 2605 .,
902 2573 937 2598 et
956 2573 1103 2598 statuta.
1118 2592 1141 2605 .,
1159 2567 1204 2597 ad
1223 2567 1424 2597 faciendum
1446 2567 1506 2597 illa
1517 2565 1533 2578 ’⁹
1550 2567 1685 2606 (Deutr.
1703 2567 1787 2598 xvii.

553 2636 559 2649 s
601 2621 619 2651 9
647 2621 653 2648 ;

299 2687 416 2741 apud
442 2687 649 2734 eundem,

365 2764 383 2777 ‘¹
396 2762 583 2794 Custodies
601 2768 788 2801 praecepta
804 2761 961 2803 Jehovae
984 2762 1049 2793 Dei
1070 2761 1129 2800 tui,
1148 2761 1265 2793 eundo
1287 2762 1321 2792 in
1342 2761 1409 2793 viis
1431 2761 1558 2802 Ipsius,
1576 2767 1611 2793 et
1627 2761 1784 2792 timendo

473 2805 594 2846 Ipsum
606 2805 623 2816 ’'
641 2805 775 2844 (Deutr.
794 2806 864 2837 viii.
882 2806 936 2846 6);

300 2889 346 2924 et
373 2881 490 2936 apud
516 2880 722 2930 eundem,
