1962 3334
403 0 1170 35 „-23--·‘1==3²z÷=zs·ewrfflwrrvris&
1193 0 1205 22 ι·
1344 0 1353 2 ·’
1401 0 1404 3 ·
1463 0 1465 5 ’
1522 0 1524 3 ’

384 33 389 37 ·
566 33 620 50 ἐπ”
651 34 696 53 ³¹¹*
740 35 766 48 s?
811 40 814 45 ι
873 34 878 38 ”
905 47 911 53 3

635 282 742 317 CAP.
764 283 848 325 1x.,
869 283 1010 316 VERS.
1030 283 1206 316 20.-N.
1232 274 1324 328 586.
1450 289 1459 295 ·
1612 284 1714 328 1471

237 398 345 448 nes}
375 395 462 438 hoc
484 396 636 450 itaque
657 395 935 449 significatur
955 410 1035 450 per
1050 388 1276 437 “adorare
1293 395 1569 437 daemonia.'’
1630 396 1717 437 Hic

234 459 385 501 cultus
429 460 568 500 etiam
611 459 883 512 intelligitur
924 472 1005 513 per
1049 458 1337 500 “sacrificare
1382 458 1718 507 daemonibus,''

235 521 356 576 apud
377 521 546 570 Mosen,

299 610 388 643 “Ad
406 611 520 643 zelum
540 617 780 651 provocarunt
799 610 920 651 Ipsum
942 620 1006 651 per
1023 610 1176 649 alienos,
1195 620 1260 651 per
1277 610 1568 642 abominationes
1588 610 1719 642 iratum

405 654 638 686 reddiderunt
658 653 805 694 Ipsum;
832 653 1036 686 sacrificant
1059 654 1309 692 daemonibus,
1331 653 1409 685 Deo
1434 663 1517 692 non,
1537 653 1606 685 diis
1628 663 1719 694 quos

406 707 480 728 non
493 703 672 729 noverunt
681 696 700 709 ”
717 697 853 737 (Deutr.
868 697 977 729 xxxii.
996 695 1082 739 [16,]
1102 697 1175 737 17);

234 772 354 827 apud
378 773 586 822 eundem,

305 847 385 880 Filii
410 847 556 880 Israelis
578 848 834 880 sacrificabunt
856 849 903 880 ad
927 848 1060 880 ostium
1084 848 1259 887 Tentorii,
1280 854 1317 880 et
1341 849 1443 880 “non
1467 847 1720 880 sacrificabunt

403 891 559 975 εἶρξε
572 891 747 924 sacrificia
758 901 824 924 sua
832 892 1079 930 daemonibus,
1092 898 1175 933 post
1187 902 1277 933 quos
1289 898 1491 924 scortantes
1504 891 1555 923 illi
1565 891 1584 903 ’¹
1597 891 1717 931 (Levit.

232 1021 449 1064 sacrificia
471 1036 585 1076 quae
610 1021 780 1064 fiebant
806 1023 864 1063 ad
889 1023 1057 1064 ostium
1080 1022 1289 1064 Tentorii
1314 1022 1718 1077 repraesentabant

231 1085 403 1128 cultum
435 1085 632 1135 Domini,
658 1086 762 1139 quia
791 1085 937 1132 altare
967 1092 1015 1127 et
1047 1100 1226 1140 quoque
1252 1085 1615 1127 Tabernaculum
1646 1099 1718 1126 re-

230 1149 585 1203 praesentabant
602 1148 792 1197 caelum,
812 1149 886 1189 ubi
908 1149 1130 1190 Dominus
1150 1155 1220 1190 est
1242 1163 1482 1203 praesens;
1514 1156 1563 1190 at
1579 1150 1718 1190 sacri-

231 1211 332 1261 ficia
354 1225 470 1266 quae
493 1211 663 1252 fiebant
684 1211 804 1260 alibi,
828 1211 1234 1265 repraesentabant
1259 1210 1432 1252 cultum
1459 1210 1532 1251 ubi
1558 1209 1718 1250 Domi-

231 1287 315 1314 nus
339 1287 431 1315 non
456 1280 577 1315 esset
603 1287 831 1328 praesen5‚
858 1275 924 1315 ita
948 1274 1123 1315 cultum
1149 1274 1450 1324 daemonum3
1488 1273 1576 1314 hoc
1602 1279 1716 1321 erat,

230 1336 334 1390 quia
357 1336 509 1378 omnia
532 1350 588 1377 eo
613 1343 820 1390 ternpore
841 1336 1231 1390 repraesentativa
1256 1341 1400 1376 erant.
1462 1334 1601 1390 Apud
1621 1333 1717 1376 Da-

230 1398 387 1448 vzdem,

319 1488 600 1520 “Sacrificarunt
615 1488 708 1520 filios
726 1498 813 1521 suos
829 1494 866 1520 et
884 1488 976 1520 filias
992 1498 1076 1520 suas
1092 1488 1332 1520 daemonibus
1344 1487 1363 1500 ”
1379 1487 1453 1527 (Ps.
1471 1488 1536 1520 cvi.
1555 1487 1630 1527 37):

231 1585 318 1627 hoc
350 1591 449 1627 erat
484 1599 665 1639 prorsus
695 1584 939 1636 infernale3
981 1585 1062 1626 sed
1092 1598 1172 1638 per
1205 1584 1503 1640 “sacrificare
1525 1583 1639 1625 filios
1670 1591 1717 1626 et

230 1647 376 1689 filias‘’
399 1649 445 1689 in
476 1661 611 1689 sensu
642 1648 860 1702 spirituali
891 1647 1230 1701 significabatur
1259 1662 1340 1701 per
1371 1647 1514 1688 malas
1545 1647 1717 1700 cupidi-

233 1716 355 1752 tates
380 1711 568 1765 perdere
599 1717 647 1752 et
677 1711 911 1751 destruere
942 1724 1049 1751 vera
1078 1716 1126 1751 et
1156 1711 1278 1751 bona
1307 1710 1542 1758 ecclesiae,
1573 1709 1718 1750 “filii”

230 1773 350 1814 enim
397 1773 654 1827 significant
692 1787 800 1814 vera
844 1773 1080 1823 ecclesiae,
1121 1786 1174 1814 ac
1217 1772 1406 1815 “filiae”
1445 1774 1566 1814 bona
1609 1771 1715 1826 ejus.

230 1835 370 1890 Apud
389 1835 592 1885 Esaiam,

295 1923 520 1957 “Occurrent
536 1924 650 1956 Tziim
667 1934 748 1956 cum
767 1924 859 1965 ljim,
874 1931 910 1956 et
926 1925 1080 1956 daemon
1098 1925 1275 1957 silvestris
1292 1925 1393 1956 socio
1410 1934 1476 1956 suo
1492 1925 1664 1963 obviabit,
1681 1931 1719 1956 et

403 1968 561 2009 quiescet
576 1968 625 2000 ibi
641 1966 783 2007 noe‘tua,
800 1974 837 2000 et
856 1969 1015 2000 inveniet
1030 1968 1099 2000 sibi
1116 1969 1274 2010 requiem
1286 1968 1304 1980 ”
1320 1969 1452 2008 (xxxiv,
1469 1968 1541 2008 14):

230 2062 381 2116 agitur
410 2062 469 2104 ibi
507 2063 563 2104 de
599 2062 734 2104 totali
765 2062 985 2104 ecclesiae
1016 2062 1336 2104 devastatione
1367 2077 1447 2116 per
1477 2064 1715 2117 concupis-

95 2125 107 2171 ’ᾗ
231 2126 406 2167 centias
447 2129 688 2179 corporeas
730 2132 778 2167 et
822 2139 944 2167 mere
984 2125 1228 2174 naturales,
1270 2140 1331 2167 ex
1369 2126 1529 2180 quibus
1569 2128 1715 2167 omnis

218 2189 409 2242 -generis
433 2188 545 2229 salsa
570 2195 617 2230 et
643 2188 763 2229 mala
789 2188 1040 2242 profluunt;
1072 2188 1176 2230 illae
1201 2190 1596 2243 concupiscentiae
1623 2191 1715 2244 sig-

100 2245 141 2310 ”Is
232 2250 471 2292 nificantur
495 2265 574 2304 per
602 2251 817 2292 “Tziim”
842 2258 889 2292 et
918 2256 943 2272 “
961 2250 1099 2304 Ijim,'’
1124 2257 1222 2292 tum
1252 2265 1332 2305 per
1359 2250 1642 2293 “noemam'’
1668 2260 1716 2293 et

182 2319 189 2337 ³
234 2313 540 2355 “daemonem
562 2313 818 2354 silvestrem
829 2313 850 2329 ”
871 2327 951 2354 seu
972 2320 1190 2366 satyrum.
1232 2313 1448 2355 Similiter
1470 2315 1575 2355 alibi
1596 2316 1716 2369 apud

233 2376 440 2425 eundem,

298 2469 554 2504 “1¹1Cubabunt
570 2471 618 2503 ibi
635 2472 760 2510 Tziim,
777 2478 813 2504 et
829 2472 1074 2513 implebuntur
1090 2473 1219 2504 domus
1235 2483 1358 2504 eorum
1377 2473 1514 2511 Ochim,
1529 2479 1564 2505 et
1579 2474 1718 2505 habita-

403 2516 493 2599 bu)nt
508 2516 557 2547 ibi
574 2515 668 2548 filiae
685 2514 848 2554 noctuae,
866 2522 902 2547 et
917 2516 1115 2547 daemones
1133 2516 1316 2548 silvestres
1333 2517 1515 2549 saltabunt
1534 2517 1583 2548 ibi
1593 2517 1612 2529 ''
1628 2518 1715 2557 (xiii.

404 2567 443 2590 21
470 2570 478 2591 ε

231 2651 343 2694 haec
369 2651 491 2694 dicta
512 2659 618 2694 sunt
644 2653 700 2694 de
724 2653 892 2695 Babele
909 2667 919 2704 ;
951 2653 1071 2707 quod
1093 2654 1212 2708 apud
1233 2654 1336 2695 illos
1357 2655 1431 2708 qui
1452 2654 1715 2708 intelligun-

234 2721 306 2756 tur
322 2729 400 2769 per
419 2719 446 2736 ‘⁴
458 2715 706 2757 Babelem”
723 2716 840 2757 tales
858 2717 1251 2770 concupiscentiae
1268 2731 1510 2771 corporeae
1528 2725 1575 2759 et
1593 2731 1714 2759 mere

234 2777 461 2819 naturales
492 2779 597 2828 sint,
623 2792 676 2820 ac
708 2780 850 2820 vitam
882 2780 1025 2820 animi·
1051 2793 1205 2821 eorum
1230 2780 1411 2829 saciant,
1439 2780 1716 2834 significatur

233 2852 312 2892 per
340 2841 460 2894 quod
487 2841 685 2883 “domus
710 2842 896 2884 eorum‘'
922 2842 1087 2883 talibus
1115 2842 1496 2897 “implebuntur‚”
1522 2851 1567 2885 et
1593 2845 1714 2898 quod

236 2901 334 2943 “ibi
362 2902 633 2947 habitabunt
664 2911 711 2947 et
737 2905 970 2947 saltabunt
988 2905 1024 2947 :‘’
1053 2919 1133 2959 per
1159 2905 1381 2948 “domum
1394 2906 1413 2921 ”
1435 2906 1713 2960 significatur
