1962 3334
214 286 319 338 1398
625 294 957 328 APOCALYPSIS
989 295 1288 329 EXPLICATA.

205 406 323 448 inter
345 406 471 460 plura
493 407 630 448 etiam
653 408 738 449 hoc
767 407 934 449 malum
957 407 1274 450 denuntiatum
1300 415 1371 450 est
1399 408 1572 462 populo
1595 408 1716 450 Isra-

205 470 358 511 elitico
394 477 440 511 et
470 470 671 523 Judaico,
705 471 740 511 si
772 484 862 512 non
904 471 1185 513 custodirent
1218 479 1264 513 et
1301 472 1502 513 facerent
1533 478 1714 514 statuta

206 538 252 573 et
285 540 552 587 praecepta:
592 547 670 587 per
697 533 922 575 “dentem
949 534 1232 576 bestiarum'’
1259 534 1573 588 significantur
1598 534 1715 576 falsa

207 609 267 636 ex
303 596 433 636 malis
465 597 611 636 omnis
646 597 842 649 generis,
876 602 923 637 et
955 610 1034 649 per
1067 600 1329 638 “venenum
1361 597 1589 650 reptilium
1621 603 1713 638 ter-

205 658 312 699 rae”
348 658 657 712 significantur
693 658 771 700 illa
808 660 1021 700 necantia
1062 666 1108 701 et
1151 674 1331 713 prorsus
1369 660 1714 713 exstingue'ntia

205 723 347 763 vitam
385 721 690 774 spiritualem;
739 736 818 775 per
855 723 1063 764 “bestias
1079 723 1098 738 ’'
1136 724 1179 764 in
1213 723 1368 764 Verbo
1401 722 1712 776 significantur

205 785 316 826 talia
341 798 454 838 quae
481 791 585 826 sunt
618 785 834 826 naturalis
862 785 1070 835 hominis,
1098 792 1144 827 et
1178 799 1256 839 per
1284 786 1503 839 “reptilia
1530 793 1677 828 terrae
1693 782 1714 802 ”

205 862 319 901 quae
342 854 446 888 sunt
473 847 693 888 sensualis
720 848 940 889 hominis:
976 849 1093 890 'haec
1121 856 1168 890 et
1196 849 1272 890 illa
1295 849 1477 903 quando
1503 855 1714 903 separata

206 917 311 952 sunt
343 925 369 951 a
399 911 620 963 spirituali
657 911 838 952 homine
875 919 980 953 sunt
1020 925 1142 953 mere
1184 912 1296 953 falsa
1329 927 1388 954 ex
1429 912 1572 963 malis,
1610 914 1715 967 quia

206 974 351 1015 solum
379 974 488 1015 talia
513 988 626 1028 quae
649 981 753 1015 sunt
777 976 980 1028 corporis
1007 976 1076 1016 cui
1099 975 1364 1023 adhaerent,
1387 980 1436 1015 et
1463 988 1590 1028 quae·
1606 980 1712 1015 sunt

206 1038 359 1078 mundi
382 1038 451 1078 cui
483 1039 690 1090 proxime
717 1045 936 1088 exstant;
975 1045 1022 1079 et
1053 1053 1114 1079 ex
1153 1051 1341 1091 corpore
1373 1044 1419 1079 et
1446 1037 1616 1078 mundo
1641 1043 1712 1079 est

207 1101 351 1141 omnis
377 1100 526 1153 caligo
551 1101 596 1140 in
623 1100 945 1154 spiritualibus.
1007 1101 1146 1154 Apud
1175 1101 1414 1150 Davidem,

273 1196 422 1236 “Surge,
436 1196 618 1238 Jehovah;
644 1206 748 1228 serva
765 1207 832 1233 me.
849 1196 945 1229 Deus
963 1197 1012 1228 mi
1027 1206 1034 1233 ;
1059 1197 1142 1238 quia
1157 1197 1312 1238 percutis
1326 1206 1453 1228 omnes
1470 1197 1593 1229 hostes
1609 1205 1712 1228 meos

382 1240 573 1278 maxillam,
591 1241 720 1272 dentes
738 1241 932 1281 impiorum
951 1240 1156 1281 confringes
1168 1240 1184 1252 ’¹
1200 1241 1272 1280 (Ps.
1288 1241 1333 1272 iii.
1353 1241 1385 1281 8)
1400 1252 1407 1273 :

209 1344 480 1393 “percutere
507 1341 662 1382 hostes
688 1341 952 1382 maxillam”
980 1340 1204 1394 significat
1231 1341 1463 1383 destruere
1497 1341 1613 1382 falsa
1639 1342 1709 1382 in-

206 1404 372 1445 teriora
397 1404 515 1456 apud
547 1405 648 1445 illos
675 1405 749 1458 qui
780 1411 940 1445 contra
965 1405 1085 1445 bona
1110 1411 1156 1445 et
1189 1419 1295 1445 vera
1320 1404 1540 1446 ecclesiae
1568 1411 1674 1446 sunt
1700 1419 1710 1456 ;

207 1467 251 1508 hi
273 1473 318 1508 et
341 1480 492 1508 eorum
515 1467 627 1508 falsa
649 1467 753 1508 mali
775 1468 818 1508 in
843 1467 997 1508 Verbo
1019 1467 1336 1520 intelliguntur
1358 1481 1437 1521 per
1456 1468 1653 1509 “hostes
1672 1465 1711 1508 :‘’

207 1537 254 1571 et
279 1530 597 1583 “confringere
621 1530 783 1571 dentes
806 1530 1074 1583 impiorum''
1093 1529 1317 1583 significat
1341 1530 1572 1571 destruere
1595 1531 1710 1572 falsa

207 1594 449 1642 exteriora,
470 1608 582 1647 quae
605 1600 709 1634 sunt
732 1607 844 1647 quae
867 1593 1110 1634 fundantur
1131 1606 1264 1646 super
1282 1593 1468 1634 fallaciis
1491 1607 1708 1636 sensuum

208 1663 255 1698 et
283 1670 361 1710 per
386 1657 486 1697 illas
513 1656 850 1698 confirmantur.
1140 1660 1142 1663 ’

292 1718 376 1772 [b.]
412 1719 641 1772 Quoniam
663 1719 785 1772 apud
806 1718 1032 1759 Davidem
1053 1718 1219 1759 dicitur
1239 1722 1265 1738 “
1279 1724 1519 1771 percutere
1541 1719 1710 1760 maxil-

208 1780 329 1821 lam'’
355 1786 402 1822 et
435 1781 755 1834 “confringere
786 1780 988 1829 dentes‚”
1012 1786 1059 1821 et
1092 1793 1170 1833 per
1203 1779 1279 1820 illa
1310 1779 1594 1833 significatur
1626 1781 1710 1822 de-

209 1850 379 1884 struere
411 1843 523 1884 salsa
557 1844 770 1884 interiora
807 1849 854 1884 et
891 1844 1134 1892 exteriora,
1170 1850 1385 1884 constare
1418 1849 1572 1896 potest
1604 1844 1711 1897 quid

209 1907 479 1960 intelligitur
523 1920 602 1960 per
643 1907 930 1960 “impingere
970 1906 1150 1959 alapam
1195 1907 1240 1946 in
1287 1906 1522 1948 maxillam
1533 1906 1552 1922 ”
1591 1907 1710 1960 apud

210 1969 507 2019 flffattltaemn,
595 1966 597 1969 ”

276 2066 501 2098 “Audivistis
519 2067 613 2107 quod
630 2064 764 2098 dietum
782 2066 837 2104 sit,
859 2065 1011 2098 Oculum
1036 2075 1100 2106 pro
1121 2067 1235 2104 oculo,
1259 2072 1294 2098 et
1319 2066 1464 2098 dentem
1490 2076 1555 2107 pro
1579 2067 1708 2100 dente:

386 2110 462 2150 Ego
474 2120 559 2141 vero
571 2111 649 2141 dieo
663 2110 775 2148 vobis,
789 2119 861 2141 non
872 2110 1110 2141 resistendum
1123 2120 1203 2141 esse
1217 2110 1314 2141 malo
1327 2120 1334 2146 ;
1360 2111 1422 2141 sed
1436 2110 1635 2151 quicunque
1645 2111 1709 2142 tibi

385 2154 572 2194 impegerit
595 2154 737 2193 alapam
763 2154 798 2184 in
824 2154 985 2184 dextram
1011 2160 1108 2184 tuam
1134 2154 1328 2191 maxillam,
1350 2155 1497 2185 obverte
1522 2154 1572 2185 illi
1597 2154 1707 2186 etiam

383 2198 530 2228 alteram
545 2207 552 2233 2
573 2204 607 2228 et
624 2197 654 2228 si
672 2198 749 2237 quis
763 2197 850 2228 velit
869 2203 902 2228 te
920 2197 955 2228 in
973 2197 1029 2237 jus
1043 2198 1194 2234 trahere,
1214 2203 1250 2228 et
1267 2197 1423 2228 tunicam
1442 2204 1539 2228 tuam
1556 2198 1708 2237 auferre,

384 2241 547 2282 permitte
562 2241 612 2271 illi
630 2241 737 2271 etiam
752 2241 918 2280 pallium:
945 2241 1103 2281 quisquis
1123 2246 1157 2271 te
1170 2241 1330 2280 adegerit
1350 2241 1394 2272 ad
1415 2241 1564 2272 milliare
1581 2251 1706 2279 unum,

384 2285 480 2316 abito
501 2294 581 2315 cum
599 2284 662 2315 illo
683 2285 772 2316 duo:
799 2284 898 2314 omni
918 2293 940 2315 a
959 2291 993 2315 te
1013 2284 1157 2324 petenti,
1176 2284 1281 2322 dat0;
1314 2290 1349 2315 et
1369 2284 1525 2324 cupienti
1545 2291 1708 2316 mutuum

383 2328 542 2368 accipere
559 2338 581 2358 a
598 2334 642 2364 te,
662 2337 706 2359 ne
723 2328 899 2359 averseris
912 2327 931 2339 ''
947 2327 993 2367 (ν.
1008 2328 1133 2368 38—42)
1147 2338 1153 2359 :

210 2427 330 2482 quod
357 2427 467 2468 haec
495 2440 585 2467 non
611 2426 858 2467 secundum
885 2425 1084 2467 litteram
1110 2425 1409 2479 intelligenda
1434 2427 1539 2476 sint,
1567 2427 1708 2468 cuivis

210 2497 366 2544 patet;
408 2490 505 2544 quis
536 2489 655 2530 enim
689 2503 748 2529 ex
780 2501 934 2530 amore
966 2488 1224 2530 Christiano
1256 2495 1437 2530 tenetur
1468 2490 1707 2531 obvertere

211 2554 439 2595 sinistram
466 2552 701 2593 maxillam
728 2552 767 2592 ei
793 2552 868 2605 qui
894 2552 1105 2605 impingit
1131 2552 1310 2604 alapam
1337 2553 1381 2592 in
1407 2553 1633 2602 dextram,
1661 2559 1709 2594 et

210 2618 318 2658 dare
344 2616 528 2670 pallium
555 2617 594 2657 ei
626 2616 699 2669 qui
725 2615 895 2656 auferre
922 2615 1020 2656 vult
1047 2615 1276 2656 tunicam?
1336 2616 1488 2665 verbo,
1515 2617 1612 2670 quis
1637 2624 1708 2659 est

211 2681 280 2722 cui
297 2679 508 2720 nonlicet
526 2679 734 2719 resistere
754 2677 904 2718 malo?
965 2677 1055 2718 Sed
1071 2679 1173 2731 quia
1190 2679 1339 2718 omnia
1353 2693 1466 2732 quae
1484 2679 1704 2720 Dominus

211 2743 387 2784 locutus
413 2749 496 2791 est,
524 2743 567 2782 in
594 2755 641 2782 se
669 2741 832 2781 Divina
856 2740 1072 2782 caelestia
1095 2741 1285 2789 fuerunt,
1311 2748 1521 2783 constare
1549 2749 1707 2795 potest

211 2806 331 2860 quod
349 2819 506 2846 sensus
524 2804 734 2845 caelestis
756 2803 824 2843 his
842 2804 1002 2852 verbis,
1022 2805 1136 2845 sicut
1155 2804 1333 2857 reliquis
1352 2818 1466 2858 quae
1486 2805 1708 2845 Dominus

212 2869 389 2910 locutus
419 2874 503 2916 est,
527 2867 644 2908 insit.
709 2864 844 2918 Quod
869 2867 988 2919 apud
1019 2865 1132 2907 filios
1159 2866 1338 2907 Israelis
1364 2867 1442 2907 illa
1472 2866 1549 2908 lex
1575 2867 1707 2908 fuerit

213 2931 332 2985 quod
356 2930 516 2972 darent
538 2933 563 2951 “
578 2929 755 2971 oculum
780 2941 861 2982 pro
879 2929 1024 2980 oculo,
1044 2930 1228 2971 dentem
1251 2943 1332 2983 pro
1354 2930 1523 2971 dente'’
1543 2929 1707 2984 (Exod.
