<?xml version="1.0" encoding="UTF-8"?>
<!DOCTYPE html PUBLIC "-//W3C//DTD XHTML 1.0 Transitional//EN"
    "http://www.w3.org/TR/xhtml1/DTD/xhtml1-transitional.dtd">
<html xmlns="http://www.w3.org/1999/xhtml" xml:lang="en" lang="en">
 <head>
  <title>
</title>
<meta http-equiv="Content-Type" content="text/html;charset=utf-8" />
  <meta name='ocr-system' content='tesseract 3.04.00' />
  <meta name='ocr-capabilities' content='ocr_page ocr_carea ocr_par ocr_line ocrx_word'/>
</head>
<body>
  <div class='ocr_page' id='page_1' title='image "apocalypsisexpli03sweduoft_0463.png"; bbox 0 0 1962 3334; ppageno 0'>
   <div class='ocr_carea' id='block_1_1' title="bbox 0 0 185 3334">
    <p class='ocr_par' dir='ltr' id='par_1_1' title="bbox 0 0 185 3334">
     <span class='ocr_line' id='line_1_1' title="bbox 0 0 185 3334; baseline 0 0"><span class='ocrx_word' id='word_1_1' title='bbox 0 0 185 3334; x_wconf 95' lang='lat' dir='ltr'> </span> 
     </span>
    </p>
   </div>
   <div class='ocr_carea' id='block_1_2' title="bbox 602 238 1687 307">
    <p class='ocr_par' dir='ltr' id='par_1_2' title="bbox 602 238 1687 307">
     <span class='ocr_line' id='line_1_2' title="bbox 602 238 1687 307; baseline 0 -13"><span class='ocrx_word' id='word_1_2' title='bbox 602 262 708 294; x_wconf 81' lang='lat' dir='ltr'><strong>CAP.</strong></span> <span class='ocrx_word' id='word_1_3' title='bbox 732 262 814 302; x_wconf 83' lang='lat' dir='ltr'>XL,</span> <span class='ocrx_word' id='word_1_4' title='bbox 838 262 976 294; x_wconf 85' lang='lat' dir='ltr'>VERS.</span> <span class='ocrx_word' id='word_1_5' title='bbox 1004 238 1174 295; x_wconf 78' lang='lat' dir='ltr'>xo.-—N.</span> <span class='ocrx_word' id='word_1_6' title='bbox 1195 253 1292 294; x_wconf 91' lang='lat'>660.</span> <span class='ocrx_word' id='word_1_7' title='bbox 1509 272 1512 275; x_wconf 21' lang='grc' dir='ltr'><strong>Δ</strong></span> <span class='ocrx_word' id='word_1_8' title='bbox 1581 264 1687 307; x_wconf 92' lang='lat'>1777</span> 
     </span>
    </p>
   </div>
   <div class='ocr_carea' id='block_1_3' title="bbox 205 372 1688 541">
    <p class='ocr_par' dir='ltr' id='par_1_3' title="bbox 205 372 1688 541">
     <span class='ocr_line' id='line_1_3' title="bbox 205 372 1688 428; baseline 0.001 -13"><span class='ocrx_word' id='word_1_9' title='bbox 205 387 284 415; x_wconf 90' lang='lat' dir='ltr'>seu</span> <span class='ocrx_word' id='word_1_10' title='bbox 309 372 557 424; x_wconf 65' lang='lat' dir='ltr'>affectione,</span> <span class='ocrx_word' id='word_1_11' title='bbox 585 381 631 416; x_wconf 85' lang='lat' dir='ltr'>et</span> <span class='ocrx_word' id='word_1_12' title='bbox 661 378 687 395; x_wconf 90' lang='lat'><em>“</em></span> <span class='ocrx_word' id='word_1_13' title='bbox 702 374 861 416; x_wconf 88' lang='lat' dir='ltr'>laetari</span> <span class='ocrx_word' id='word_1_14' title='bbox 873 374 892 391; x_wconf 90' lang='lat'><strong><em>”</em></strong></span> <span class='ocrx_word' id='word_1_15' title='bbox 918 375 975 416; x_wconf 93' lang='lat' dir='ltr'>de</span> <span class='ocrx_word' id='word_1_16' title='bbox 1000 389 1108 416; x_wconf 89' lang='lat' dir='ltr'>vero</span> <span class='ocrx_word' id='word_1_17' title='bbox 1133 388 1185 416; x_wconf 88' lang='lat' dir='ltr'>ac</span> <span class='ocrx_word' id='word_1_18' title='bbox 1218 375 1274 416; x_wconf 94' lang='lat' dir='ltr'>de</span> <span class='ocrx_word' id='word_1_19' title='bbox 1306 375 1399 428; x_wconf 87' lang='lat' dir='ltr'>ejus</span> <span class='ocrx_word' id='word_1_20' title='bbox 1430 389 1584 417; x_wconf 84' lang='lat' dir='ltr'>amore</span> <span class='ocrx_word' id='word_1_21' title='bbox 1609 390 1688 417; x_wconf 90' lang='lat' dir='ltr'>seu</span> 
     </span>
     <span class='ocr_line' id='line_1_4' title="bbox 205 435 1688 491; baseline 0.001 -13"><span class='ocrx_word' id='word_1_22' title='bbox 205 435 466 489; x_wconf 70' lang='lat' dir='ltr'>affe&amp;ione;</span> <span class='ocrx_word' id='word_1_23' title='bbox 510 444 559 479; x_wconf 90' lang='lat' dir='ltr'>ut</span> <span class='ocrx_word' id='word_1_24' title='bbox 596 451 773 491; x_wconf 88' lang='lat' dir='ltr'>quoque</span> <span class='ocrx_word' id='word_1_25' title='bbox 809 438 974 491; x_wconf 89' lang='lat' dir='ltr'>pluries</span> <span class='ocrx_word' id='word_1_26' title='bbox 1010 438 1117 479; x_wconf 87' lang='lat' dir='ltr'>alibi</span> <span class='ocrx_word' id='word_1_27' title='bbox 1157 439 1202 478; x_wconf 94' lang='lat' dir='ltr'>in</span> <span class='ocrx_word' id='word_1_28' title='bbox 1239 439 1408 488; x_wconf 89' lang='lat' dir='ltr'>Verbo,</span> <span class='ocrx_word' id='word_1_29' title='bbox 1449 445 1498 479; x_wconf 88' lang='lat' dir='ltr'>ut</span> <span class='ocrx_word' id='word_1_30' title='bbox 1537 439 1582 479; x_wconf 92' lang='lat' dir='ltr'>in</span> <span class='ocrx_word' id='word_1_31' title='bbox 1618 439 1688 479; x_wconf 89' lang='lat' dir='ltr'>his</span> 
     </span>
     <span class='ocr_line' id='line_1_5' title="bbox 206 499 402 541; baseline 0.005 -1"><span class='ocrx_word' id='word_1_32' title='bbox 206 499 402 541; x_wconf 91' lang='lat' dir='ltr'>locis:—</span> 
     </span>
    </p>
   </div>
   <div class='ocr_carea' id='block_1_4' title="bbox 271 595 1689 1548">
    <p class='ocr_par' dir='ltr' id='par_1_4' title="bbox 271 595 1398 636">
     <span class='ocr_line' id='line_1_6' title="bbox 271 595 1398 636; baseline 0 -9"><span class='ocrx_word' id='word_1_33' title='bbox 271 597 290 610; x_wconf 87' lang='lat'>“</span> <span class='ocrx_word' id='word_1_34' title='bbox 301 595 543 628; x_wconf 84' lang='lat' dir='ltr'>Laetabuntur</span> <span class='ocrx_word' id='word_1_35' title='bbox 559 596 656 635; x_wconf 87' lang='lat' dir='ltr'>caeli,</span> <span class='ocrx_word' id='word_1_36' title='bbox 673 603 709 628; x_wconf 87' lang='lat' dir='ltr'>et</span> <span class='ocrx_word' id='word_1_37' title='bbox 723 596 896 636; x_wconf 89' lang='lat' dir='ltr'>gaudebit</span> <span class='ocrx_word' id='word_1_38' title='bbox 912 596 1034 628; x_wconf 89' lang='lat' dir='ltr'>terra”</span> <span class='ocrx_word' id='word_1_39' title='bbox 1051 596 1196 636; x_wconf 85' lang='lat' dir='ltr'>(Psalm.</span> <span class='ocrx_word' id='word_1_40' title='bbox 1213 597 1304 628; x_wconf 83' lang='lat' dir='ltr'>xcvi.</span> <span class='ocrx_word' id='word_1_41' title='bbox 1325 598 1398 636; x_wconf 82' lang='lat'>11):</span> 
     </span>
    </p>

    <p class='ocr_par' dir='ltr' id='par_1_5' title="bbox 271 637 1688 724">
     <span class='ocr_line' id='line_1_7' title="bbox 271 637 1688 681; baseline 0 -10"><span class='ocrx_word' id='word_1_42' title='bbox 271 639 488 671; x_wconf 88' lang='lat' dir='ltr'>“Gaudeant</span> <span class='ocrx_word' id='word_1_43' title='bbox 504 646 539 671; x_wconf 93' lang='lat' dir='ltr'>et</span> <span class='ocrx_word' id='word_1_44' title='bbox 555 640 733 671; x_wconf 87' lang='lat' dir='ltr'>laetentur</span> <span class='ocrx_word' id='word_1_45' title='bbox 751 640 787 670; x_wconf 89' lang='lat' dir='ltr'>in</span> <span class='ocrx_word' id='word_1_46' title='bbox 806 639 858 671; x_wconf 89' lang='lat' dir='ltr'>Te</span> <span class='ocrx_word' id='word_1_47' title='bbox 878 649 1004 671; x_wconf 89' lang='lat' dir='ltr'>omnes</span> <span class='ocrx_word' id='word_1_48' title='bbox 1021 647 1235 680; x_wconf 86' lang='lat' dir='ltr'>quaerentes</span> <span class='ocrx_word' id='word_1_49' title='bbox 1253 640 1305 671; x_wconf 92' lang='lat' dir='ltr'>Te</span> <span class='ocrx_word' id='word_1_50' title='bbox 1316 639 1334 651; x_wconf 89' lang='lat'>&#39;&#39;</span> <span class='ocrx_word' id='word_1_51' title='bbox 1351 639 1424 680; x_wconf 88' lang='lat' dir='ltr'>(Ps.</span> <span class='ocrx_word' id='word_1_52' title='bbox 1442 639 1487 671; x_wconf 87' lang='lat' dir='ltr'>xl.</span> <span class='ocrx_word' id='word_1_53' title='bbox 1509 647 1548 678; x_wconf 92' lang='lat'>17</span> <span class='ocrx_word' id='word_1_54' title='bbox 1567 637 1628 681; x_wconf 88' lang='lat' dir='ltr'>[B.</span> <span class='ocrx_word' id='word_1_55' title='bbox 1642 641 1688 671; x_wconf 86' lang='lat' dir='ltr'>A.</span> 
     </span>
     <span class='ocr_line' id='line_1_8' title="bbox 382 681 1600 724; baseline 0.002 -11"><span class='ocrx_word' id='word_1_56' title='bbox 382 681 436 724; x_wconf 83' lang='lat'>16]</span> <span class='ocrx_word' id='word_1_57' title='bbox 452 692 460 720; x_wconf 76' lang='grc' dir='ltr'>ς</span> <span class='ocrx_word' id='word_1_58' title='bbox 482 683 540 715; x_wconf 79' lang='lat' dir='ltr'>Ps,</span> <span class='ocrx_word' id='word_1_59' title='bbox 554 683 623 714; x_wconf 86' lang='lat' dir='ltr'>lxx.</span> <span class='ocrx_word' id='word_1_60' title='bbox 642 691 659 722; x_wconf 83' lang='lat'>5</span> <span class='ocrx_word' id='word_1_61' title='bbox 679 681 737 724; x_wconf 87' lang='lat' dir='ltr'>[B.</span> <span class='ocrx_word' id='word_1_62' title='bbox 750 684 796 715; x_wconf 89' lang='lat' dir='ltr'>A.</span> <span class='ocrx_word' id='word_1_63' title='bbox 809 681 882 724; x_wconf 78' lang='lat'>4]);</span> <span class='ocrx_word' id='word_1_64' title='bbox 1593 716 1600 723; x_wconf 75' lang='grc'>,</span> 
     </span>
    </p>

    <p class='ocr_par' dir='ltr' id='par_1_6' title="bbox 271 725 1688 811">
     <span class='ocr_line' id='line_1_9' title="bbox 271 725 1688 768; baseline 0.001 -11"><span class='ocrx_word' id='word_1_65' title='bbox 271 725 392 768; x_wconf 90' lang='lat' dir='ltr'>“Justi</span> <span class='ocrx_word' id='word_1_66' title='bbox 409 726 635 758; x_wconf 82' lang='lat' dir='ltr'>laetabuntur</span> <span class='ocrx_word' id='word_1_67' title='bbox 650 733 687 758; x_wconf 87' lang='lat' dir='ltr'>et</span> <span class='ocrx_word' id='word_1_68' title='bbox 704 727 918 758; x_wconf 87' lang='lat' dir='ltr'>exultabunt</span> <span class='ocrx_word' id='word_1_69' title='bbox 937 736 1057 758; x_wconf 88' lang='lat' dir='ltr'>coram</span> <span class='ocrx_word' id='word_1_70' title='bbox 1077 726 1166 765; x_wconf 91' lang='lat' dir='ltr'>Deo,</span> <span class='ocrx_word' id='word_1_71' title='bbox 1184 733 1220 758; x_wconf 92' lang='lat' dir='ltr'>et</span> <span class='ocrx_word' id='word_1_72' title='bbox 1238 727 1448 767; x_wconf 90' lang='lat' dir='ltr'>gaudebunt</span> <span class='ocrx_word' id='word_1_73' title='bbox 1468 727 1504 758; x_wconf 91' lang='lat' dir='ltr'>in</span> <span class='ocrx_word' id='word_1_74' title='bbox 1524 725 1688 759; x_wconf 88' lang='lat' dir='ltr'>laetitia&#39;’</span> 
     </span>
     <span class='ocr_line' id='line_1_10' title="bbox 378 767 844 811; baseline 0.002 -10"><span class='ocrx_word' id='word_1_75' title='bbox 378 769 451 809; x_wconf 90' lang='lat' dir='ltr'>(Ps.</span> <span class='ocrx_word' id='word_1_76' title='bbox 469 770 578 802; x_wconf 89' lang='lat' dir='ltr'>lxviii.</span> <span class='ocrx_word' id='word_1_77' title='bbox 597 779 619 808; x_wconf 90' lang='lat'>4</span> <span class='ocrx_word' id='word_1_78' title='bbox 637 767 696 811; x_wconf 89' lang='lat' dir='ltr'>[B.</span> <span class='ocrx_word' id='word_1_79' title='bbox 710 770 755 802; x_wconf 84' lang='lat' dir='ltr'>A.</span> <span class='ocrx_word' id='word_1_80' title='bbox 773 767 844 811; x_wconf 84' lang='lat'>3]);</span> 
     </span>
    </p>

    <p class='ocr_par' dir='ltr' id='par_1_7' title="bbox 271 812 1688 896">
     <span class='ocr_line' id='line_1_11' title="bbox 271 812 1688 854; baseline 0 -10"><span class='ocrx_word' id='word_1_81' title='bbox 271 812 291 826; x_wconf 83' lang='lat'>⁴⁸</span> <span class='ocrx_word' id='word_1_82' title='bbox 300 812 350 844; x_wconf 90' lang='lat' dir='ltr'>Ut</span> <span class='ocrx_word' id='word_1_83' title='bbox 361 813 581 853; x_wconf 89' lang='lat' dir='ltr'>gaudeamus</span> <span class='ocrx_word' id='word_1_84' title='bbox 595 814 762 844; x_wconf 84' lang='lat' dir='ltr'>omnibus</span> <span class='ocrx_word' id='word_1_85' title='bbox 774 813 900 845; x_wconf 93' lang='lat' dir='ltr'>diebus</span> <span class='ocrx_word' id='word_1_86' title='bbox 911 813 1057 851; x_wconf 85' lang='lat' dir='ltr'>nostris,</span> <span class='ocrx_word' id='word_1_87' title='bbox 1071 814 1224 845; x_wconf 87' lang='lat' dir='ltr'>laetifica</span> <span class='ocrx_word' id='word_1_88' title='bbox 1237 823 1304 845; x_wconf 90' lang='lat' dir='ltr'>nos</span> <span class='ocrx_word' id='word_1_89' title='bbox 1316 813 1419 854; x_wconf 82' lang='lat' dir='ltr'>juxta</span> <span class='ocrx_word' id='word_1_90' title='bbox 1430 814 1518 851; x_wconf 88' lang='lat' dir='ltr'>dies,</span> <span class='ocrx_word' id='word_1_91' title='bbox 1530 813 1688 844; x_wconf 86' lang='lat' dir='ltr'>afflixisti</span> 
     </span>
     <span class='ocr_line' id='line_1_12' title="bbox 379 856 795 896; baseline 0.002 -9"><span class='ocrx_word' id='word_1_92' title='bbox 379 856 476 888; x_wconf 89' lang='lat' dir='ltr'>nos”</span> <span class='ocrx_word' id='word_1_93' title='bbox 489 856 561 895; x_wconf 86' lang='lat' dir='ltr'>(Ps.</span> <span class='ocrx_word' id='word_1_94' title='bbox 578 866 630 888; x_wconf 88' lang='lat' dir='ltr'>xc.</span> <span class='ocrx_word' id='word_1_95' title='bbox 650 865 700 895; x_wconf 84' lang='lat'>14,</span> <span class='ocrx_word' id='word_1_96' title='bbox 719 857 795 896; x_wconf 82' lang='lat'>15);</span> 
     </span>
    </p>

    <p class='ocr_par' dir='ltr' id='par_1_8' title="bbox 273 899 1688 1022">
     <span class='ocr_line' id='line_1_13' title="bbox 273 899 1688 941; baseline 0 -10"><span class='ocrx_word' id='word_1_97' title='bbox 273 899 504 931; x_wconf 78' lang='lat' dir='ltr'>&#39;‘Laetamini</span> <span class='ocrx_word' id='word_1_98' title='bbox 524 900 560 931; x_wconf 92' lang='lat' dir='ltr'>in</span> <span class='ocrx_word' id='word_1_99' title='bbox 579 900 845 941; x_wconf 87' lang='lat' dir='ltr'>Hierosolyma,</span> <span class='ocrx_word' id='word_1_100' title='bbox 866 906 902 931; x_wconf 92' lang='lat' dir='ltr'>et</span> <span class='ocrx_word' id='word_1_101' title='bbox 920 900 1076 931; x_wconf 86' lang='lat' dir='ltr'>exultate</span> <span class='ocrx_word' id='word_1_102' title='bbox 1101 901 1137 931; x_wconf 90' lang='lat' dir='ltr'>in</span> <span class='ocrx_word' id='word_1_103' title='bbox 1161 910 1214 938; x_wconf 87' lang='lat' dir='ltr'>ea,</span> <span class='ocrx_word' id='word_1_104' title='bbox 1235 910 1362 932; x_wconf 88' lang='lat' dir='ltr'>omnes</span> <span class='ocrx_word' id='word_1_105' title='bbox 1382 906 1547 931; x_wconf 90' lang='lat' dir='ltr'>amantes</span> <span class='ocrx_word' id='word_1_106' title='bbox 1567 900 1664 931; x_wconf 89' lang='lat' dir='ltr'>illam</span> <span class='ocrx_word' id='word_1_107' title='bbox 1681 909 1688 936; x_wconf 84' lang='lat'><em>;</em></span> 
     </span>
     <span class='ocr_line' id='line_1_14' title="bbox 379 943 1688 984; baseline 0.001 -10"><span class='ocrx_word' id='word_1_108' title='bbox 379 943 532 982; x_wconf 89' lang='lat' dir='ltr'>gaudete</span> <span class='ocrx_word' id='word_1_109' title='bbox 550 953 631 974; x_wconf 90' lang='lat' dir='ltr'>cum</span> <span class='ocrx_word' id='word_1_110' title='bbox 651 953 695 974; x_wconf 90' lang='lat' dir='ltr'>ea</span> <span class='ocrx_word' id='word_1_111' title='bbox 717 944 899 984; x_wconf 84' lang='lat' dir='ltr'>gaudium,</span> <span class='ocrx_word' id='word_1_112' title='bbox 919 953 1048 975; x_wconf 89' lang='lat' dir='ltr'>omnes</span> <span class='ocrx_word' id='word_1_113' title='bbox 1072 944 1238 984; x_wconf 91' lang='lat' dir='ltr'>lugentes</span> <span class='ocrx_word' id='word_1_114' title='bbox 1258 953 1366 984; x_wconf 86' lang='lat' dir='ltr'>super</span> <span class='ocrx_word' id='word_1_115' title='bbox 1389 943 1460 974; x_wconf 58' lang='lat' dir='ltr'>eass’</span> <span class='ocrx_word' id='word_1_116' title='bbox 1477 943 1588 983; x_wconf 81' lang='lat' dir='ltr'>(Esai.</span> <span class='ocrx_word' id='word_1_117' title='bbox 1606 943 1688 975; x_wconf 86' lang='lat' dir='ltr'>lxvi.</span> 
     </span>
     <span class='ocr_line' id='line_1_15' title="bbox 380 995 456 1022; baseline 0 -5"><span class='ocrx_word' id='word_1_118' title='bbox 380 995 421 1017; x_wconf 94' lang='lat'>10</span> <span class='ocrx_word' id='word_1_119' title='bbox 449 996 456 1022; x_wconf 88' lang='lat'>;</span> 
     </span>
    </p>

    <p class='ocr_par' dir='ltr' id='par_1_9' title="bbox 271 989 1215 1070">
     <span class='ocr_line' id='line_1_16' title="bbox 271 989 1215 1070; baseline 0.001 -10"><span class='ocrx_word' id='word_1_120' title='bbox 271 989 475 1061; x_wconf 68' lang='lat' dir='ltr'>“Gaude)et</span> <span class='ocrx_word' id='word_1_121' title='bbox 491 1030 633 1067; x_wconf 81' lang='lat' dir='ltr'>laetare,</span> <span class='ocrx_word' id='word_1_122' title='bbox 651 1030 723 1061; x_wconf 76' lang='lat' dir='ltr'>filia</span> <span class='ocrx_word' id='word_1_123' title='bbox 740 1030 867 1061; x_wconf 89' lang='lat' dir='ltr'>Edomi</span> <span class='ocrx_word' id='word_1_124' title='bbox 879 1029 897 1042; x_wconf 84' lang='lat'>’&#39;</span> <span class='ocrx_word' id='word_1_125' title='bbox 914 1030 969 1070; x_wconf 88' lang='lat' dir='ltr'>(T</span> <span class='ocrx_word' id='word_1_126' title='bbox 965 1030 1059 1062; x_wconf 81' lang='lat' dir='ltr'>hren.</span> <span class='ocrx_word' id='word_1_127' title='bbox 1076 1030 1121 1062; x_wconf 89' lang='lat' dir='ltr'>iv.</span> <span class='ocrx_word' id='word_1_128' title='bbox 1140 1029 1215 1070; x_wconf 71' lang='lat'>21):</span> 
     </span>
    </p>

    <p class='ocr_par' dir='ltr' id='par_1_10' title="bbox 271 1072 1463 1113">
     <span class='ocr_line' id='line_1_17' title="bbox 271 1072 1463 1113; baseline 0.001 -9"><span class='ocrx_word' id='word_1_129' title='bbox 271 1074 290 1086; x_wconf 83' lang='lat'>‘⁴</span> <span class='ocrx_word' id='word_1_130' title='bbox 301 1072 392 1104; x_wconf 88' lang='lat' dir='ltr'>Ecce</span> <span class='ocrx_word' id='word_1_131' title='bbox 407 1074 577 1113; x_wconf 88' lang='lat' dir='ltr'>gaudium</span> <span class='ocrx_word' id='word_1_132' title='bbox 595 1080 630 1105; x_wconf 89' lang='lat' dir='ltr'>et</span> <span class='ocrx_word' id='word_1_133' title='bbox 646 1073 783 1105; x_wconf 85' lang='lat' dir='ltr'>laetitia</span> <span class='ocrx_word' id='word_1_134' title='bbox 799 1073 963 1105; x_wconf 89' lang='lat' dir='ltr'>occidere</span> <span class='ocrx_word' id='word_1_135' title='bbox 980 1075 1110 1105; x_wconf 89' lang='lat' dir='ltr'>bovem</span> <span class='ocrx_word' id='word_1_136' title='bbox 1121 1073 1139 1086; x_wconf 87' lang='lat'>&#39;¹</span> <span class='ocrx_word' id='word_1_137' title='bbox 1156 1073 1268 1112; x_wconf 84' lang='lat' dir='ltr'>(Esai.</span> <span class='ocrx_word' id='word_1_138' title='bbox 1286 1074 1369 1106; x_wconf 86' lang='lat' dir='ltr'>xxii.</span> <span class='ocrx_word' id='word_1_139' title='bbox 1390 1074 1463 1113; x_wconf 85' lang='lat'>13):</span> 
     </span>
    </p>

    <p class='ocr_par' dir='ltr' id='par_1_11' title="bbox 272 1116 1688 1200">
     <span class='ocr_line' id='line_1_18' title="bbox 272 1116 1688 1158; baseline 0.001 -11"><span class='ocrx_word' id='word_1_140' title='bbox 272 1116 480 1148; x_wconf 87' lang='lat' dir='ltr'>“Gaudium</span> <span class='ocrx_word' id='word_1_141' title='bbox 499 1123 534 1148; x_wconf 93' lang='lat' dir='ltr'>et</span> <span class='ocrx_word' id='word_1_142' title='bbox 558 1117 694 1148; x_wconf 90' lang='lat' dir='ltr'>laetitia</span> <span class='ocrx_word' id='word_1_143' title='bbox 716 1123 960 1158; x_wconf 87' lang='lat' dir='ltr'>assequentur,</span> <span class='ocrx_word' id='word_1_144' title='bbox 978 1117 1120 1158; x_wconf 77' lang='lat' dir='ltr'>fugient</span> <span class='ocrx_word' id='word_1_145' title='bbox 1144 1117 1291 1149; x_wconf 83' lang='lat' dir='ltr'>tristitia</span> <span class='ocrx_word' id='word_1_146' title='bbox 1314 1124 1350 1149; x_wconf 89' lang='lat' dir='ltr'>et</span> <span class='ocrx_word' id='word_1_147' title='bbox 1373 1118 1528 1158; x_wconf 89' lang='lat' dir='ltr'>gemitus</span> <span class='ocrx_word' id='word_1_148' title='bbox 1540 1117 1558 1128; x_wconf 86' lang='lat'>&#39;’</span> <span class='ocrx_word' id='word_1_149' title='bbox 1574 1116 1688 1156; x_wconf 78' lang='lat' dir='ltr'>(Esai-</span> 
     </span>
     <span class='ocr_line' id='line_1_19' title="bbox 379 1160 812 1200; baseline 0 -9"><span class='ocrx_word' id='word_1_150' title='bbox 379 1170 484 1191; x_wconf 84' lang='lat' dir='ltr'>xxxv.</span> <span class='ocrx_word' id='word_1_151' title='bbox 505 1169 564 1196; x_wconf 80' lang='lat'>10:</span> <span class='ocrx_word' id='word_1_152' title='bbox 589 1170 665 1200; x_wconf 90' lang='lat' dir='ltr'>cap.</span> <span class='ocrx_word' id='word_1_153' title='bbox 682 1160 717 1192; x_wconf 87' lang='lat' dir='ltr'>li.</span> <span class='ocrx_word' id='word_1_154' title='bbox 738 1162 812 1200; x_wconf 87' lang='lat'>11);</span> 
     </span>
    </p>

    <p class='ocr_par' dir='ltr' id='par_1_12' title="bbox 273 1202 1689 1286">
     <span class='ocr_line' id='line_1_20' title="bbox 273 1202 1689 1242; baseline 0.001 -8"><span class='ocrx_word' id='word_1_155' title='bbox 273 1202 480 1235; x_wconf 85' lang='lat' dir='ltr'>“Gaudium</span> <span class='ocrx_word' id='word_1_156' title='bbox 498 1209 534 1235; x_wconf 92' lang='lat' dir='ltr'>et</span> <span class='ocrx_word' id='word_1_157' title='bbox 553 1204 690 1235; x_wconf 84' lang='lat' dir='ltr'>laetitia</span> <span class='ocrx_word' id='word_1_158' title='bbox 706 1204 909 1235; x_wconf 87' lang='lat' dir='ltr'>invenietur</span> <span class='ocrx_word' id='word_1_159' title='bbox 925 1204 962 1235; x_wconf 94' lang='lat' dir='ltr'>in</span> <span class='ocrx_word' id='word_1_160' title='bbox 975 1203 993 1216; x_wconf 79' lang='lat'>&#39;¹</span> <span class='ocrx_word' id='word_1_161' title='bbox 1011 1204 1133 1242; x_wconf 88' lang='lat' dir='ltr'>Zione,</span> <span class='ocrx_word' id='word_1_162' title='bbox 1152 1204 1364 1236; x_wconf 81' lang='lat' dir='ltr'>“confessio</span> <span class='ocrx_word' id='word_1_163' title='bbox 1385 1210 1420 1235; x_wconf 85' lang='lat' dir='ltr'>et</span> <span class='ocrx_word' id='word_1_164' title='bbox 1443 1214 1515 1235; x_wconf 86' lang='lat' dir='ltr'>vox</span> <span class='ocrx_word' id='word_1_165' title='bbox 1533 1210 1660 1236; x_wconf 90' lang='lat' dir='ltr'>cantus</span> <span class='ocrx_word' id='word_1_166' title='bbox 1670 1203 1689 1216; x_wconf 91' lang='lat'><strong>”</strong></span> 
     </span>
     <span class='ocr_line' id='line_1_21' title="bbox 378 1246 1508 1286; baseline 0.001 -9"><span class='ocrx_word' id='word_1_167' title='bbox 378 1246 490 1284; x_wconf 88' lang='lat' dir='ltr'>(Esai.</span> <span class='ocrx_word' id='word_1_168' title='bbox 508 1247 542 1278; x_wconf 89' lang='lat' dir='ltr'>li.</span> <span class='ocrx_word' id='word_1_169' title='bbox 561 1247 613 1286; x_wconf 86' lang='lat'>3);</span> <span class='ocrx_word' id='word_1_170' title='bbox 1504 1252 1508 1256; x_wconf 96' lang='grc'><strong>’</strong></span> 
     </span>
    </p>

    <p class='ocr_par' dir='ltr' id='par_1_13' title="bbox 274 1287 1646 1332">
     <span class='ocr_line' id='line_1_22' title="bbox 274 1287 1646 1332; baseline 0.001 -11"><span class='ocrx_word' id='word_1_171' title='bbox 274 1289 435 1321; x_wconf 84' lang='lat' dir='ltr'>“Audire</span> <span class='ocrx_word' id='word_1_172' title='bbox 453 1287 599 1321; x_wconf 84' lang='lat' dir='ltr'>[¹1facies</span> <span class='ocrx_word' id='word_1_173' title='bbox 616 1300 673 1322; x_wconf 91' lang='lat' dir='ltr'>me</span> <span class='ocrx_word' id='word_1_174' title='bbox 689 1291 859 1330; x_wconf 87' lang='lat' dir='ltr'>gaudium</span> <span class='ocrx_word' id='word_1_175' title='bbox 877 1297 912 1322; x_wconf 94' lang='lat' dir='ltr'>et</span> <span class='ocrx_word' id='word_1_176' title='bbox 928 1291 1102 1322; x_wconf 86' lang='lat' dir='ltr'>laetitiam</span> <span class='ocrx_word' id='word_1_177' title='bbox 1114 1290 1133 1302; x_wconf 87' lang='lat'>&#39;&#39;</span> <span class='ocrx_word' id='word_1_178' title='bbox 1150 1291 1296 1330; x_wconf 87' lang='lat' dir='ltr'>(Psalm.</span> <span class='ocrx_word' id='word_1_179' title='bbox 1313 1291 1349 1322; x_wconf 88' lang='lat' dir='ltr'>li.</span> <span class='ocrx_word' id='word_1_180' title='bbox 1371 1299 1411 1321; x_wconf 91' lang='lat'>10</span> <span class='ocrx_word' id='word_1_181' title='bbox 1430 1289 1489 1332; x_wconf 90' lang='lat' dir='ltr'>[B.</span> <span class='ocrx_word' id='word_1_182' title='bbox 1509 1292 1554 1323; x_wconf 84' lang='lat' dir='ltr'>A.</span> <span class='ocrx_word' id='word_1_183' title='bbox 1573 1289 1624 1332; x_wconf 88' lang='lat'>8])</span> <span class='ocrx_word' id='word_1_184' title='bbox 1638 1301 1646 1328; x_wconf 82' lang='lat'>;</span> 
     </span>
    </p>

    <p class='ocr_par' dir='ltr' id='par_1_14' title="bbox 272 1332 1580 1376">
     <span class='ocr_line' id='line_1_23' title="bbox 272 1332 1580 1376; baseline 0.001 -12"><span class='ocrx_word' id='word_1_185' title='bbox 272 1332 469 1364; x_wconf 79' lang='lat' dir='ltr'>“Excisum</span> <span class='ocrx_word' id='word_1_186' title='bbox 486 1340 540 1365; x_wconf 91' lang='lat' dir='ltr'>est</span> <span class='ocrx_word' id='word_1_187' title='bbox 556 1343 576 1365; x_wconf 89' lang='lat' dir='ltr'>e</span> <span class='ocrx_word' id='word_1_188' title='bbox 592 1334 701 1365; x_wconf 89' lang='lat' dir='ltr'>domo</span> <span class='ocrx_word' id='word_1_189' title='bbox 719 1334 786 1365; x_wconf 91' lang='lat' dir='ltr'>Dei</span> <span class='ocrx_word' id='word_1_190' title='bbox 803 1335 916 1366; x_wconf 89' lang='lat' dir='ltr'>nostri</span> <span class='ocrx_word' id='word_1_191' title='bbox 934 1334 1071 1366; x_wconf 89' lang='lat' dir='ltr'>laetitia</span> <span class='ocrx_word' id='word_1_192' title='bbox 1087 1341 1122 1366; x_wconf 89' lang='lat' dir='ltr'>et</span> <span class='ocrx_word' id='word_1_193' title='bbox 1138 1335 1308 1374; x_wconf 89' lang='lat' dir='ltr'>gaudium</span> <span class='ocrx_word' id='word_1_194' title='bbox 1321 1334 1339 1346; x_wconf 86' lang='lat'><strong>”</strong></span> <span class='ocrx_word' id='word_1_195' title='bbox 1356 1335 1453 1376; x_wconf 82' lang='lat' dir='ltr'>(Joel</span> <span class='ocrx_word' id='word_1_196' title='bbox 1466 1335 1486 1366; x_wconf 90' lang='lat' dir='ltr'>i.</span> <span class='ocrx_word' id='word_1_197' title='bbox 1507 1335 1559 1374; x_wconf 88' lang='lat'>16)</span> <span class='ocrx_word' id='word_1_198' title='bbox 1573 1344 1580 1371; x_wconf 84' lang='lat'><strong>;</strong></span> 
     </span>
    </p>

    <p class='ocr_par' dir='ltr' id='par_1_15' title="bbox 273 1375 1688 1460">
     <span class='ocr_line' id='line_1_24' title="bbox 273 1375 1688 1419; baseline 0.001 -12"><span class='ocrx_word' id='word_1_199' title='bbox 273 1375 480 1418; x_wconf 87' lang='lat' dir='ltr'>“Jejunium</span> <span class='ocrx_word' id='word_1_200' title='bbox 495 1377 623 1408; x_wconf 89' lang='lat' dir='ltr'>decimi</span> <span class='ocrx_word' id='word_1_201' title='bbox 636 1377 704 1409; x_wconf 91' lang='lat' dir='ltr'>erit</span> <span class='ocrx_word' id='word_1_202' title='bbox 716 1378 839 1409; x_wconf 89' lang='lat' dir='ltr'>domui</span> <span class='ocrx_word' id='word_1_203' title='bbox 851 1377 1012 1419; x_wconf 88' lang='lat' dir='ltr'>Jehudae</span> <span class='ocrx_word' id='word_1_204' title='bbox 1025 1378 1061 1409; x_wconf 91' lang='lat' dir='ltr'>in</span> <span class='ocrx_word' id='word_1_205' title='bbox 1073 1378 1243 1419; x_wconf 90' lang='lat' dir='ltr'>gaudium</span> <span class='ocrx_word' id='word_1_206' title='bbox 1257 1384 1293 1410; x_wconf 91' lang='lat' dir='ltr'>et</span> <span class='ocrx_word' id='word_1_207' title='bbox 1306 1378 1343 1409; x_wconf 91' lang='lat' dir='ltr'>in</span> <span class='ocrx_word' id='word_1_208' title='bbox 1356 1378 1530 1410; x_wconf 87' lang='lat' dir='ltr'>laetitiam</span> <span class='ocrx_word' id='word_1_209' title='bbox 1543 1377 1561 1390; x_wconf 81' lang='lat'>&#39;¹</span> <span class='ocrx_word' id='word_1_210' title='bbox 1574 1378 1688 1418; x_wconf 79' lang='lat' dir='ltr'>(Sach.</span> 
     </span>
     <span class='ocr_line' id='line_1_25' title="bbox 379 1420 543 1460; baseline 0 -9"><span class='ocrx_word' id='word_1_211' title='bbox 379 1420 449 1452; x_wconf 88' lang='lat' dir='ltr'>viii.</span> <span class='ocrx_word' id='word_1_212' title='bbox 469 1421 543 1460; x_wconf 87' lang='lat'>19);</span> 
     </span>
    </p>

    <p class='ocr_par' dir='ltr' id='par_1_16' title="bbox 271 1460 1689 1548">
     <span class='ocr_line' id='line_1_26' title="bbox 271 1460 1689 1507; baseline 0.001 -13"><span class='ocrx_word' id='word_1_213' title='bbox 271 1460 292 1478; x_wconf 55' lang='lat'>&#39;¹‘</span> <span class='ocrx_word' id='word_1_214' title='bbox 300 1462 380 1495; x_wconf 87' lang='lat' dir='ltr'>Vox</span> <span class='ocrx_word' id='word_1_215' title='bbox 395 1464 515 1503; x_wconf 85' lang='lat' dir='ltr'>gaudii</span> <span class='ocrx_word' id='word_1_216' title='bbox 531 1470 567 1496; x_wconf 93' lang='lat' dir='ltr'>et</span> <span class='ocrx_word' id='word_1_217' title='bbox 583 1474 655 1495; x_wconf 85' lang='lat' dir='ltr'>vox</span> <span class='ocrx_word' id='word_1_218' title='bbox 670 1464 838 1503; x_wconf 85' lang='lat' dir='ltr'>laetitiae,</span> <span class='ocrx_word' id='word_1_219' title='bbox 853 1471 887 1496; x_wconf 91' lang='lat' dir='ltr'>et</span> <span class='ocrx_word' id='word_1_220' title='bbox 903 1475 974 1496; x_wconf 88' lang='lat' dir='ltr'>vox</span> <span class='ocrx_word' id='word_1_221' title='bbox 991 1466 1115 1505; x_wconf 90' lang='lat' dir='ltr'>sponsi</span> <span class='ocrx_word' id='word_1_222' title='bbox 1133 1471 1168 1497; x_wconf 89' lang='lat' dir='ltr'>et</span> <span class='ocrx_word' id='word_1_223' title='bbox 1184 1475 1255 1496; x_wconf 89' lang='lat' dir='ltr'>vox</span> <span class='ocrx_word' id='word_1_224' title='bbox 1271 1475 1428 1506; x_wconf 90' lang='lat' dir='ltr'>sponsae</span> <span class='ocrx_word' id='word_1_225' title='bbox 1439 1464 1457 1476; x_wconf 84' lang='lat'>&#39;’</span> <span class='ocrx_word' id='word_1_226' title='bbox 1471 1465 1614 1507; x_wconf 81' lang='lat' dir='ltr'>(Jerem.</span> <span class='ocrx_word' id='word_1_227' title='bbox 1628 1465 1689 1496; x_wconf 89' lang='lat' dir='ltr'>vii.</span> 
     </span>
     <span class='ocr_line' id='line_1_27' title="bbox 380 1509 1047 1548; baseline 0.001 -10"><span class='ocrx_word' id='word_1_228' title='bbox 380 1515 443 1546; x_wconf 85' lang='lat'>34;</span> <span class='ocrx_word' id='word_1_229' title='bbox 468 1516 544 1547; x_wconf 89' lang='lat' dir='ltr'>cap.</span> <span class='ocrx_word' id='word_1_230' title='bbox 561 1517 642 1539; x_wconf 86' lang='lat' dir='ltr'><strong>xxv.</strong></span> <span class='ocrx_word' id='word_1_231' title='bbox 663 1516 724 1546; x_wconf 85' lang='lat'>10;</span> <span class='ocrx_word' id='word_1_232' title='bbox 749 1518 824 1548; x_wconf 90' lang='lat' dir='ltr'>cap.</span> <span class='ocrx_word' id='word_1_233' title='bbox 842 1509 963 1540; x_wconf 86' lang='lat' dir='ltr'>xxxiii.</span> <span class='ocrx_word' id='word_1_234' title='bbox 984 1509 1047 1548; x_wconf 89' lang='lat'>11).</span> 
     </span>
    </p>
   </div>
   <div class='ocr_carea' id='block_1_5' title="bbox 207 1613 1690 1794">
    <p class='ocr_par' dir='ltr' id='par_1_17' title="bbox 207 1613 1690 1794">
     <span class='ocr_line' id='line_1_28' title="bbox 207 1613 1690 1670; baseline 0.001 -16"><span class='ocrx_word' id='word_1_235' title='bbox 207 1613 334 1655; x_wconf 92' lang='lat' dir='ltr'>Loco</span> <span class='ocrx_word' id='word_1_236' title='bbox 358 1614 577 1667; x_wconf 87' lang='lat' dir='ltr'>“gaudii”</span> <span class='ocrx_word' id='word_1_237' title='bbox 599 1615 736 1655; x_wconf 86' lang='lat' dir='ltr'>etiam</span> <span class='ocrx_word' id='word_1_238' title='bbox 760 1615 921 1656; x_wconf 87' lang='lat' dir='ltr'>dicitur</span> <span class='ocrx_word' id='word_1_239' title='bbox 945 1615 1253 1664; x_wconf 81' lang='lat' dir='ltr'>“exultatio,’&#39;</span> <span class='ocrx_word' id='word_1_240' title='bbox 1270 1617 1373 1670; x_wconf 85' lang='lat' dir='ltr'>quia</span> <span class='ocrx_word' id='word_1_241' title='bbox 1394 1615 1660 1657; x_wconf 87' lang='lat' dir='ltr'>“exultatio</span> <span class='ocrx_word' id='word_1_242' title='bbox 1671 1616 1690 1631; x_wconf 92' lang='lat'>”</span> 
     </span>
     <span class='ocr_line' id='line_1_29' title="bbox 208 1676 1690 1731; baseline 0.002 -15"><span class='ocrx_word' id='word_1_243' title='bbox 208 1676 413 1717; x_wconf 88' lang='lat' dir='ltr'>similiter</span> <span class='ocrx_word' id='word_1_244' title='bbox 433 1690 484 1717; x_wconf 86' lang='lat' dir='ltr'>ac</span> <span class='ocrx_word' id='word_1_245' title='bbox 511 1677 794 1730; x_wconf 84' lang='lat' dir='ltr'>“gaudium”</span> <span class='ocrx_word' id='word_1_246' title='bbox 816 1678 978 1718; x_wconf 87' lang='lat' dir='ltr'>dicitur</span> <span class='ocrx_word' id='word_1_247' title='bbox 999 1678 1056 1718; x_wconf 94' lang='lat' dir='ltr'>de</span> <span class='ocrx_word' id='word_1_248' title='bbox 1078 1679 1213 1726; x_wconf 91' lang='lat' dir='ltr'>bono,</span> <span class='ocrx_word' id='word_1_249' title='bbox 1237 1679 1340 1731; x_wconf 84' lang='lat' dir='ltr'>quia</span> <span class='ocrx_word' id='word_1_250' title='bbox 1363 1679 1419 1719; x_wconf 93' lang='lat' dir='ltr'>de</span> <span class='ocrx_word' id='word_1_251' title='bbox 1441 1692 1609 1728; x_wconf 89' lang='lat' dir='ltr'>amore,</span> <span class='ocrx_word' id='word_1_252' title='bbox 1634 1679 1690 1720; x_wconf 92' lang='lat' dir='ltr'>de</span> 
     </span>
     <span class='ocr_line' id='line_1_30' title="bbox 207 1738 1477 1794; baseline 0.002 -15"><span class='ocrx_word' id='word_1_253' title='bbox 207 1738 344 1779; x_wconf 91' lang='lat' dir='ltr'>corde</span> <span class='ocrx_word' id='word_1_254' title='bbox 369 1745 416 1779; x_wconf 89' lang='lat' dir='ltr'>et</span> <span class='ocrx_word' id='word_1_255' title='bbox 441 1739 496 1780; x_wconf 92' lang='lat' dir='ltr'>de</span> <span class='ocrx_word' id='word_1_256' title='bbox 521 1739 786 1790; x_wconf 87' lang='lat' dir='ltr'>voluntate;</span> <span class='ocrx_word' id='word_1_257' title='bbox 813 1746 862 1780; x_wconf 88' lang='lat' dir='ltr'>ut</span> <span class='ocrx_word' id='word_1_258' title='bbox 888 1741 932 1780; x_wconf 91' lang='lat' dir='ltr'>in</span> <span class='ocrx_word' id='word_1_259' title='bbox 959 1742 1253 1794; x_wconf 84' lang='lat' dir='ltr'>sequentibus</span> <span class='ocrx_word' id='word_1_260' title='bbox 1279 1741 1390 1781; x_wconf 90' lang='lat' dir='ltr'>locis</span> <span class='ocrx_word' id='word_1_261' title='bbox 1408 1755 1477 1781; x_wconf 86' lang='lat'>:—</span> 
     </span>
    </p>
   </div>
   <div class='ocr_carea' id='block_1_6' title="bbox 273 1832 1691 2700">
    <p class='ocr_par' dir='ltr' id='par_1_18' title="bbox 273 1832 1691 2700">
     <span class='ocr_line' id='line_1_31' title="bbox 273 1832 1690 1878; baseline 0.004 -14"><span class='ocrx_word' id='word_1_262' title='bbox 273 1834 293 1847; x_wconf 88' lang='lat'>“</span> <span class='ocrx_word' id='word_1_263' title='bbox 303 1832 482 1865; x_wconf 86' lang='lat' dir='ltr'>Exultabit</span> <span class='ocrx_word' id='word_1_264' title='bbox 493 1833 613 1875; x_wconf 89' lang='lat' dir='ltr'>Jacob,</span> <span class='ocrx_word' id='word_1_265' title='bbox 627 1834 816 1865; x_wconf 87' lang='lat' dir='ltr'>laetabitur</span> <span class='ocrx_word' id='word_1_266' title='bbox 829 1834 939 1866; x_wconf 86' lang='lat' dir='ltr'>Israel</span> <span class='ocrx_word' id='word_1_267' title='bbox 949 1834 968 1844; x_wconf 78' lang='lat'>&#39;⁸</span> <span class='ocrx_word' id='word_1_268' title='bbox 981 1834 1126 1873; x_wconf 85' lang='lat' dir='ltr'>(Psalm.</span> <span class='ocrx_word' id='word_1_269' title='bbox 1139 1835 1211 1867; x_wconf 91' lang='lat' dir='ltr'>xiv.</span> <span class='ocrx_word' id='word_1_270' title='bbox 1229 1843 1247 1874; x_wconf 94' lang='lat'>7</span> <span class='ocrx_word' id='word_1_271' title='bbox 1261 1845 1269 1871; x_wconf 68' lang='grc' dir='ltr'>ς</span> <span class='ocrx_word' id='word_1_272' title='bbox 1296 1835 1352 1867; x_wconf 88' lang='lat' dir='ltr'>Ps.</span> <span class='ocrx_word' id='word_1_273' title='bbox 1370 1836 1432 1868; x_wconf 90' lang='lat' dir='ltr'>liii.</span> <span class='ocrx_word' id='word_1_274' title='bbox 1449 1843 1467 1874; x_wconf 92' lang='lat'>7</span> <span class='ocrx_word' id='word_1_275' title='bbox 1482 1834 1541 1878; x_wconf 84' lang='lat' dir='ltr'>[B.</span> <span class='ocrx_word' id='word_1_276' title='bbox 1555 1837 1600 1869; x_wconf 87' lang='lat' dir='ltr'>A.</span> <span class='ocrx_word' id='word_1_277' title='bbox 1617 1834 1669 1878; x_wconf 88' lang='lat'>6])</span> <span class='ocrx_word' id='word_1_278' title='bbox 1683 1846 1690 1875; x_wconf 88' lang='lat'><em>;</em></span> 
     </span>
     <span class='ocr_line' id='line_1_32' title="bbox 273 1875 1516 1921; baseline 0.003 -14"><span class='ocrx_word' id='word_1_279' title='bbox 273 1875 432 1908; x_wconf 88' lang='lat' dir='ltr'>“Exulto</span> <span class='ocrx_word' id='word_1_280' title='bbox 448 1883 483 1908; x_wconf 92' lang='lat' dir='ltr'>et</span> <span class='ocrx_word' id='word_1_281' title='bbox 504 1877 617 1908; x_wconf 86' lang='lat' dir='ltr'>laetor</span> <span class='ocrx_word' id='word_1_282' title='bbox 633 1878 669 1908; x_wconf 92' lang='lat' dir='ltr'>in</span> <span class='ocrx_word' id='word_1_283' title='bbox 690 1878 909 1918; x_wconf 87' lang='lat' dir='ltr'>benignitate</span> <span class='ocrx_word' id='word_1_284' title='bbox 927 1884 988 1909; x_wconf 88' lang='lat' dir='ltr'>tua</span> <span class='ocrx_word' id='word_1_285' title='bbox 1000 1878 1017 1889; x_wconf 85' lang='lat'>’¹</span> <span class='ocrx_word' id='word_1_286' title='bbox 1034 1878 1108 1916; x_wconf 77' lang='lat' dir='ltr'><strong>(ps.</strong></span> <span class='ocrx_word' id='word_1_287' title='bbox 1125 1879 1219 1910; x_wconf 85' lang='lat' dir='ltr'>xxxi.</span> <span class='ocrx_word' id='word_1_288' title='bbox 1237 1877 1291 1909; x_wconf 69' lang='lat'>[²18</span> <span class='ocrx_word' id='word_1_289' title='bbox 1308 1878 1368 1921; x_wconf 89' lang='lat' dir='ltr'>[B.</span> <span class='ocrx_word' id='word_1_290' title='bbox 1385 1881 1429 1910; x_wconf 88' lang='lat' dir='ltr'>A.</span> <span class='ocrx_word' id='word_1_291' title='bbox 1445 1877 1516 1920; x_wconf 84' lang='lat'>7]);</span> 
     </span>
     <span class='ocr_line' id='line_1_33' title="bbox 275 1919 1407 1962; baseline 0.002 -11"><span class='ocrx_word' id='word_1_292' title='bbox 275 1920 294 1934; x_wconf 84' lang='lat'><strong>“</strong></span> <span class='ocrx_word' id='word_1_293' title='bbox 305 1919 502 1951; x_wconf 88' lang='lat' dir='ltr'>Laetamini</span> <span class='ocrx_word' id='word_1_294' title='bbox 519 1920 555 1951; x_wconf 93' lang='lat' dir='ltr'>in</span> <span class='ocrx_word' id='word_1_295' title='bbox 571 1920 744 1962; x_wconf 84' lang='lat' dir='ltr'>Jehovah,</span> <span class='ocrx_word' id='word_1_296' title='bbox 761 1929 797 1952; x_wconf 90' lang='lat' dir='ltr'>et</span> <span class='ocrx_word' id='word_1_297' title='bbox 813 1922 969 1952; x_wconf 87' lang='lat' dir='ltr'>exultate</span> <span class='ocrx_word' id='word_1_298' title='bbox 985 1921 1071 1962; x_wconf 83' lang='lat' dir='ltr'>justi</span> <span class='ocrx_word' id='word_1_299' title='bbox 1082 1921 1100 1933; x_wconf 86' lang='lat'>’&#39;</span> <span class='ocrx_word' id='word_1_300' title='bbox 1116 1922 1190 1959; x_wconf 89' lang='lat' dir='ltr'>(Ps.</span> <span class='ocrx_word' id='word_1_301' title='bbox 1208 1923 1316 1953; x_wconf 84' lang='lat' dir='ltr'>xxxii.</span> <span class='ocrx_word' id='word_1_302' title='bbox 1334 1923 1386 1962; x_wconf 79' lang='grc' dir='ltr'>ΙΙ)</span> <span class='ocrx_word' id='word_1_303' title='bbox 1400 1933 1407 1957; x_wconf 90' lang='grc'>;</span> 
     </span>
     <span class='ocr_line' id='line_1_34' title="bbox 273 1963 1691 2048; baseline -0.001 -70"><span class='ocrx_word' id='word_1_304' title='bbox 273 1963 507 2037; x_wconf 56' lang='grc' dir='ltr'>ιιιᾶεῐειέἰῗίπ</span> <span class='ocrx_word' id='word_1_305' title='bbox 517 1973 635 2048; x_wconf 58' lang='lat' dir='ltr'>Irlnssns</span> <span class='ocrx_word' id='word_1_306' title='bbox 660 1963 791 2002; x_wconf 88' lang='lat' dir='ltr'>Zionis,</span> <span class='ocrx_word' id='word_1_307' title='bbox 813 1971 850 1996; x_wconf 87' lang='lat' dir='ltr'>et</span> <span class='ocrx_word' id='word_1_308' title='bbox 871 1965 1081 1996; x_wconf 89' lang='lat' dir='ltr'>exultabunt</span> <span class='ocrx_word' id='word_1_309' title='bbox 1105 1965 1196 1996; x_wconf 84' lang='lat' dir='ltr'>filiae</span> <span class='ocrx_word' id='word_1_310' title='bbox 1219 1965 1407 2007; x_wconf 65' lang='lat' dir='ltr'>Jehudaer.</span> <span class='ocrx_word' id='word_1_311' title='bbox 1431 1966 1504 2006; x_wconf 42' lang='lat' dir='ltr'>(Ps-</span> <span class='ocrx_word' id='word_1_312' title='bbox 1524 1967 1632 1999; x_wconf 46' lang='lat' dir='ltr'>xlviii·</span> <span class='ocrx_word' id='word_1_313' title='bbox 1652 1975 1691 1998; x_wconf 89' lang='lat'>12</span> 
     </span>
     <span class='ocr_line' id='line_1_35' title="bbox 273 2004 1690 2090; baseline 0.004 -10"><span class='ocrx_word' id='word_1_314' title='bbox 273 2049 293 2064; x_wconf 82' lang='lat'>‘¹</span> <span class='ocrx_word' id='word_1_315' title='bbox 304 2004 635 2082; x_wconf 50' lang='lat' dir='ltr'>Laeien&#39;tur&#39;omnks</span> <span class='ocrx_word' id='word_1_316' title='bbox 652 2051 871 2082; x_wconf 88' lang='lat' dir='ltr'>confidentes</span> <span class='ocrx_word' id='word_1_317' title='bbox 891 2051 927 2082; x_wconf 91' lang='lat' dir='ltr'>in</span> <span class='ocrx_word' id='word_1_318' title='bbox 945 2051 1007 2090; x_wconf 87' lang='lat' dir='ltr'>Te,</span> <span class='ocrx_word' id='word_1_319' title='bbox 1025 2057 1060 2083; x_wconf 90' lang='lat' dir='ltr'>et</span> <span class='ocrx_word' id='word_1_320' title='bbox 1076 2052 1236 2084; x_wconf 88' lang='lat' dir='ltr'>exultent</span> <span class='ocrx_word' id='word_1_321' title='bbox 1253 2052 1289 2084; x_wconf 91' lang='lat' dir='ltr'>in</span> <span class='ocrx_word' id='word_1_322' title='bbox 1306 2052 1359 2084; x_wconf 90' lang='lat' dir='ltr'>Te</span> <span class='ocrx_word' id='word_1_323' title='bbox 1374 2059 1537 2085; x_wconf 88' lang='lat' dir='ltr'>amantes</span> <span class='ocrx_word' id='word_1_324' title='bbox 1557 2064 1690 2086; x_wconf 87' lang='lat' dir='ltr'>nomen</span> 
     </span>
     <span class='ocr_line' id='line_1_36' title="bbox 382 2092 1673 2135; baseline 0.002 -11"><span class='ocrx_word' id='word_1_325' title='bbox 382 2093 510 2124; x_wconf 90' lang='lat' dir='ltr'>tuum”</span> <span class='ocrx_word' id='word_1_326' title='bbox 527 2093 600 2132; x_wconf 83' lang='lat' dir='ltr'>(Ps.</span> <span class='ocrx_word' id='word_1_327' title='bbox 616 2104 646 2125; x_wconf 91' lang='lat' dir='ltr'>v.</span> <span class='ocrx_word' id='word_1_328' title='bbox 664 2102 701 2124; x_wconf 91' lang='lat'>12</span> <span class='ocrx_word' id='word_1_329' title='bbox 721 2092 781 2135; x_wconf 88' lang='lat' dir='ltr'>[B.</span> <span class='ocrx_word' id='word_1_330' title='bbox 797 2096 843 2126; x_wconf 91' lang='lat' dir='ltr'>A.</span> <span class='ocrx_word' id='word_1_331' title='bbox 863 2092 953 2135; x_wconf 79' lang='lat'>11]):</span> <span class='ocrx_word' id='word_1_332' title='bbox 1669 2103 1673 2107; x_wconf 88' lang='grc'><em>·</em></span> 
     </span>
     <span class='ocr_line' id='line_1_37' title="bbox 274 2135 1689 2179; baseline 0.004 -12"><span class='ocrx_word' id='word_1_333' title='bbox 274 2136 293 2150; x_wconf 90' lang='grc'>“</span> <span class='ocrx_word' id='word_1_334' title='bbox 304 2135 372 2168; x_wconf 91' lang='lat' dir='ltr'>Hic</span> <span class='ocrx_word' id='word_1_335' title='bbox 388 2136 463 2168; x_wconf 89' lang='lat' dir='ltr'>dies</span> <span class='ocrx_word' id='word_1_336' title='bbox 481 2146 585 2177; x_wconf 90' lang='lat' dir='ltr'>quem</span> <span class='ocrx_word' id='word_1_337' title='bbox 602 2137 686 2168; x_wconf 78' lang='lat' dir='ltr'>fecit</span> <span class='ocrx_word' id='word_1_338' title='bbox 701 2137 872 2178; x_wconf 88' lang='lat' dir='ltr'>Jehovah‚</span> <span class='ocrx_word' id='word_1_339' title='bbox 887 2138 1087 2170; x_wconf 85' lang='lat' dir='ltr'>exultemus</span> <span class='ocrx_word' id='word_1_340' title='bbox 1103 2145 1139 2170; x_wconf 93' lang='lat' dir='ltr'>et</span> <span class='ocrx_word' id='word_1_341' title='bbox 1154 2139 1328 2170; x_wconf 86' lang='lat' dir='ltr'>laetemur</span> <span class='ocrx_word' id='word_1_342' title='bbox 1345 2139 1380 2170; x_wconf 88' lang='lat' dir='ltr'>in</span> <span class='ocrx_word' id='word_1_343' title='bbox 1397 2150 1441 2171; x_wconf 92' lang='lat' dir='ltr'>eo</span> <span class='ocrx_word' id='word_1_344' title='bbox 1453 2139 1471 2151; x_wconf 85' lang='grc'>”</span> <span class='ocrx_word' id='word_1_345' title='bbox 1485 2139 1558 2179; x_wconf 85' lang='lat' dir='ltr'>(Ps.</span> <span class='ocrx_word' id='word_1_346' title='bbox 1575 2141 1689 2173; x_wconf 85' lang='lat' dir='ltr'>cxviii.</span> 
     </span>
     <span class='ocr_line' id='line_1_38' title="bbox 275 2181 1403 2266; baseline 0.003 -12"><span class='ocrx_word' id='word_1_347' title='bbox 275 2223 294 2237; x_wconf 88' lang='lat'>“</span> <span class='ocrx_word' id='word_1_348' title='bbox 305 2181 511 2255; x_wconf 46' lang='lat' dir='ltr'>Exuitffeifius</span> <span class='ocrx_word' id='word_1_349' title='bbox 528 2230 564 2255; x_wconf 89' lang='lat' dir='ltr'>et</span> <span class='ocrx_word' id='word_1_350' title='bbox 580 2224 752 2255; x_wconf 86' lang='lat' dir='ltr'>laetemur</span> <span class='ocrx_word' id='word_1_351' title='bbox 768 2224 803 2255; x_wconf 91' lang='lat' dir='ltr'>in</span> <span class='ocrx_word' id='word_1_352' title='bbox 821 2225 936 2256; x_wconf 87' lang='lat' dir='ltr'>salute</span> <span class='ocrx_word' id='word_1_353' title='bbox 955 2224 1072 2264; x_wconf 89' lang='lat' dir='ltr'>Ipsius</span> <span class='ocrx_word' id='word_1_354' title='bbox 1082 2225 1100 2237; x_wconf 90' lang='lat'>’&#39;</span> <span class='ocrx_word' id='word_1_355' title='bbox 1117 2224 1227 2264; x_wconf 85' lang='lat' dir='ltr'>(Esai.</span> <span class='ocrx_word' id='word_1_356' title='bbox 1245 2236 1328 2258; x_wconf 86' lang='lat' dir='ltr'>xxv.</span> <span class='ocrx_word' id='word_1_357' title='bbox 1348 2226 1382 2266; x_wconf 87' lang='lat'>9)</span> <span class='ocrx_word' id='word_1_358' title='bbox 1396 2236 1403 2262; x_wconf 84' lang='lat'>:</span> 
     </span>
     <span class='ocr_line' id='line_1_39' title="bbox 274 2266 1690 2349; baseline 0.004 -52"><span class='ocrx_word' id='word_1_359' title='bbox 274 2266 500 2349; x_wconf 42' lang='lat' dir='ltr'>“laetlagyini</span> <span class='ocrx_word' id='word_1_360' title='bbox 519 2274 554 2298; x_wconf 91' lang='lat' dir='ltr'>et</span> <span class='ocrx_word' id='word_1_361' title='bbox 577 2267 731 2298; x_wconf 85' lang='lat' dir='ltr'>exultate</span> <span class='ocrx_word' id='word_1_362' title='bbox 755 2268 791 2298; x_wconf 93' lang='lat' dir='ltr'>in</span> <span class='ocrx_word' id='word_1_363' title='bbox 816 2275 1000 2299; x_wconf 88' lang='lat' dir='ltr'>aeternum</span> <span class='ocrx_word' id='word_1_364' title='bbox 1021 2278 1128 2309; x_wconf 88' lang='lat' dir='ltr'>super</span> <span class='ocrx_word' id='word_1_365' title='bbox 1152 2269 1194 2300; x_wconf 86' lang='lat' dir='ltr'>iis</span> <span class='ocrx_word' id='word_1_366' title='bbox 1214 2279 1304 2310; x_wconf 89' lang='lat' dir='ltr'>quae</span> <span class='ocrx_word' id='word_1_367' title='bbox 1324 2279 1405 2301; x_wconf 90' lang='lat' dir='ltr'>creo</span> <span class='ocrx_word' id='word_1_368' title='bbox 1418 2269 1436 2281; x_wconf 85' lang='lat'>&#39;¹</span> <span class='ocrx_word' id='word_1_369' title='bbox 1455 2269 1566 2310; x_wconf 86' lang='lat' dir='ltr'>(Esai.</span> <span class='ocrx_word' id='word_1_370' title='bbox 1585 2268 1690 2303; x_wconf 81' lang='lat' dir='ltr'>[³]lxv.</span> 
     </span>
     <span class='ocr_line' id='line_1_40' title="bbox 275 2334 1691 2398; baseline 0.004 -15"><span class='ocrx_word' id='word_1_371' title='bbox 275 2353 297 2367; x_wconf 79' lang='lat'>‘⁸</span> <span class='ocrx_word' id='word_1_372' title='bbox 309 2352 437 2384; x_wconf 84' lang='lat' dir='ltr'>Exulta</span> <span class='ocrx_word' id='word_1_373' title='bbox 452 2334 487 2384; x_wconf 67' lang='lat' dir='ltr'>et</span> <span class='ocrx_word' id='word_1_374' title='bbox 503 2353 645 2391; x_wconf 89' lang='lat' dir='ltr'>laetare,</span> <span class='ocrx_word' id='word_1_375' title='bbox 659 2354 754 2394; x_wconf 89' lang='lat' dir='ltr'>quod</span> <span class='ocrx_word' id='word_1_376' title='bbox 769 2355 1048 2394; x_wconf 85' lang='lat' dir='ltr'>magnificaverit</span> <span class='ocrx_word' id='word_1_377' title='bbox 1063 2354 1227 2396; x_wconf 85' lang='lat' dir='ltr'>Jehovah</span> <span class='ocrx_word' id='word_1_378' title='bbox 1245 2356 1408 2388; x_wconf 77' lang='lat' dir='ltr'>faciendo</span> <span class='ocrx_word' id='word_1_379' title='bbox 1420 2356 1438 2368; x_wconf 85' lang='grc'>”</span> <span class='ocrx_word' id='word_1_380' title='bbox 1452 2356 1550 2398; x_wconf 84' lang='lat' dir='ltr'>(Joel</span> <span class='ocrx_word' id='word_1_381' title='bbox 1563 2358 1596 2389; x_wconf 88' lang='lat' dir='ltr'>ii.</span> <span class='ocrx_word' id='word_1_382' title='bbox 1615 2358 1669 2397; x_wconf 89' lang='lat'>21)</span> <span class='ocrx_word' id='word_1_383' title='bbox 1684 2367 1691 2394; x_wconf 91' lang='grc'>;</span> 
     </span>
     <span class='ocr_line' id='line_1_41' title="bbox 275 2395 1691 2480; baseline 0.004 -53"><span class='ocrx_word' id='word_1_384' title='bbox 275 2397 294 2410; x_wconf 92' lang='grc'>“</span> <span class='ocrx_word' id='word_1_385' title='bbox 305 2395 382 2428; x_wconf 87' lang='lat' dir='ltr'>Filii</span> <span class='ocrx_word' id='word_1_386' title='bbox 381 2396 704 2480; x_wconf 45' lang='grc' dir='ltr'>[ξὲἷηίίῧξίξκὲιὲῗξῑε</span> <span class='ocrx_word' id='word_1_387' title='bbox 722 2404 756 2428; x_wconf 88' lang='lat' dir='ltr'>et</span> <span class='ocrx_word' id='word_1_388' title='bbox 776 2398 958 2429; x_wconf 83' lang='lat' dir='ltr'>laetamini</span> <span class='ocrx_word' id='word_1_389' title='bbox 978 2398 1014 2429; x_wconf 90' lang='lat' dir='ltr'>in</span> <span class='ocrx_word' id='word_1_390' title='bbox 1031 2398 1193 2440; x_wconf 84' lang='lat' dir='ltr'>Jehovah</span> <span class='ocrx_word' id='word_1_391' title='bbox 1212 2399 1289 2431; x_wconf 92' lang='lat' dir='ltr'>Deo</span> <span class='ocrx_word' id='word_1_392' title='bbox 1306 2400 1454 2431; x_wconf 86' lang='lat' dir='ltr'>vestro¹&#39;</span> <span class='ocrx_word' id='word_1_393' title='bbox 1471 2400 1569 2442; x_wconf 83' lang='lat' dir='ltr'>(Joel</span> <span class='ocrx_word' id='word_1_394' title='bbox 1582 2401 1615 2432; x_wconf 91' lang='lat' dir='ltr'>ii.</span> <span class='ocrx_word' id='word_1_395' title='bbox 1630 2411 1669 2443; x_wconf 85' lang='lat'>23</span> <span class='ocrx_word' id='word_1_396' title='bbox 1684 2411 1691 2439; x_wconf 84' lang='lat'>;</span> 
     </span>
     <span class='ocr_line' id='line_1_42' title="bbox 275 2464 1646 2528; baseline 0.003 -14"><span class='ocrx_word' id='word_1_397' title='bbox 275 2483 294 2496; x_wconf 83' lang='lat'>‘¹</span> <span class='ocrx_word' id='word_1_398' title='bbox 305 2482 452 2514; x_wconf 89' lang='lat' dir='ltr'>Laetare</span> <span class='ocrx_word' id='word_1_399' title='bbox 463 2464 504 2514; x_wconf 44' lang='lat' dir='ltr'>‘et</span> <span class='ocrx_word' id='word_1_400' title='bbox 519 2464 639 2514; x_wconf 75' lang='lat' dir='ltr'>exulta</span> <span class='ocrx_word' id='word_1_401' title='bbox 655 2465 699 2515; x_wconf 75' lang='lat' dir='ltr'>ex</span> <span class='ocrx_word' id='word_1_402' title='bbox 715 2485 812 2515; x_wconf 85' lang='lat' dir='ltr'>omni</span> <span class='ocrx_word' id='word_1_403' title='bbox 830 2485 944 2522; x_wconf 89' lang='lat' dir='ltr'>corde,</span> <span class='ocrx_word' id='word_1_404' title='bbox 963 2484 1034 2515; x_wconf 86' lang='lat' dir='ltr'>filia</span> <span class='ocrx_word' id='word_1_405' title='bbox 1053 2484 1327 2526; x_wconf 89' lang='lat' dir='ltr'>Hierosolymae</span> <span class='ocrx_word' id='word_1_406' title='bbox 1340 2486 1358 2498; x_wconf 82' lang='lat'>’¹</span> <span class='ocrx_word' id='word_1_407' title='bbox 1375 2486 1486 2528; x_wconf 81' lang='lat' dir='ltr'>(Zeph.</span> <span class='ocrx_word' id='word_1_408' title='bbox 1505 2487 1551 2518; x_wconf 89' lang='lat' dir='ltr'>iii.</span> <span class='ocrx_word' id='word_1_409' title='bbox 1573 2487 1624 2526; x_wconf 76' lang='lat'>14)</span> <span class='ocrx_word' id='word_1_410' title='bbox 1639 2497 1646 2523; x_wconf 86' lang='lat'><em>;</em></span> 
     </span>
     <span class='ocr_line' id='line_1_43' title="bbox 275 2526 1690 2600; baseline 0.004 -43"><span class='ocrx_word' id='word_1_411' title='bbox 275 2526 514 2600; x_wconf 53' lang='lat' dir='ltr'>“AblatlafiSt</span> <span class='ocrx_word' id='word_1_412' title='bbox 537 2527 671 2558; x_wconf 84' lang='lat' dir='ltr'>laetitia</span> <span class='ocrx_word' id='word_1_413' title='bbox 694 2534 730 2559; x_wconf 89' lang='lat' dir='ltr'>et</span> <span class='ocrx_word' id='word_1_414' title='bbox 753 2528 925 2559; x_wconf 85' lang='lat' dir='ltr'>exultatio</span> <span class='ocrx_word' id='word_1_415' title='bbox 950 2529 994 2559; x_wconf 91' lang='lat' dir='ltr'>de</span> <span class='ocrx_word' id='word_1_416' title='bbox 1019 2528 1212 2560; x_wconf 83' lang='lat' dir='ltr'>Carmele”</span> <span class='ocrx_word' id='word_1_417' title='bbox 1235 2529 1348 2569; x_wconf 87' lang='lat' dir='ltr'>(Esai.</span> <span class='ocrx_word' id='word_1_418' title='bbox 1369 2531 1439 2562; x_wconf 86' lang='lat' dir='ltr'>xvi.</span> <span class='ocrx_word' id='word_1_419' title='bbox 1467 2539 1529 2568; x_wconf 87' lang='lat'>10;</span> <span class='ocrx_word' id='word_1_420' title='bbox 1564 2532 1690 2572; x_wconf 69' lang='lat' dir='ltr'>Jerem.</span> 
     </span>
     <span class='ocr_line' id='line_1_44' title="bbox 276 2571 1691 2655; baseline 0.004 -11"><span class='ocrx_word' id='word_1_421' title='bbox 276 2571 618 2653; x_wconf 45' lang='lat' dir='ltr'>Dixitxailixglelgg)ad</span> <span class='ocrx_word' id='word_1_422' title='bbox 650 2613 866 2652; x_wconf 87' lang='lat' dir='ltr'>Zachariam,</span> <span class='ocrx_word' id='word_1_423' title='bbox 892 2614 999 2646; x_wconf 83' lang='lat' dir='ltr'>“Erit</span> <span class='ocrx_word' id='word_1_424' title='bbox 1023 2615 1085 2646; x_wconf 87' lang='lat' dir='ltr'>tibi</span> <span class='ocrx_word' id='word_1_425' title='bbox 1109 2615 1244 2647; x_wconf 80' lang='lat' dir='ltr'>laetitia</span> <span class='ocrx_word' id='word_1_426' title='bbox 1266 2622 1302 2648; x_wconf 88' lang='lat' dir='ltr'>et</span> <span class='ocrx_word' id='word_1_427' title='bbox 1325 2617 1506 2655; x_wconf 87' lang='lat' dir='ltr'>exultatio,</span> <span class='ocrx_word' id='word_1_428' title='bbox 1531 2624 1567 2649; x_wconf 92' lang='lat' dir='ltr'>et</span> <span class='ocrx_word' id='word_1_429' title='bbox 1591 2618 1691 2649; x_wconf 79' lang='lat' dir='ltr'>multi</span> 
     </span>
     <span class='ocr_line' id='line_1_45' title="bbox 382 2657 1274 2700; baseline 0.004 -13"><span class='ocrx_word' id='word_1_430' title='bbox 382 2666 487 2697; x_wconf 88' lang='lat' dir='ltr'>super</span> <span class='ocrx_word' id='word_1_431' title='bbox 503 2657 686 2688; x_wconf 86' lang='lat' dir='ltr'>nativitate</span> <span class='ocrx_word' id='word_1_432' title='bbox 703 2657 781 2697; x_wconf 88' lang='lat' dir='ltr'>ejus</span> <span class='ocrx_word' id='word_1_433' title='bbox 797 2657 1030 2698; x_wconf 83' lang='lat' dir='ltr'>gaudebunt&#39;’</span> <span class='ocrx_word' id='word_1_434' title='bbox 1047 2659 1143 2698; x_wconf 88' lang='lat' dir='ltr'><em>(Luc.</em></span> <span class='ocrx_word' id='word_1_435' title='bbox 1162 2659 1182 2691; x_wconf 88' lang='lat' dir='ltr'>i.</span> <span class='ocrx_word' id='word_1_436' title='bbox 1201 2659 1274 2700; x_wconf 88' lang='lat'>14):</span> 
     </span>
    </p>
   </div>
   <div class='ocr_carea' id='block_1_7' title="bbox 209 2759 1689 2925">
    <p class='ocr_par' dir='ltr' id='par_1_19' title="bbox 209 2759 1689 2925">
     <span class='ocr_line' id='line_1_46' title="bbox 213 2759 1689 2814; baseline 0.003 -15"><span class='ocrx_word' id='word_1_437' title='bbox 213 2759 257 2800; x_wconf 88' lang='lat' dir='ltr'>in</span> <span class='ocrx_word' id='word_1_438' title='bbox 289 2759 494 2800; x_wconf 88' lang='lat' dir='ltr'>omnibus</span> <span class='ocrx_word' id='word_1_439' title='bbox 525 2759 594 2799; x_wconf 86' lang='lat' dir='ltr'>his</span> <span class='ocrx_word' id='word_1_440' title='bbox 626 2759 737 2800; x_wconf 86' lang='lat' dir='ltr'>locis</span> <span class='ocrx_word' id='word_1_441' title='bbox 772 2760 1071 2801; x_wconf 86' lang='lat' dir='ltr'>“exultatio&#39;’</span> <span class='ocrx_word' id='word_1_442' title='bbox 1103 2761 1326 2814; x_wconf 84' lang='lat' dir='ltr'>significat</span> <span class='ocrx_word' id='word_1_443' title='bbox 1354 2762 1598 2814; x_wconf 88' lang='lat' dir='ltr'>jucundum</span> <span class='ocrx_word' id='word_1_444' title='bbox 1631 2776 1689 2803; x_wconf 88' lang='lat' dir='ltr'>ex</span> 
     </span>
     <span class='ocr_line' id='line_1_47' title="bbox 209 2820 1688 2871; baseline 0.003 -10"><span class='ocrx_word' id='word_1_445' title='bbox 209 2834 361 2862; x_wconf 86' lang='lat' dir='ltr'>amore</span> <span class='ocrx_word' id='word_1_446' title='bbox 383 2827 429 2862; x_wconf 87' lang='lat' dir='ltr'>et</span> <span class='ocrx_word' id='word_1_447' title='bbox 452 2820 686 2862; x_wconf 65' lang='lat' dir='ltr'>affectione</span> <span class='ocrx_word' id='word_1_448' title='bbox 708 2822 828 2871; x_wconf 90' lang='lat' dir='ltr'>boni,</span> <span class='ocrx_word' id='word_1_449' title='bbox 849 2835 900 2863; x_wconf 85' lang='lat' dir='ltr'>ac</span> <span class='ocrx_word' id='word_1_450' title='bbox 926 2823 1171 2864; x_wconf 85' lang='lat' dir='ltr'>“laetitia&#39;‘</span> <span class='ocrx_word' id='word_1_451' title='bbox 1188 2837 1429 2865; x_wconf 88' lang='lat' dir='ltr'>amoenum</span> <span class='ocrx_word' id='word_1_452' title='bbox 1453 2839 1511 2865; x_wconf 88' lang='lat' dir='ltr'>ex</span> <span class='ocrx_word' id='word_1_453' title='bbox 1535 2837 1688 2865; x_wconf 86' lang='lat' dir='ltr'>amore</span> 
     </span>
     <span class='ocr_line' id='line_1_48' title="bbox 210 2881 641 2925; baseline 0 0"><span class='ocrx_word' id='word_1_454' title='bbox 210 2889 255 2925; x_wconf 89' lang='lat' dir='ltr'>et</span> <span class='ocrx_word' id='word_1_455' title='bbox 277 2881 511 2925; x_wconf 59' lang='lat' dir='ltr'>affectione</span> <span class='ocrx_word' id='word_1_456' title='bbox 537 2885 641 2925; x_wconf 90' lang='lat' dir='ltr'>veri.</span> 
     </span>
    </p>
   </div>
  </div>
 </body>
</html>
