1962 3334
286 289 392 343 1556
693 298 1026 331 APOCALYPSIS
1057 298 1356 330 EXPLICATA.

280 418 465 465 propter
486 412 770 466 iniquitatem
787 411 823 463 ;‘’
851 410 1247 453 “contabescere'’
1270 412 1429 452 dicitur
1452 410 1508 452 de
1531 411 1624 452 vita
1645 411 1772 464 spiri-

280 477 390 518 tuali
415 476 596 530 quando
623 476 751 528 perit.
813 474 930 528 Quia
954 475 1164 516 “bestiae
1177 475 1196 490 '’
1219 474 1474 527 significant
1498 473 1771 524 affectiones,

280 539 502 593 quaedam
533 537 794 579 affefflones
827 539 969 579 bonas
1001 544 1046 578 et
1079 538 1299 591 quaedam
1326 536 1585 578 affeffiones
1614 537 1770 586 malas,

279 603 380 642 ideo
422 602 548 654 leges
589 601 708 642 latae
747 607 850 642 sunt
892 614 972 653 pro
1012 600 1110 640 filiis
1149 600 1341 649 Israelis,
1375 600 1493 653 apud
1531 615 1643 654 quos
1674 608 1771 642 erat

277 664 469 705 ecclesia
501 664 900 716 repraesentativa,
939 677 1161 717 quaenam
1200 663 1372 704 bestiae
1407 664 1768 713 comederentur,

281 734 326 767 et
339 741 560 780 quaenam
580 740 670 767 non
689 727 1035 768 comederentur
1050 725 1207 780 (Levz't.
1227 727 1287 766 xi.
1307 738 1321 766 1
1339 727 1395 766 ad
1414 726 1506 780 fin.)
1527 741 1535 777 ;
1570 740 1648 780 per
1658 741 1771 780 quae

278 789 616 843 significabatur
641 803 864 843 quaenam
888 790 1059 830 bestiae
1087 790 1489 842 repraesentabant
1513 788 1772 830 affectiones

278 854 420 894 bonas
452 867 565 906 quae
599 854 1008 906 appropriarentur,
1036 859 1081 893 et
1114 867 1335 906 quaenam
1363 853 1503 893 malas
1535 867 1648 906 quae
1681 866 1771 894 non

277 917 685 969 appropriarentur,
712 917 924 970 quoniam
957 915 1216 957 affectiones
1249 917 1394 957 bonae
1427 917 1641 956 mundum
1668 917 1771 957 red-

278 980 390 1020 dunt
422 979 665 1028 hominem,
699 986 747 1019 at
784 977 1043 1020 affectiones
1075 979 1219 1019 malae
1252 979 1545 1020 immundum.
1607 978 1772 1020 Omnia

276 1056 388 1096 quae
414 1043 458 1082 in
491 1056 545 1083 eo
572 1043 721 1095 capite
748 1049 866 1091 sunt,
896 1042 1044 1095 quoad
1077 1041 1277 1095 singulas
1309 1042 1478 1082 bestias
1504 1048 1550 1083 et
1577 1056 1696 1091 aveS,
1724 1049 1771 1084 et

277 1105 425 1158 quoad
457 1104 633 1145 illarum
666 1105 871 1158 ungulas,
907 1105 1046 1158 pedes
1078 1111 1124 1146 et
1156 1118 1326 1152 rumen,
1355 1118 1433 1157 per
1465 1118 1577 1158 quae
1609 1104 1770 1145 distin-

276 1174 473 1220 guuntur
510 1168 679 1209 munda
714 1169 772 1208 ab
813 1167 1069 1217 immundis,
1103 1167 1399 1221 significativa
1435 1173 1553 1208 sunt.
1631 1167 1770 1220 Apud

275 1230 481 1280 Esaiam,

343 1321 361 1334 “
372 1320 407 1352 Si
416 1320 586 1352 deciderit
597 1321 642 1352 ad
653 1321 824 1358 dextram,
838 1321 969 1352 esuriet
982 1327 1100 1351 tamen
1118 1330 1124 1356 ;
1145 1326 1180 1351 et
1191 1320 1219 1351 si
1230 1319 1422 1351 comederit
1436 1319 1480 1351 ad
1494 1319 1686 1357 sinistram,
1697 1329 1769 1350 non

450 1365 704 1395 saturabuntur
720 1374 726 1402 ;
745 1364 799 1395 vir
810 1374 952 1395 carnem
968 1364 1101 1395 brachii
1116 1364 1170 1394 sui
1183 1364 1382 1401 comedent,
1400 1363 1618 1394 Menascheh
1637 1363 1772 1403 Ephra-

450 1408 561 1439 imum
579 1415 614 1439 et
633 1408 846 1448 Ephraimus
867 1407 1087 1439 Menaschen
1100 1407 1118 1419 ⁷’
1135 1408 1193 1447 (ix.
1211 1416 1259 1448 19,
1275 1415 1317 1438 20
1332 1405 1392 1448 [B.
1409 1408 1455 1439 A.
1470 1415 1520 1446 20,
1534 1404 1629 1448 21]);

276 1526 355 1566 per
376 1512 487 1553 haec
512 1513 779 1553 describitur
805 1510 1052 1553 exstinctio
1074 1512 1180 1553 boni
1203 1525 1281 1565 per
1306 1511 1479 1560 falsum,
1499 1524 1550 1552 ac
1574 1511 1666 1552 veri
1692 1524 1772 1564 per

277 1576 470 1626 malurn;
518 1575 766 1616 exstinctio
802 1576 949 1616 omnis
987 1576 1093 1616 boni
1133 1582 1179 1616 et
1220 1576 1326 1622 veri,
1361 1582 1586 1628 utcunque
1627 1575 1770 1628 inqui-

275 1645 446 1687 runtur,
475 1638 754 1692 significatur
779 1652 858 1691 per
886 1642 910 1659 “
928 1638 973 1679 Si
1011 1639 1230 1679 deciderit
1263 1639 1318 1678 ad
1351 1638 1577 1686 dextram,
1606 1638 1770 1678 esuriet

276 1709 460 1751 tamen;
494 1709 539 1743 et
573 1703 608 1742 si
640 1702 889 1743 comederit
921 1702 978 1742 ad
1010 1703 1250 1750 sinistram,
1280 1715 1369 1742 non
1402 1701 1720 1742 saturabuntur
1737 1700 1771 1751 ;”

278 1770 302 1786 ‘⁴
317 1763 540 1807 [¹¹caedere
554 1765 636 1806 ”et
654 1769 678 1785 “
691 1765 961 1807 comedere‘’
975 1766 1031 1806 ad
1050 1766 1149 1806 illas
1169 1772 1238 1806 est
1256 1766 1489 1819 inquirere,
1505 1768 1529 1785 “
1543 1765 1705 1806 esurire
1724 1770 1771 1805 et

277 1842 366 1869 non
399 1828 620 1869 saturari‘’
652 1835 722 1869 est
755 1842 846 1870 non
878 1830 1080 1877 inveniri,
1114 1835 1160 1870 et
1193 1829 1227 1868 si
1259 1829 1483 1869 invenitur
1508 1841 1646 1881 usque
1679 1841 1769 1868 non

275 1905 408 1945 posse
435 1892 598 1944 recipi;
627 1892 735 1932 “vir
757 1905 937 1932 carnem
961 1892 1130 1932 brachii
1157 1892 1221 1931 sui
1249 1891 1491 1931 comedent
1506 1890 1525 1906 '‘
1547 1890 1770 1944 significat

276 1955 396 2008 quod
419 1954 579 1995 falsum
604 1961 844 1996 consumet
867 1955 1036 1996 bonum
1060 1968 1110 1996 ac
1139 1954 1307 1995 malurn
1332 1967 1486 1995 verum
1509 1955 1553 1994 in
1577 1953 1769 1995 naturali

276 2018 486 2068 homine;
523 2017 845 2058 “Menascheh
874 2017 1171 2071 Ephraimum
1205 2024 1251 2058 et
1285 2017 1558 2070 Ephraimus
1586 2016 1769 2057 Menas-

279 2080 435 2129 chen,'’
458 2080 684 2134 significat
707 2081 827 2134 quod
850 2081 1066 2122 voluntas
1093 2080 1198 2121 mali
1222 2086 1459 2121 consumet
1487 2078 1769 2120 intellectum

276 2145 382 2192 veri,
411 2150 459 2184 et
491 2144 611 2197 quod
643 2143 905 2185 intellectus
938 2143 1036 2184 falsi
1068 2150 1306 2184 consumet
1334 2143 1620 2183 voluntatem
1650 2143 1769 2183 boni.

277 2216 356 2252 (Sed
371 2216 450 2244 haec
472 2216 640 2244 videantur
654 2216 747 2244 etiam
764 2225 869 2253 supra,
885 2225 916 2246 n.
933 2205 1062 2257 386[b]
1085 2221 1115 2245 et
1130 2205 1274 2253 600[b]‚
1291 2215 1472 2253 explicata.)
1512 2203 1768 2256 Consump-

279 2267 344 2307 tio
370 2267 515 2307 omnis
542 2267 634 2307 veri
661 2273 707 2308 et
733 2267 839 2307 boni
866 2268 1005 2308 etiam
1032 2266 1312 2320 significatur

351 2365 419 2397 Per
435 2366 529 2407 quod
546 2367 696 2399 ederent
713 2377 859 2398 carnem
876 2367 1031 2398 filiorum
1046 2372 1082 2398 et
1098 2366 1250 2398 filiarum
1269 2365 1389 2405 (Levz't.
1402 2366 1495 2397 xxvi.
1511 2365 1564 2406 29)
1579 2375 1586 2403 ;

349 2409 824 2495 Τυω(ἓῑὶίὲυῖᾰῑὲ>ῑῗαῑῐεε
848 2411 1040 2442 comedent
1068 2410 1178 2442 filios.
1193 2435 1200 2442 .
1215 2435 1238 2448 .,
1264 2416 1299 2441 et
1323 2409 1384 2440 filii
1405 2410 1595 2441 comedent
1619 2415 1738 2450 patres
1749 2408 1769 2422 ”

278 2555 474 2605 “patres
487 2551 506 2567 ’'
533 2552 792 2605 significant
823 2553 944 2593 bona
975 2552 1209 2601 ecclesiae,
1238 2558 1284 2592 et
1315 2552 1357 2592 in
1391 2552 1602 2605 opposito
1634 2566 1768 2593 sensu

277 2614 398 2655 mala
421 2614 541 2667 ejus;
577 2615 721 2655 “filii'’
739 2629 846 2656 vera
871 2615 1105 2664 ecclesiae,
1126 2621 1171 2655 et
1197 2616 1241 2654 in
1260 2615 1472 2667 opposito
1498 2628 1632 2655 sensu
1657 2614 1768 2655 falsa

276 2677 395 2730 ejus3
439 2684 485 2719 et
520 2678 705 2719 “filiae’'
737 2677 998 2719 affectiones
1029 2679 1122 2719 veri
1159 2683 1205 2718 et
1243 2678 1363 2725 boni,
1398 2684 1443 2718 et
1477 2678 1521 2718 in
1554 2678 1767 2730 opposito

276 2754 411 2781 sensu
442 2742 715 2794 cupiditates
741 2741 840 2782 falsi
872 2747 919 2782 et
951 2741 1082 2781 mali:
1118 2741 1406 2793 consumptio
1439 2746 1485 2780 et
1518 2738 1766 2781 exstinctio

275 2817 429 2844 eorum
462 2810 617 2844 mutua
649 2804 928 2857 significatur
959 2818 1038 2857 per
1066 2803 1375 2852 “comedere‘’
1402 2803 1518 2843 illos.
1581 2803 1765 2843 Exinde

275 2872 404 2920 patet
436 2867 555 2920 quod
594 2867 707 2908 haec
742 2867 875 2908 aliter
913 2880 1047 2920 quam
1079 2866 1329 2907 secundum
1362 2866 1562 2907 litteram
1594 2866 1764 2907 intelli-

276 2930 426 2983 genda
454 2931 556 2971 sint.
620 2929 757 2987 Apud
783 2930 1078 2979 Mattlzaeum,
