1962 3334
601 305 706 338 CAP.
728 303 810 344 1x.,
832 302 970 335 VERs.
994 300 1138 346 3.—N.
1164 289 1321 345 543[c].
1402 296 1408 301 ’
1594 287 1703 342 1363

222 428 294 465 est
325 421 527 471 locusta;
571 418 690 474 quod
724 423 854 472 patet
884 431 943 458 ex
974 429 1030 457 eo
1059 414 1180 470 quod
1210 413 1288 456 illa
1318 426 1345 454 a
1375 410 1551 453 Davide
1582 409 1705 452 dieta

222 486 312 526 sint
338 485 394 525 de
420 483 606 525 locustis
631 483 676 522 in
702 481 937 534 Aegypto,
964 486 1011 520 et
1042 485 1197 520 tamen
1222 476 1341 530 apud
1365 475 1519 516 Mosen
1543 474 1705 515 dicitur

223 547 369 589 solum
394 550 419 567 “
435 544 642 587 locusta'’
668 551 714 585 et
743 556 834 584 non
859 541 1066 583 bruchus.
1127 538 1282 581 Simile
1307 552 1387 593 per
1410 537 1673 579 “locustam
1684 536 1704 551 '’

223 617 272 652 et
299 608 554 650 “bruchum
565 607 585 623 ’'
611 605 889 660 significatur
914 603 1033 657 apud
1059 602 1243 652 Joelem,

288 707 308 720 “
318 704 511 738 Residuum
525 712 650 735 erucae
663 701 819 734 comedit
834 700 982 737 locusta,
996 705 1031 731 et
1047 698 1227 730 residuum
1243 698 1403 729 locustae
1420 695 1652 733 melolontha,
1668 701 1706 726 et

398 748 577 780 residuum
599 745 842 778 melolonthae
861 743 1016 775 comedit
1039 742 1213 773 bruchus:
1243 740 1532 782 expergiscimini
1552 739 1650 777 ebrii,
1671 745 1707 770 et

396 791 498 827 flete:
529 796 564 822 et
591 789 733 830 ejulate.
758 797 885 820 omnes
909 792 1077 827 potantes
1100 785 1236 823 vinum,
1259 790 1406 825 propter
1429 789 1586 815 mustum
1609 782 1706 823 quod

395 834 553 866 excisum
569 839 625 865 est
642 842 687 864 ex
703 841 764 863 ore
781 837 901 862 vestro
911 829 929 842 '’
942 830 977 870 (i.
990 838 1021 869 4,
1037 829 1089 870 5);

223 917 270 953 et
296 911 401 952 alibi
426 910 544 964 apud
569 909 775 957 eundem,

290 985 452 1018 “Plenae
467 990 571 1016 erunt
589 993 694 1015 areae
712 983 892 1014 frumento
911 991 1012 1022 puro,
1029 987 1064 1012 et
1083 980 1319 1012 exundabant
1339 977 1529 1012 torcularia
1548 984 1706 1010 mustum

395 1035 431 1060 et
454 1029 583 1065 oleum,
602 1033 638 1059 et
662 1026 903 1066 compensabo
927 1025 1032 1056 vobis
1055 1034 1172 1056 annos
1196 1033 1286 1064 quos
1305 1022 1528 1063 consumpsit
1553 1023 1703 1057 locusta.

395 1071 624 1108 melolonffla,
649 1076 685 1101 et
707 1070 862 1101 bruchus
887 1074 923 1100 et
946 1078 1063 1106 eruca,
1089 1068 1264 1099 exercitus
1289 1077 1392 1098 meus
1415 1076 1578 1107 magnus,
1601 1075 1706 1107 quem

395 1115 478 1146 misi
495 1115 589 1146 inter
605 1123 670 1145 vos
681 1113 698 1124 ''
712 1113 760 1153 (ii.
775 1121 826 1151 24,
838 1113 911 1152 25):

224 1202 344 1257 quod
374 1215 453 1255 per
478 1201 615 1242 noxia
640 1199 717 1240 illa
742 1197 1012 1240 animalcula
1038 1196 1347 1251 significentur
1370 1196 1483 1238 falsa
1508 1202 1554 1237 et
1586 1195 1707 1237 mala

222 1265 455 1306 vastantia
485 1277 563 1304 seu
599 1262 911 1303 consumentia
940 1275 1047 1302 vera
1082 1267 1130 1301 et
1170 1260 1291 1301 bona
1321 1260 1439 1313 apud
1475 1259 1706 1300 hominem

226 1327 460 1375 ecclesiae,
493 1332 636 1380 patet,
668 1325 880 1379 quoniam
911 1324 1076 1365 dicitur
1105 1323 1224 1377 quod
1259 1322 1517 1376 “ejularent
1549 1335 1707 1363 omnes

224 1396 440 1444 potantes
465 1390 616 1430 vinum
644 1394 829 1441 propter
853 1393 1051 1427 mustum
1077 1386 1197 1440 quod
1219 1386 1422 1427 excisum
1448 1391 1518 1426 est
1544 1399 1603 1426 ex
1630 1399 1707 1426 ore

227 1459 382 1494 vestro
404 1451 439 1502 ;”
485 1465 563 1505 per
597 1451 785 1491 “vinum
798 1450 818 1465 ”
849 1456 895 1490 et
937 1448 1207 1489 “mustum'’
1238 1447 1518 1501 significatur
1553 1461 1708 1488 verum

226 1515 468 1557 ecclesiae:
503 1521 600 1555 tum
626 1514 728 1567 quia
753 1513 915 1553 dicitur
940 1512 1060 1565 quod
1082 1511 1280 1565 “plenae
1307 1518 1437 1552 erunt
1463 1525 1594 1552 areae
1619 1510 1708 1551 sru-

227 1583 398 1625 mento,
425 1583 472 1618 et
498 1575 795 1617 exundabant
822 1574 1064 1615 torcularia
1090 1581 1288 1615 mustum
1319 1580 1366 1615 et
1398 1573 1547 1614 oleum
1564 1573 1599 1624 ;”
1630 1587 1710 1627 per

229 1643 418 1681 “aream
429 1639 448 1654 ”
466 1641 583 1680 enim
606 1638 884 1692 significatur
901 1636 1107 1678 doctrina
1128 1637 1361 1686 ecclesiae,
1382 1651 1461 1690 per
1480 1637 1711 1678 “frumen-

229 1702 358 1743 tum’'
383 1708 430 1743 et
458 1694 678 1742 “oleum’'
708 1701 827 1741 bona
857 1700 964 1753 ejus,
997 1706 1044 1741 et
1075 1713 1154 1753 per
1177 1699 1444 1740 “mustum’'
1465 1713 1571 1741 vera
1601 1699 1708 1752 ejus.

227 1763 442 1806 Similiter
466 1765 584 1818 apud
610 1763 804 1812 Nahum,

294 1859 497 1891 “Comedet
525 1865 559 1890 te
587 1859 690 1899 ignis,
716 1858 900 1890 exscindet
929 1864 963 1889 te
991 1858 1142 1898 gladius,
1167 1858 1331 1889 comedet
1359 1863 1393 1890 te
1419 1858 1511 1889 sicut
1535 1858 1689 1890 bruchus
1703 1868 1710 1895 ;

402 1903 599 1942 multiplica
609 1908 643 1934 te
654 1902 744 1933 sicut
755 1902 918 1939 bruchus,
931 1902 1129 1941 multiplica
1138 1908 1172 1932 te
1183 1901 1274 1932 sicut
1284 1901 1422 1933 locusta
1433 1912 1440 1933 :
1466 1902 1711 1942 multiplicasti

402 1952 617 1977 mercatores
631 1952 711 1977 tuos
722 1955 806 1985 prae
820 1945 932 1976 stellis
946 1945 1126 1976 caelorum
1140 1956 1146 1976 :
1168 1945 1322 1977 bruchus
1335 1945 1476 1977 diffudit
1488 1955 1527 1976 se
1543 1951 1579 1976 et
1591 1946 1712 1977 avola-

402 1990 462 2027 vit,
487 1989 647 2020 coronati
673 1989 723 2020 tui
748 1989 839 2020 sicut
852 1988 1000 2026 locusta,
1018 1995 1053 2019 et
1073 1988 1306 2028 imperatores
1323 1989 1374 2020 tui
1391 1989 1482 2020 sicut
1501 1988 1642 2020 locusta
1660 1990 1713 2021 lo-

403 2039 582 2064 custarum
599 2042 605 2069 ;
623 2030 749 2073 fflquae
767 2032 956 2063 consident
971 2031 1008 2062 in
1026 2032 1190 2063 maceriis
1206 2032 1264 2063 die
1281 2031 1435 2072 frigoris,
1453 2032 1507 2064 sol
1524 2032 1647 2071 oritur,
1663 2033 1713 2066 ita

403 2077 534 2114 avolat,
552 2083 590 2107 ut
608 2085 681 2107 non
700 2082 868 2107 noscatur
884 2075 984 2106 locus
1001 2075 1079 2115 ejus
1096 2075 1157 2106 ubi
1175 2075 1256 2107 illae
1267 2075 1285 2087 '¹
1298 2076 1359 2115 (iii.
1376 2076 1494 2116 15-17)
1508 2085 1516 2109 ;

231 2166 343 2209 haec
370 2165 490 2209 dicta
515 2174 618 2208 sunt
646 2167 702 2207 de
727 2167 871 2207 “urbe
897 2165 1205 2219 sanguinum,“
1226 2180 1305 2220 per
1326 2179 1460 2220 quam
1486 2165 1712 2220 significa-

232 2236 306 2271 tur
342 2228 545 2271 doctrina
582 2229 778 2270 conflata
818 2243 876 2270 ex
913 2228 1159 2270 falsificatis
1194 2229 1324 2278 veris,
1359 2230 1424 2270 ita
1462 2243 1522 2270 ex
1562 2229 1710 2270 salsis:

231 2294 438 2335 interitus
460 2293 636 2333 illorum
663 2294 734 2345 qui
762 2293 805 2332 in
831 2291 917 2332 fide
943 2298 988 2332 et
1014 2292 1108 2332 vita
1130 2292 1375 2333 secundum
1398 2291 1522 2333 illam
1545 2291 1712 2333 doctri-

233 2369 336 2397 nam
370 2362 488 2403 sunt,
522 2354 798 2408 significatur
829 2368 907 2408 per
935 2354 1198 2396 “Comedet
1229 2360 1276 2395 te
1307 2355 1437 2408 ignis,
1470 2356 1711 2397 exscindet

233 2425 280 2459 te
306 2418 481 2471 gladius
499 2417 533 2468 ;’'
565 2432 642 2471 per
667 2421 691 2438 “
708 2417 892 2471 ignem”
914 2418 987 2471 qui
1013 2418 1223 2459 comedet
1246 2417 1523 2471 significatur
1544 2418 1711 2459 malum

235 2481 471 2521 destruens
519 2480 702 2529 bonum,
745 2487 790 2521 et
836 2494 914 2534 per
938 2479 1226 2533 ‚“g1adium”
1266 2480 1426 2521 salsum
1474 2481 1712 2522 destruens

234 2556 416 2584 verum:
454 2549 499 2584 et
527 2544 737 2596 quoniam
764 2542 1033 2595 intelligitur
1057 2542 1223 2583 malum
1249 2550 1295 2584 et
1327 2543 1485 2584 falsum
1518 2558 1576 2584 ex
1608 2558 1711 2585 sen-

236 2604 346 2646 suali
369 2605 563 2651 homine,
583 2606 684 2646 ideo
702 2606 877 2653 dicitur,
894 2610 918 2625 ¹‘
932 2604 1152 2646 Comedet
1171 2612 1217 2646 te
1234 2606 1441 2655 bruchus,
1461 2606 1713 2660 multiplica

235 2674 282 2708 te
311 2668 426 2708 sicut
452 2667 658 2716 bruchus,
687 2667 937 2721 multiplica
962 2674 1009 2708 te
1040 2668 1154 2709 sicut
1180 2668 1370 2717 locusta,
1399 2668 1712 2722 multiplicasti

237 2738 511 2771 mercatores
557 2737 658 2771 tuos
704 2743 808 2783 prae
857 2729 1002 2770 stellis
1049 2730 1274 2771 caelorum
1293 2730 1326 2781 ;'’
1371 2731 1491 2784 quod
1536 2732 1714 2772 dicatur

236 2793 552 2846 multiplicatio
575 2795 687 2834 sicut
723 2792 946 2833 “bruchi’'
978 2799 1023 2834 et
1055 2794 1169 2834 sicut
1198 2793 1481 2841 “locustae,”
1506 2801 1576 2835 est
1609 2795 1712 2847 quia

235 2855 566 2896 falsificationes
594 2855 732 2896 Verbi
759 2856 802 2895 in
829 2856 1027 2895 maxima
1048 2856 1178 2909 copia
1198 2855 1308 2897 fiunt
1327 2856 1384 2896 ab
1405 2856 1491 2896 illis
1513 2857 1585 2910 qui
1607 2870 1710 2897 sen-

235 2918 382 2960 suales
399 2926 517 2967 sunt,
538 2920 599 2960 ita
619 2933 643 2959 a
667 2918 860 2959 sensuali
883 2918 1077 2967 homine,
1097 2931 1199 2959 nam
1223 2919 1293 2960 hic
1317 2933 1396 2973 per
1421 2923 1445 2939 ‘⁴
1462 2919 1711 2960 bruchum''
