1962 3334
299 270 406 314 1570
707 269 1040 302 APOCALYPSIS
1071 270 1371 302 EXPLICATA.

291 388 389 423 erat
422 395 571 431 causa,
604 383 706 436 quia
741 382 1053 423 “fermentum
1066 382 1085 398 ”
1114 382 1339 436 significat
1372 382 1532 424 salsum
1566 382 1783 424 naturalis

291 444 500 493 hominis,
543 451 588 486 et
635 445 793 486 “mel''
829 445 1074 498 jucundum
1115 446 1220 486 boni
1262 446 1355 499 ejus
1395 459 1446 486 ac
1488 447 1531 486 in
1572 447 1785 500 opposito

291 521 425 548 sensu
447 508 692 560 jucundum
716 508 822 549 mali
849 508 968 561 ejus3
1011 509 1130 562 quod
1158 510 1296 550 etiam
1319 510 1461 550 instar
1483 509 1691 550 fermenti
1714 515 1785 549 est

292 570 398 610 dum
425 571 700 612 admiscetur
731 571 898 612 talibus
930 586 1043 626 quae
1076 570 1234 613 sancta
1265 573 1480 612 interiora
1511 571 1783 625 significant,

293 647 396 673 nam
419 633 665 686 jucundum
692 634 898 675 naturale
931 635 1072 676 trahit
1105 648 1233 675 suum
1266 648 1325 675 ex
1347 634 1555 687 jucundis
1581 647 1785 675 amorum

294 697 359 737 sui
386 703 432 738 et
456 698 635 738 mundi:
670 704 715 738 et
743 699 845 751 quia
867 712 979 751 gens
1005 698 1255 739 Israelitica
1276 699 1320 738 in
1343 698 1431 738 illis
1449 698 1655 751 jucundis
1678 711 1784 751 prae

292 759 390 800 aliis
417 761 630 813 gentibus
662 761 756 809 suit,
785 762 887 802 ideo
920 761 1055 802 melle
1087 762 1151 802 uti
1184 762 1228 801 in
1255 760 1482 802 sacrificiis
1509 761 1786 814 prohibitum

292 821 381 862 illis
410 821 507 862 suit.
566 833 631 870 (De
651 834 881 870 significatione
898 831 915 841 ‘¹
928 834 1060 867 mellis‚''
1077 834 1166 871 quod
1181 834 1219 862 sit
1231 834 1412 871 jucundum
1427 833 1504 862 boni
1520 834 1671 862 naturalis
1686 833 1788 862 homi-

291 885 349 919 nis,
365 885 514 914 videatur
526 886 558 914 in
573 887 711 915 Arcanz's
731 887 924 921 Caelestibus,
941 896 971 916 n.
988 887 1078 923 5620,
1093 885 1223 926 [Χ]6857,Ἰ
1234 886 1323 923 8056,
1342 895 1450 924 10137,
1467 886 1590 925 10530.)
1649 875 1786 928 Quod

359 988 550 1020 Schimson
577 996 765 1030 postquam
791 990 1029 1029 discerpserat
1059 990 1201 1021 leonem
1234 989 1414 1029 juvenem,
1440 989 1476 1020 in
1508 989 1681 1020 cadavere
1709 988 1787 1029 ejus

467 1033 645 1064 invenerit
663 1043 814 1064 examen
835 1043 942 1073 apum
961 1040 996 1064 et
1016 1034 1097 1071 mel,
1119 1033 1264 1074 quando
1282 1043 1431 1064 uxorem
1449 1033 1662 1064 duceret-ex
1680 1038 1788 1073 gente

469 1076 692 1108 Philisthaea
710 1077 847 1119 (Judz'c.
865 1077 934 1108 xiv.
954 1078 996 1116 8),

293 1192 578 1245 significabat
597 1193 940 1247 dissipationem
963 1193 1065 1234 fidei
1088 1199 1326 1246 separatae
1349 1207 1374 1233 a
1392 1192 1631 1240 charitate,
1653 1204 1787 1246 quam

292 1268 405 1308 gens
434 1256 710 1297 Philisthaea
742 1257 1142 1310 repraesentabat;
1186 1270 1321 1310 quare
1354 1256 1492 1296 etiam
1520 1255 1785 1296 Philisthaei

292 1318 574 1359 vocabantur
616 1319 967 1373 “praeputiati,'’
1008 1333 1086 1372 per
1131 1320 1250 1373 quod
1297 1332 1463 1359 nornen
1508 1317 1787 1371 significatur

292 1382 412 1435 quod
435 1383 605 1436 absque
629 1396 782 1423 amore
808 1390 854 1423 et
882 1383 1107 1423 charitate
1130 1382 1350 1436 spirituali
1373 1389 1541 1430 essent,
1566 1388 1612 1422 et
1639 1381 1785 1422 solum

293 1445 337 1484 in
369 1458 522 1486 amore
555 1446 762 1494 naturali,
792 1447 864 1500 qui
897 1452 967 1486 est
1000 1459 1126 1486 amor
1157 1446 1222 1485 sui
1253 1451 1299 1486 et
1333 1445 1510 1485 mundi:
1550 1444 1627 1484 illa
1658 1443 1784 1492 fides,

292 1509 395 1561 quia
421 1509 614 1550 destruit
642 1509 809 1549 bonum
843 1509 1093 1557 charitatis,
1122 1508 1551 1561 repraesentabatur
1583 1521 1662 1560 per
1693 1506 1788 1548 leo-

294 1584 397 1612 nem
420 1571 632 1624 juvenem
660 1573 733 1626 qui
766 1586 1012 1625 aggressus
1045 1578 1115 1612 est
1149 1571 1404 1612 Simsonem
1437 1571 1588 1611 animo
1619 1570 1787 1611 discer-

293 1635 428 1687 pendi
469 1635 625 1685 illum;
674 1635 753 1675 sed
797 1634 991 1683 Simon,
1034 1636 1137 1688 quia
1182 1640 1279 1675 erat
1321 1634 1578 1682 Naziraeus,
1622 1639 1669 1674 et
1711 1647 1790 1686 per

294 1697 614 1738 Naziraeatum
663 1698 1039 1751 repraesentabat
1087 1697 1331 1737 Dominum
1381 1697 1530 1750 quoad
1578 1696 1788 1737 ultimum

295 1761 501 1802 naturale
540 1761 662 1814 Ejus,
694 1761 971 1814 “discerpsit
1011 1760 1230 1807 leonem,’'
1259 1766 1305 1801 et
1343 1760 1446 1800 dein
1484 1761 1528 1800 in
1566 1759 1787 1800 cadavere

293 1824 386 1877 ejus
418 1825 590 1865 invenit
626 1828 859 1865 “examen
891 1837 1025 1877 apum
1058 1830 1104 1865 et
1137 1823 1266 1871 mel,”
1298 1837 1377 1876 per
1408 1823 1527 1876 quod
1560 1821 1784 1876 significa-

292 1888 439 1936 batur,
474 1888 608 1941 quod,
643 1894 885 1941 postquam
923 1886 1033 1928 fides
1070 1887 1147 1927 illa
1184 1887 1403 1940 dissipata
1440 1893 1525 1935 est,
1560 1885 1662 1927 loco
1693 1884 1786 1938 ejus

293 1951 509 1992 succedat
537 1951 705 1992 bonum
733 1951 983 1991 charitatis
1047 1950 1219 1991 Similia
1245 1955 1589 2003 repraesentata
1615 1955 1661 1990 et
1695 1950 1788 2001 sig-

293 2013 476 2055 nificata
503 2021 606 2055 sunt
640 2028 718 2068 per
749 2013 920 2067 reliqua
952 2028 1066 2067 quae
1099 2014 1154 2054 de
1182 2012 1389 2054 Simsone
1415 2014 1459 2053 in
1485 2012 1623 2053 Libro
1648 2012 1790 2061 Judz'-

292 2091 386 2118 cum
413 2084 747 2127 memorantur;
781 2090 885 2116 nam
913 2077 1022 2117 nihil
1049 2077 1288 2130 quicquam
1315 2077 1358 2116 in
1386 2075 1541 2117 Verbo
1568 2077 1787 2129 scriptum

293 2147 363 2181 est
390 2141 509 2194 quod
537 2154 628 2180 non
654 2146 968 2193 repraesentat
996 2146 1042 2180 et
1070 2139 1294 2192 significat
1323 2139 1432 2180 talia
1459 2153 1572 2192 quae
1599 2138 1712 2180 caeli
1739 2145 1785 2179 et
1842 2154 1848 2160 ·

293 2203 512 2244 ecclesiae
540 2210 658 2251 sunt,
685 2217 798 2256 quae
822 2202 1109 2243 solummodo
1132 2216 1190 2243 ex
1213 2203 1404 2243 scientia
1427 2203 1787 2256 corresponden-

293 2267 473 2315 tiarum,
502 2273 547 2307 et
575 2267 679 2307 inde
707 2280 765 2306 ex
792 2279 926 2306 sensu
953 2265 1174 2318 spirituali
1197 2265 1352 2314 Verbi,
1377 2266 1478 2305 sciri
1505 2272 1710 2318 possunt.

373 2345 508 2386 620.
540 2355 646 2392 [Vm.
676 2355 737 2392 ια]
769 2343 847 2383 “ft
868 2343 1017 2396 accepi
1039 2343 1213 2384 libellum
1237 2356 1260 2383 e
1284 2357 1406 2383 manu
1434 2343 1583 2396 angeli,
1608 2346 1650 2383 ei
1672 2344 1791 2383 devo-

293 2404 386 2445 ravi
399 2404 745 2457 illum.''——Quod
768 2403 994 2456 significet
1015 2403 1379 2455 explorationem,
1402 2409 1586 2444 constat
1613 2417 1671 2444 ex
1698 2403 1786 2443 illis

295 2481 409 2520 quae
432 2466 737 2520 praecedunt;
771 2466 890 2519 quod
918 2478 1081 2518 nempe
1108 2479 1186 2518 per
1210 2464 1482 2505 “libellum'’
1504 2464 1790 2518 intelligatur

293 2529 511 2578 Verbum,
540 2543 618 2582 per
647 2528 899 2581 “angelum
914 2528 933 2542 ”
961 2528 1182 2568 Dominus
1209 2528 1357 2581 quoad
1385 2527 1601 2575 Verbum,
1631 2534 1677 2568 et
1710 2541 1789 2580 per

296 2593 551 2634 “devorare
565 2592 583 2607 ’'
607 2606 684 2632 seu
707 2591 947 2632 comedere
973 2591 1114 2638 illum,
1139 2592 1352 2644 recipere,
1377 2592 1607 2644 percipere
1633 2597 1679 2631 et
1707 2591 1790 2631 sibi

293 2656 596 2709 appropriare,
626 2654 814 2707 proinde
841 2655 980 2694 etiam
1007 2653 1263 2706 explorare,
1300 2652 1371 2693 hic
1399 2653 1544 2706 qualis
1570 2653 1717 2693 adhuc
1745 2654 1790 2693 in

295 2718 489 2760 ecclesia
512 2724 581 2758 est
609 2716 871 2758 intellectus
895 2716 1050 2757 Verbi.
1111 2716 1389 2769 Exploratio
1417 2715 1466 2756 fit
1494 2730 1573 2769 per
1598 2716 1642 2756 id
1669 2715 1789 2769 quod

294 2782 580 2837 percipiatur,
609 2787 654 2821 et
682 2780 912 2834 quomodo
938 2780 1208 2832 percipitur;
1247 2779 1333 2820 hoc
1366 2777 1533 2820 factum
1566 2785 1636 2820 est
1669 2778 1789 2832 apud

294 2844 565 2899 prophetam
591 2843 860 2896 Johannem‚
895 2844 997 2896 quia
1028 2856 1107 2896 per
1141 2842 1481 2896 “prophetam''
1508 2841 1788 2895 significatur

294 2906 500 2949 doetrina
523 2905 757 2955 ecclesiae,
787 2913 831 2947 et
860 2907 903 2947 in
931 2905 1171 2947 universali
1198 2919 1332 2946 sensu
1359 2904 1576 2946 Verbum.
