1962 3334
607 280 715 312 CAP.
737 280 820 320 xl„
841 278 981 311 VERs.
1002 270 1149 311 8.-Ν.
1169 267 1350 322 654[g].
1496 281 1500 284 ⁴
1615 276 1720 320 1737

241 392 461 446 “ignem''
486 405 620 446 quem
642 391 847 445 Jehovah
871 391 998 432 dabit
1027 391 1071 431 in
1097 389 1393 444 Aegyptum;
1429 395 1479 430 ut
1510 402 1599 429 non
1625 401 1722 429 am-

238 455 354 508 plius
383 468 443 496 ex
476 454 667 495 naturali
696 454 878 495 homine
908 452 1273 495 confirmationes
1297 453 1391 493 veri
1421 452 1526 500 sint,
1553 450 1722 504 signifi·

238 524 366 558 catur
396 531 475 570 per
502 520 590 558 “ut
619 516 883 570 frangantur
911 529 1070 556 omnes
1100 515 1394 556 auxiliatores
1424 513 1517 566 ejus
1533 513 1567 563 ;”
1601 513 1723 567 quod

238 579 510 632 cupiditates
539 580 704 620 amoris
733 580 800 620 sui
829 585 876 620 et
906 579 1010 619 inde
1040 578 1261 619 falsitates
1285 577 1604 623 devastabunt,
1631 576 1723 628 sig-

238 641 442 683 nificatur
456 655 534 695 per
549 646 575 662 “
588 654 771 683 manum
789 639 1209 682 Nebuchadnezaris
1227 641 1346 694 regis
1361 640 1555 688 Babelis,
1571 637 1723 679 ¹¹¹illius

237 711 287 746 et
316 705 470 758 populi
504 704 597 757 ejus
612 704 647 755 ;''
685 703 808 758 quod
841 703 904 744 sic
936 704 1248 744 devastabitur
1278 702 1470 743 ecclesia
1500 715 1579 755 per
1613 701 1725 742 salsa

238 767 344 808 mali
364 768 455 807 vim
480 767 659 808 illatura
682 767 812 808 bonis
836 767 1069 808 charitatis
1094 773 1142 807 et
1166 767 1283 806 veris
1307 764 1424 814 fidei,
1448 763 1725 818 significatur

238 843 318 882 per
355 829 476 883 quod
518 829 746 870 “violenti
783 830 988 882 gentium
1027 829 1310 869 adducentur
1347 828 1406 868 ad
1444 826 1724 880 perdendum

237 899 419 940 terram,
446 899 494 933 et
524 893 830 945 evaginabunt
855 892 1056 945 gladium
1087 905 1216 932 suurn
1247 897 1407 932 contra
1438 889 1722 942 Aegyptum,

238 961 289 996 ut
319 954 537 1007 impleant
573 961 738 995 terram
768 955 978 996 confosso
994 954 1028 1004 ;”
1068 954 1189 1008 quod
1225 954 1286 994 sic
1325 966 1415 994 non
1446 952 1727 1005 intelligatur

238 1030 407 1066 verum,
434 1017 709 1070 significatur
739 1031 819 1070 per
844 1017 1016 1057 “Dabo
1046 1016 1201 1057 fluvios
1232 1016 1403 1056 aridam
1420 1015 1454 1066 ;”
1490 1016 1594 1068 quia
1623 1014 1726 1055 loco

237 1080 346 1121 boni
380 1080 548 1120 malum
583 1087 630 1121 et
666 1080 768 1121 loco
803 1081 895 1121 veri
936 1079 1097 1121 falsum
1133 1080 1178 1120 in
1213 1078 1418 1126 ecclesia,
1450 1077 1727 1130 significatur

239 1137 319 1195 per
342 1142 590 1183 “Vendam
614 1149 780 1183 terram
808 1143 854 1183 in
879 1155 1061 1182 manum
1086 1141 1321 1189 malorum,
1344 1147 1392 1182 et
1416 1140 1608 1181 vastabo
1632 1146 1725 1180 ter-

238 1217 334 1245 ram
364 1211 412 1245 et
442 1205 768 1258 plenitudinem
804 1204 897 1257 ejus
934 1217 1013 1258 per
1048 1217 1231 1244 manum
1267 1203 1514 1244 alienorum
1532 1202 1566 1253 ;'’
1605 1203 1725 1256 quod

238 1280 331 1308 non
351 1267 532 1320 aliquod
555 1280 709 1307 verum
730 1267 851 1321 quod
876 1273 1026 1320 caput,
1050 1273 1098 1307 et
1121 1267 1225 1306 inde
1251 1279 1342 1306 non
1367 1265 1550 1319 aliquod
1572 1278 1725 1305 verum

238 1331 361 1372 vitae
396 1344 424 1371 a
458 1330 655 1370 Domino
686 1329 963 1383 significatur
993 1343 1072 1382 per
1109 1329 1230 1383 quod
1263 1329 1510 1382 “princeps
1547 1342 1571 1368 e
1606 1334 1727 1368 terra

240 1392 446 1446 Aegypti
471 1405 562 1433 non
587 1393 671 1433 erit
700 1392 892 1446 amplius
909 1392 944 1442 ;’'
979 1392 1100 1446 quod
1131 1405 1222 1432 non
1253 1392 1337 1431 nisi
1362 1404 1494 1444 quam
1522 1390 1642 1431 mala
1666 1405 1726 1431 ex

240 1468 392 1496 amore
432 1456 498 1495 sui
528 1452 840 1508 [²¹occupatura
879 1456 970 1495 sint
1010 1453 1265 1495 naturalem
1304 1453 1549 1501 hominem,
1587 1454 1726 1506 signi-

240 1517 398 1558 ficatur
439 1531 518 1570 per
555 1517 726 1558 “Dabo
769 1518 920 1571 ignem
964 1517 1009 1557 in
1052 1516 1336 1570 Aegyptum,
1379 1522 1426 1556 et
1470 1515 1727 1569 dispergam

240 1579 508 1632 Aegyptum
543 1580 661 1620 inter
698 1586 863 1632 gentes
879 1579 913 1630 ;”
953 1579 1074 1632 quod
1113 1579 1217 1618 inde
1258 1578 1492 1630 dissipatio
1528 1579 1727 1618 omnium

240 1642 473 1691 ecclesiae,
496 1641 771 1695 significatur
791 1655 871 1694 per
893 1641 1162 1694 “Disjiciam
1184 1655 1262 1682 eos
1282 1641 1327 1681 in
1349 1640 1528 1681 terraS.''
1586 1640 1727 1693 Apud

240 1703 443 1753 Esaiam,

310 1806 588 1847 “Propheticum
607 1807 799 1838 bestiarum
819 1806 1001 1838 meridiei:
1030 1806 1067 1837 in
1091 1813 1186 1837 terra
1208 1806 1394 1846 angustiae
1417 1812 1453 1837 et
1475 1806 1643 1846 angoris:
1670 1806 1728 1837 leo
1777 1839 1786 1848 ο

413 1850 555 1890 juvenis
571 1857 607 1881 et
622 1850 679 1881 leo
695 1856 798 1881 vetus
815 1860 901 1890 prae
917 1850 996 1887 illis,
1015 1850 1136 1890 vipera
1150 1856 1186 1880 et
1202 1856 1340 1889 prester
1354 1850 1493 1886 volans,
1510 1856 1655 1890 portant
1670 1860 1729 1881 su-

413 1903 478 1933 per
491 1894 640 1924 humero
652 1893 835 1924 asinorum
848 1903 936 1933 opes
953 1903 1046 1930 suas,
1060 1900 1096 1924 et
1112 1903 1220 1933 super
1234 1893 1343 1924 dorso
1355 1893 1575 1924 camelorum
1587 1893 1728 1924 thesau-

375 1935 378 1938 '
414 1946 474 1968 ros
492 1946 588 1974 suos,
605 1937 651 1968 ad
669 1937 839 1977 populum
858 1946 932 1968 non
952 1937 1159 1976 proderunt,
1175 1942 1212 1967 et
1230 1936 1418 1977 Aegyptus
1437 1937 1579 1968 vanitas
1597 1943 1634 1968 et
1651 1937 1729 1968 ina·

414 1980 518 2018 nitas,
535 1981 799 2011 auxiliabuntur
809 1979 827 1992 '’
844 1979 939 2020 (xxx.
956 1981 986 2017 6,
1006 1980 1057 2019 7):

241 2097 322 2138 per
358 2084 565 2125 “bestias
601 2084 832 2125 meridiei”
866 2083 1176 2137 significantur
1210 2085 1480 2138 cupiditates
1516 2099 1629 2138 quae
1666 2099 1726 2125 ex

242 2147 435 2188 naturali
470 2147 651 2187 homine
686 2154 806 2194 sunt,
840 2148 1190 2200 exstinguentes
1226 2147 1372 2188 lucem
1408 2162 1522 2201 quae
1558 2148 1727 2188 homini

242 2210 460 2250 ecclesiae
485 2211 570 2250 erit
599 2223 660 2250 ex
690 2209 872 2260 Verbo;
909 2223 988 2262 per
1015 2214 1217 2250 “terram
1242 2211 1480 2263 angustiae
1511 2217 1556 2251 et
1582 2224 1726 2263 ango-

241 2273 302 2314 ris
314 2271 334 2287 ”
355 2271 630 2325 significatur
653 2272 846 2313 ecclesia
869 2272 943 2312 ubi
968 2285 1059 2312 non
1085 2273 1170 2312 erit
1194 2273 1363 2313 bonum
1385 2274 1618 2314 charitatis
1644 2287 1726 2314 nec

242 2348 396 2375 verum
432 2334 563 2386 fidei3
605 2348 685 2387 per
716 2334 933 2375 “leonem
959 2334 1170 2387 juvenem
1206 2342 1253 2376 et
1284 2335 1462 2377 leonem
1494 2343 1695 2377 veterem
1707 2337 1727 2351 ''

241 2398 315 2451 qui
346 2411 451 2451 prae
481 2397 581 2446 illis,
607 2397 885 2450 significatur
910 2398 1118 2449 potentia
1145 2397 1244 2438 falsi
1269 2395 1547 2439 destruentis
1572 2413 1726 2439 verum

240 2467 288 2501 et
309 2460 477 2500 bonum
498 2460 742 2509 ecclesiae;
774 2473 853 2512 per
872 2460 1107 2512 “viperam
1128 2466 1176 2500 et
1197 2467 1443 2514 presterem
1464 2461 1728 2502 volantem'’

241 2522 517 2576 significatur
559 2522 765 2563 sensuale
809 2528 960 2562 astute
1005 2529 1053 2562 et
1097 2522 1259 2564 callide
1303 2525 1602 2564 ratiocinans:
1649 2538 1727 2577 per

243 2589 271 2605 ⁴‘
286 2585 473 2626 Portant
495 2599 627 2638 super
647 2585 834 2626 humero
856 2585 1081 2625 asinorum
1103 2598 1213 2637 opes
1234 2599 1349 2634 suas,
1369 2593 1415 2627 et
1437 2600 1571 2639 super
1591 2587 1726 2627 dorso

241 2647 515 2688 camelorum
550 2648 785 2688 thesauros
823 2646 966 2695 SUOS,”
998 2646 1306 2700 significantur
1341 2648 1587 2690 scientifica
1623 2663 1725 2689 sen-

241 2709 376 2750 sualis
406 2717 453 2750 et
484 2709 700 2750 naturalis
724 2710 930 2757 hominis,
958 2723 1017 2749 ex
1049 2710 1208 2762 quibus
1239 2711 1517 2752 concludunt
1548 2713 1723 2761 omnia;

243 2772 421 2825 “opes’'
455 2779 503 2812 et
541 2771 811 2813 “thesauri’'
846 2777 952 2812 sunt
987 2773 1272 2824 cognitiones
1307 2775 1399 2814 veri
1440 2781 1486 2814 et
1523 2775 1629 2816 boni
1664 2790 1723 2816 ex

241 2834 410 2883 Verbo,
437 2835 508 2875 hic
539 2841 691 2875 autem
716 2833 963 2875 scientifica
988 2834 1100 2874 falsa
1130 2836 1234 2888 quia
1262 2849 1322 2876 ex
1354 2837 1531 2889 propria
1557 2837 1723 2878 intelli-

240 2897 397 2950 gentia
414 2911 426 2948 ;
461 2896 638 2938 “asini'’
668 2903 774 2938 sunt
798 2910 912 2951 quae
944 2896 1160 2938 sensualis
1184 2897 1391 2949 hominis,
1419 2906 1465 2941 et
1494 2899 1692 2941 “cameli
1704 2900 1723 2914 ”
