1962 3334
682 246 790 279 CAP.
813 246 895 288 xl„
917 233 1057 280 vERs.
1077 237 1227 279 6.-N.
1246 209 1408 292 644['c].
1669 237 1772 290 1663

350 360 477 394 “Sicut
488 360 675 394 descendit
686 361 810 402 pluvia
824 367 861 393 et
880 361 943 392 nix
961 371 981 393 e
1001 361 1113 399 caelo,
1127 371 1194 393 nec
1211 371 1255 393 eo
1271 361 1471 399 revertitur,
1487 361 1550 393 'sed
1567 361 1692 402 irrigat
1705 367 1776 393 ter-

457 414 544 442 ram,
563 411 600 436 et
622 414 748 445 parere
770 405 857 437 facit
879 414 970 443 eam,
990 411 1027 436 et
1049 405 1253 445 germinare
1276 405 1363 436 facit
1386 415 1478 442 eam,
1498 411 1538 436 ut
1562 406 1623 436 det
1646 415 1773 436 semen

457 448 652 479 seminanti
669 455 705 480 et
721 458 852 489 panem
869 449 1072 480 comedenti
1086 458 1093 486 ;
1117 449 1168 480 sic
1180 449 1248 480 erit
1264 449 1423 480 Verbum
1441 458 1560 480 meum
1580 448 1676 489 quod
1698 448 1774 480 exi-

459 491 511 522 bit
524 501 569 522 ex
584 501 648 523 ore
659 501 740 523 meo
753 501 760 529 ;
781 501 855 523 non
869 498 1068 523 revertetur
1079 492 1126 524 ad
1141 492 1202 523 Me
1214 492 1356 530 frustra,
1370 492 1435 524 sed
1446 492 1554 523 faciet
1568 492 1665 533 quod
1677 492 1774 529 volo,

457 541 493 566 et
508 544 680 575 prospere
695 542 779 576 aget
794 536 841 567 ad
857 535 951 576 quod
968 536 1049 567 misi
1065 535 1152 567 illud
1162 535 1182 547 ”
1199 536 1260 576 (lv.
1280 544 1333 574 10,
1353 536 1425 576 11):

283 626 355 668 hic
381 634 670 681 comparatur
695 627 916 676 Verbum,
940 628 1061 681 quod
1086 627 1185 669 exit
1211 642 1271 668 ex
1297 642 1374 669 ore
1401 628 1500 676 Dei,
1524 628 1702 682 pluviae
1728 635 1775 668 et

284 690 374 730 nivi
413 703 439 731 e
483 690 625 739 caelo,
667 691 770 744 quia
813 704 892 744 per
934 689 1176 732 “Verbum
1192 690 1212 706 ”
1251 691 1523 744 intelligitur
1562 691 1775 732 Divinum

283 751 456 794 Verum
492 766 519 793 a
556 753 754 794 Domino
784 753 1049 807 procedens,
1082 753 1204 807 quod
1238 754 1359 806 apud
1397 767 1479 794 nos
1516 753 1659 794 influit
1697 767 1777 806 per

283 813 502 863 Verbum,
522 815 728 857 similiter
744 829 796 857 ac
818 829 897 869 per
917 815 1154 870 “pluviam
1177 822 1224 857 et
1248 817 1397 857 nivem
1416 817 1774 858 descendentem

283 891 309 919 e
326 877 455 919 caelo
472 878 506 926 ;”
529 892 607 931 per
626 882 652 899 “
668 878 866 932 pluviam
876 877 898 894 ”
914 878 1195 932 significatur
1213 879 1384 920 Verum
1403 879 1636 933 spirituale
1653 880 1775 933 quod

283 941 624 994 appropriatum
645 947 717 982 est
742 941 927 990 homini,
950 948 998 982 et
1024 955 1103 995 per
1128 946 1154 962 “
1170 942 1320 982 nivem
1332 941 1352 956 ”
1373 955 1528 982 verum
1552 941 1773 990 naturale,

284 1003 405 1058 quod
427 1010 498 1044 est
521 1005 636 1044 sicut
659 1004 737 1044 nix
758 1004 865 1044 dum
887 1004 1024 1044 modo
1045 1005 1090 1044 in
1113 1005 1344 1052 memoria,
1364 1005 1444 1045 sed
1466 1004 1516 1045 fit
1539 1004 1773 1057 spirituale

284 1079 365 1120 per
393 1079 594 1107 amorem
625 1067 740 1107 sicut
771 1067 850 1107 nix
882 1065 933 1107 fit
965 1080 1082 1121 aqua
1113 1066 1292 1120 pluviae
1323 1081 1403 1120 per
1433 1067 1658 1108 calorem:
1697 1081 1777 1120 per

288 1130 513 1182 “irrigare
553 1127 734 1178 terram,
775 1142 828 1170 ac
868 1142 1024 1182 parere
1063 1136 1111 1170 et
1151 1130 1406 1183 germinare
1445 1130 1591 1171 facere
1633 1130 1774 1177 eam,”

285 1191 566 1245 significatur
588 1191 812 1232 vivificare
837 1191 1080 1232 ecclesiam
1105 1199 1154 1233 ut
1180 1193 1403 1245 producat
1425 1206 1580 1233 verum
1607 1191 1775 1233 doctri-

287 1267 373 1296 nae
404 1261 451 1296 et
482 1254 586 1295 fidei
617 1267 668 1295 ac
700 1254 868 1295 bonum
899 1256 1065 1295 amoris
1096 1262 1143 1296 et
1175 1255 1438 1306 charitatis;
1479 1269 1635 1296 verum
1666 1256 1775 1296 doc-

288 1318 434 1372 trinae
455 1323 502 1358 et
519 1316 623 1358 fidei
645 1316 924 1370 significatur
941 1331 1020 1371 per
1039 1321 1065 1338 ‘⁴
1078 1331 1234 1358 semen
1252 1318 1372 1371 quod
1390 1318 1471 1358 dat
1494 1317 1776 1367 seminanti,”

287 1393 340 1421 ac
381 1380 549 1421 bonum
589 1381 754 1420 amoris
793 1387 840 1421 et
881 1380 1118 1421 charitatis
1158 1394 1238 1434 per
1278 1385 1482 1434 “panem
1521 1395 1655 1435 quem
1695 1382 1776 1422 dat

287 1443 547 1484 comedenti
564 1442 599 1492 ;”
643 1442 764 1496 quod
806 1447 935 1484 “non
974 1450 1228 1484 revertetur
1267 1444 1325 1484 ad
1366 1443 1441 1484 Me
1481 1444 1657 1493 frustra,
1696 1445 1776 1485 sed

286 1505 422 1547 faciet
461 1505 582 1559 quod
618 1505 764 1554 volo,''
800 1505 1080 1559 significatur
1119 1507 1240 1560 quod
1279 1507 1532 1560 recipietur,
1569 1513 1615 1548 et
1655 1507 1775 1561 quod

288 1568 427 1671 hlprnlo
457 1582 517 1611 ex
547 1582 602 1609 eo
633 1569 822 1610 ducetur
852 1567 1058 1622 spectare
1088 1570 1146 1610 ad
1173 1569 1432 1610 Dominum.
1493 1569 1632 1623 Apud
1657 1569 1775 1609 Eze-

288 1644 311 1671 c
342 1645 381 1671 ze
399 1645 478 1679 em,

357 1721 376 1734 ¹¹
387 1720 492 1752 Dabo
508 1730 572 1752 eos
591 1727 627 1752 et
643 1721 808 1752 circuitus
825 1721 927 1752 collis
944 1721 1015 1752 mei
1032 1719 1336 1759 benedidfionem,
1357 1727 1392 1753 et
1411 1722 1599 1753 demittam
1617 1722 1776 1762 pluviam

462 1764 498 1795 in
517 1770 677 1804 tempore
690 1774 767 1802 suo,
782 1764 925 1804 pluviae
938 1763 1202 1796 benedictionis
1215 1771 1320 1796 erunt
1333 1776 1340 1797 :
1361 1771 1446 1796 tunc
1460 1766 1559 1797 dabit
1575 1767 1684 1797 arbor
1699 1767 1779 1806 agri

463 1806 619 1838 fructum
636 1817 750 1845 suum,
770 1814 806 1839 et
822 1814 917 1839 terra
932 1808 1031 1839 dabit
1047 1815 1263 1848 proventum
1277 1818 1383 1839 suum
1396 1808 1414 1820 ''
1427 1809 1559 1848 (xxxiv.
1574 1810 1625 1847 26,
1644 1814 1718 1849 27):

290 1908 369 1949 per
410 1895 660 1936 “circuitus
704 1895 837 1936 collis
874 1895 1108 1948 Jehovae”
1147 1895 1464 1949 intelliguntur
1502 1910 1661 1938 omnes
1705 1898 1779 1951 qui

290 1959 335 1998 in
370 1959 486 1999 veris
521 1956 754 1998 do&rinae
791 1964 839 1999 et
875 1958 978 1998 inde
1017 1958 1062 1998 in
1100 1958 1222 1999 bono
1260 1959 1495 1999 charitatis
1527 1966 1657 2009 sunt;
1701 1974 1779 2013 per

293 2020 572 2061 “demittere
597 2021 793 2074 pluviam
824 2022 869 2061 in
901 2027 1110 2074 tempore
1142 2035 1222 2062 suo
1238 2021 1259 2036 ’‘
1283 2021 1563 2074 significatur
1586 2022 1780 2063 influxus

292 2082 443 2124 Divini
467 2083 578 2124 Veri
603 2084 929 2124 convenienter
954 2084 1204 2125 secundum
1230 2083 1513 2125 affthionem
1541 2099 1592 2126 ac
1617 2086 1778 2126 volun-

291 2153 436 2188 tatem
461 2147 729 2200 recipiendi;
766 2153 813 2187 et
844 2148 946 2201 quia
971 2147 1076 2188 inde
1101 2146 1386 2188 frustificatio
1411 2148 1519 2189 boni
1552 2155 1599 2190 et
1626 2149 1779 2190 multi-

292 2209 478 2263 plicatio
508 2210 614 2258 veri,
641 2216 862 2250 vocantur
895 2209 1109 2263 “pluviae
1140 2208 1509 2259 benedictionis?
1535 2218 1582 2252 et
1615 2212 1779 2252 dicitur

291 2272 412 2326 quod
440 2272 610 2313 “arbor
634 2273 730 2325 agri
756 2272 883 2313 dabit
909 2270 1099 2312 fructum
1125 2286 1267 2321 suum,
1295 2279 1342 2314 et
1373 2279 1494 2314 terra
1520 2274 1647 2314 dabit
1674 2288 1779 2328 pro-

292 2341 480 2375 ventum
511 2348 639 2376 suum
659 2335 693 2386 ;”
730 2349 808 2389 per
836 2334 1079 2375 “arborem
1111 2336 1207 2387 agri
1219 2335 1238 2350 '’
1264 2342 1311 2376 et
1345 2340 1552 2377 “terram
1564 2336 1584 2352 ’'
1610 2337 1781 2390 signifi-

293 2403 421 2439 catur
459 2397 651 2438 ecclesia
690 2405 738 2439 et
778 2397 916 2438 homo
953 2397 1188 2446 ecclesiae,
1223 2411 1303 2451 per
1341 2397 1568 2440 “fruc'tum
1610 2400 1781 2440 arboris

293 2461 389 2514 agri
401 2460 420 2476 ’'
445 2459 727 2502 sruc'tificatio
752 2461 873 2509 boni,
900 2467 947 2501 et
979 2474 1058 2513 per
1085 2464 1395 2514 “proventum
1421 2462 1600 2502 terrae¹¹
1627 2463 1781 2503 multi-

294 2523 481 2577 plicatio
506 2524 598 2564 veri
623 2523 729 2576 ejus.
790 2522 932 2576 Apud
958 2522 1144 2572 Joelem,

361 2611 469 2643 “Filii
490 2611 625 2650 Zionis,
645 2612 798 2652 gaudete
818 2618 854 2644 et
871 2611 1055 2643 laetamini
1076 2611 1113 2643 in
1129 2611 1293 2653 Jehovah
1314 2612 1393 2644 Deo
1413 2619 1557 2649 vestro:
1581 2614 1666 2654 quia
1684 2614 1784 2645 dabit

467 2655 572 2686 vobis
591 2655 749 2696 pluviam
770 2655 1023 2696 tempestivam
1045 2655 1081 2686 in
1098 2655 1284 2695 justitiam,
1302 2657 1415 2688 immo
1434 2657 1653 2689 descendere
1672 2657 1783 2689 faciet

467 2699 572 2730 vobis
585 2699 743 2739 pluviam
758 2698 1009 2739 tempestivam
1023 2705 1059 2731 et
1075 2699 1271 2731 serotinam
1289 2700 1324 2731 in
1342 2700 1459 2740 primo
1476 2710 1483 2737 ;
1507 2707 1546 2732 ut
1560 2701 1688 2741 plenae
1706 2701 1781 2732 sint

468 2751 574 2773 areae
594 2741 776 2774 frumento
796 2752 896 2783 pur0,
917 2748 952 2774 et
975 2743 1157 2774 exundent
1175 2743 1369 2775 torcularia
1389 2750 1546 2776 mustum
1571 2752 1607 2776 et
1630 2745 1750 2776 oleum
1764 2744 1782 2755 ”

468 2785 516 2825 (ίί.
534 2794 585 2824 23,
604 2785 659 2825 24)
671 2797 678 2818 :

296 2885 375 2927 per
408 2872 563 2914 “filios
595 2873 779 2915 Zionis''
810 2873 1120 2928 significantur
1150 2874 1214 2916 illi
1246 2876 1319 2930 qui
1350 2876 1394 2917 in
1426 2877 1635 2929 genuinis
1666 2877 1784 2918 veris
