1962 3334
269 265 376 307 1620
677 274 1010 309 APOCALYPSIS
1041 277 1341 309 EXPLICATA.

264 387 483 429 ecclesiae
515 394 772 439 externum,
806 397 1016 432 constare
1050 397 1204 444 potest
1237 405 1295 432 ex
1329 406 1397 440 eo,
1432 391 1552 445 quod
1585 387 1759 433 dicatur

265 452 384 505 quod
419 451 740 494 “introductus
777 454 835 494 sit
872 454 915 494 in
953 455 1130 503 atrium,
1165 461 1210 496 et
1247 455 1351 495 inde
1383 456 1543 496 viderit
1575 455 1758 495 domum

264 515 499 567 impletam
522 516 667 569 gloria
691 516 891 568 Jehovae
908 517 942 568 ;”
974 531 1052 570 per
1079 518 1307 570 “gloriam
1333 518 1563 571 jehovae'’
1590 516 1757 570 signifi-

265 585 394 618 catur
427 579 638 619 Divinum
672 579 859 627 Verum,
893 581 1022 634 quod·
1051 581 1157 621 facit
1196 580 1371 621 caelum
1410 588 1455 622 et
1493 580 1756 622 ecclesiam:

264 648 311 682 et
343 642 445 682 dein
478 643 598 696 quod
631 643 790 684 domus
823 643 901 684 illa
932 650 1053 685 esset
1088 643 1253 689 “locus
1285 644 1436 684 throni
1466 644 1678 696 Jehovae,
1712 649 1758 684 et

264 704 389 746 locus
417 706 619 746 volarum
646 706 811 759 pedum
834 707 1003 760 -Ipsius,
1032 708 1105 747 ubi
1136 707 1360 748 habitabit
1393 708 1436 747 in
1469 707 1618 747 medio
1645 705 1757 746 filio-

263 781 360 808 rum
388 768 566 809 Israelis
597 770 640 809 in
673 776 907 810 aeternum
926 770 959 820 ;''
997 771 1116 823 quod
1145 783 1222 822 per
1251 770 1503 810 “thronum
1528 768 1759 823 Jehovae''

264 830 554 883 intelligatur
590 831 783 880 caelum,
815 832 1028 872 videatur
1063 844 1199 884 supra
1236 842 1280 878 (n.
1306 841 1400 884 253,
1425 841 1520 884 297,
1546 842 1639 883 343.
1662 830 1759 881 460,

262 889 614 941 462.477‚482);
647 897 693 931 et
716 891 838 944 quod
870 905 949 944 per
978 891 1167 931 “locum
1194 891 1402 931 volatum
1429 891 1594 944 pedum
1617 890 1757 943 Jeho-

264 963 348 989 vae
362 949 381 964 ’⁹
404 950 695 1003 intelligatur
720 950 932 999 ecclesia,
957 952 1095 991 etiam
1119 965 1254 1005 supra
1281 950 1464 1001 (n.606);
1498 964 1577 1004 per
1605 949 1759 989 “filios

265 1010 474 1051 Israelis’'
491 1011 807 1064 intelliguntur
833 1026 991 1053 omnes
1017 1014 1090 1066 qui
1117 1013 1174 1053 ab
1200 1013 1391 1054 ecclesia
1415 1012 1621 1062 Domini;
1655 1023 1758 1064 pro-

263 1074 367 1114 inde
393 1074 638 1115 “habitare
665 1076 782 1128 apud
810 1075 911 1116 illos
939 1076 981 1116 in
1005 1083 1240 1116 aeternum
1255 1076 1273 1091 ’¹
1296 1075 1519 1128 significat
1547 1082 1758 1128 praesen-

264 1137 375 1178 tiam
404 1137 586 1178 Domini
613 1145 878 1191 perpetuam
902 1139 1022 1191 apud
1049 1139 1164 1180 illos.
1217 1139 1354 1192 Apud
1379 1138 1588 1187 eundem,

331 1242 350 1255 ‘¹
362 1241 511 1272 Sustulit
531 1251 568 1272 se
586 1241 700 1281 gloria
716 1241 875 1282 Jehovae
892 1242 1045 1281 desuper
1062 1242 1218 1273 cherubo
1236 1252 1343 1282 super
1360 1242 1469 1273 limen
1487 1241 1626 1278 domus,
1644 1246 1679 1272 et
1696 1240 1760 1271 im-

439 1285 535 1325 pleta
559 1291 613 1316 est
637 1285 765 1316 domus
791 1285 934 1323 nube‚'’.
950 1310 956 1317 .
971 1310 978 1317 .
994 1287 1028 1317 ,⁴⁴
1039 1291 1073 1316 et
1098 1287 1210 1316 nubes
1229 1286 1399 1325 implebat
1422 1285 1551 1316 atrium
1577 1283 1759 1322 interius,”

446 1353 453 1360 .
469 1353 475 1360 .
490 1353 497 1360 .
513 1329 547 1360 .“
557 1334 592 1359 et
620 1329 750 1360 atrium
775 1329 920 1369 plenum
946 1335 1022 1360 erat
1046 1329 1237 1369 splendore
1261 1330 1397 1369 gloriae
1422 1329 1601 1370 Jehovae:
1631 1335 1666 1359 et
1689 1337 1760 1359 vox

444 1372 581 1403 alarum
599 1373 835 1403 cheruborum
856 1373 977 1404 audita
996 1378 1050 1404 est
1069 1383 1181 1414 usque
1201 1373 1245 1404 ad
1265 1373 1394 1404 atrium
1416 1373 1571 1404 exterius
1582 1371 1600 1383 ’'
1617 1371 1663 1411 (x.
1680 1380 1711 1411 4,
1730 1379 1759 1410 3,

442 1416 491 1455 5)=

265 1524 344 1563 per
378 1510 668 1550 “cherubos”
699 1511 819 1551 visos
856 1511 1111 1563 Prophetae
1149 1517 1518 1564 repraesentatus
1554 1517 1624 1552 est
1662 1511 1758 1551 Do-

266 1575 410 1614 minus
437 1574 586 1627 quoad
613 1574 945 1626 providentiam
972 1581 1018 1615 et
1051 1575 1243 1615 tutelam
1270 1581 1318 1615 ut
1345 1587 1435 1614 non
1462 1574 1652 1618 adeatur
1677 1574 1759 1614 nisi

265 1650 399 1690 quam
437 1650 515 1689 per
551 1637 718 1677 bonum
752 1638 943 1688 amoris;
986 1645 1317 1691 consequenter
1354 1651 1432 1690 per
1466 1636 1759 1678 “cherubos”

265 1699 503 1754 significati
530 1706 634 1741 sunt
666 1700 777 1741 caeli
804 1701 1068 1753 superiores,
1092 1702 1134 1741 in
1163 1702 1311 1753 specie
1335 1701 1508 1741 caelum
1535 1701 1758 1748 intimum,

265 1776 371 1802 nam
389 1762 449 1802 ibi
464 1768 535 1803 est
554 1762 703 1802 tutela
721 1773 880 1811 (videatur
899 1782 1005 1810 supra,
1026 1782 1057 1802 n.
1073 1772 1167 1814 277,
1188 1774 1280 1814 313,
1300 1773 1392 1814 322,
1411 1762 1504 1814 362,
1523 1771 1615 1814 370,
1630 1761 1758 1812 462);

265 1838 401 1878 quare
438 1837 517 1876 per
550 1823 813 1872 “domum‚”
845 1838 958 1877 quae
996 1824 1184 1877 impleta
1217 1832 1286 1864 est
1320 1824 1450 1873 nube,
1485 1822 1761 1876 significatur

198 1935 200 1937 v
265 1887 439 1927 caelum
481 1893 527 1927 et
568 1886 784 1937 ecclesia;
829 1900 908 1939 per
947 1888 1146 1927 “atrium
1188 1887 1414 1935 interius‚’'
1452 1886 1572 1940 quod
1618 1886 1759 1926 nubes

265 1951 402 1991 etiam
421 1950 654 2003 implebat,
669 1949 947 2003 significatur
960 1950 1133 1991 caelum
1153 1950 1378 2000 ultimum;
1405 1957 1450 1991 et
1470 1963 1547 2002 per
1561 1949 1760 1990 “atrium

269 2018 511 2067 exterius‚'’
544 2033 776 2072 quousque
811 2032 904 2058 vox
941 2018 1112 2059 alarum
1150 2016 1446 2057 cheruborum
1483 2017 1638 2056 audita
1672 2021 1758 2063 est,

269 2080 550 2133 significatur
572 2082 783 2122 introitus
805 2081 849 2121 in
874 2080 1064 2128 caelum,
1089 2080 1163 2133 qui
1190 2080 1233 2119 in
1257 2080 1406 2132 specie
1429 2085 1499 2120 est
1522 2080 1566 2119 in
1590 2078 1761 2119 mundo

265 2144 472 2191 naturali,
492 2151 538 2184 et
562 2150 723 2196 postea
745 2145 787 2184 in
812 2144 980 2185 mundo
1003 2145 1236 2197 spirituum
1255 2159 1264 2195 ;
1297 2158 1400 2184 narn
1425 2157 1502 2196 per
1519 2143 1757 2184 ecclesiam

265 2209 308 2247 in
335 2208 516 2256 mundo,
545 2214 591 2248 et
624 2207 728 2247 dein
761 2220 839 2260 per
865 2207 1081 2248 mundum
1104 2208 1352 2261 spirituum,
1381 2208 1520 2247 intrat
1546 2207 1683 2247 homo
1713 2207 1758 2247 in

265 2268 444 2310 caelum
464 2283 472 2318 3
506 2279 599 2317 (quid
622 2280 762 2308 mundus
785 2280 965 2317 spirituum,
990 2280 1136 2308 videatur
1158 2280 1190 2308 in
1214 2289 1310 2317 opere
1332 2281 1382 2308 De
1405 2280 1495 2308 Caelo
1518 2283 1548 2308 et
1569 2280 1707 2318 Inferna.
1726 2287 1759 2308 n.

264 2333 530 2371 421-431‚seq.;)
562 2336 642 2375 per
670 2322 910 2362 “nubem'’
936 2328 1091 2363 autern
1119 2328 1165 2363 et
1192 2336 1271 2375 per
1297 2321 1629 2374 “splendorem
1655 2321 1758 2374 glo-

265 2385 354 2425 riae
399 2383 631 2436 Jehovae’'
668 2383 945 2436 significatur
986 2384 1197 2424 Divinum
1237 2383 1406 2424 Verum
1448 2383 1696 2435 procedens
1733 2396 1760 2422 a

266 2447 478 2487 Domino.
540 2447 615 2486 Ex
647 2447 715 2487 his
748 2460 864 2487 nunc
898 2453 1108 2487 constare
1140 2453 1293 2499 potest
1325 2446 1429 2499 quid
1467 2459 1545 2498 per
1578 2444 1760 2486 “atria'’

266 2509 544 2563 significatur
569 2511 613 2550 in
640 2510 932 2563 sequentibus
962 2509 1071 2550 locis
1089 2509 1298 2562 :—-Apud
1325 2509 1558 2558 Davidem,

292 2630 295 2632 >
332 2613 494 2645 “Beatus
515 2623 618 2653 quern
640 2613 752 2653 eligis,
770 2619 804 2644 et
824 2614 1110 2654 appropinquare
1130 2613 1227 2651 facis,
1248 2612 1462 2644 inhabitabit
1486 2613 1576 2644 atria
1599 2619 1679 2650 tua:
1705 2622 1760 2644 sa-

440 2658 636 2688 turabimur
655 2658 752 2688 bono
771 2657 900 2688 domus
920 2663 1011 2695 tuae,
1033 2655 1159 2689 sancto
1179 2657 1302 2697 templi
1323 2657 1372 2688 tui
1385 2656 1402 2667 ”
1421 2656 1492 2696 (Ps.
1511 2657 1581 2688 lxv.
1601 2664 1616 2695 5
1641 2654 1699 2698 [B.
1713 2657 1758 2688 A.

440 2698 493 2742 4])
509 2712 516 2733 ε

266 2811 346 2851 per
367 2797 477 2838 haec
501 2796 779 2849 significatur
801 2797 921 2850 quod
944 2797 1017 2850 qui
1043 2797 1086 2837 in
1111 2796 1333 2837 charitate
1357 2810 1434 2836 seu
1457 2796 1499 2836 in
1523 2794 1758 2836 affefflone

267 2859 486 2913 spirituali
512 2866 630 2908 sunt,
659 2858 815 2900 vic'turi
842 2860 932 2900 sint
964 2860 1007 2900 in
1035 2859 1176 2905 caelo,
1204 2872 1255 2899 ac
1289 2859 1347 2898 ibi
1379 2860 1422 2899 in
1454 2858 1759 2911 intelligentia

267 2930 313 2964 et
340 2923 562 2976 sapientia
588 2937 645 2963 ex
674 2922 839 2964 Divino
865 2922 988 2963 Vero
1021 2929 1067 2963 et
1100 2922 1264 2963 Divino
1298 2921 1449 2962 Bono:
1494 2935 1572 2974 per
1601 2920 1756 2962 “elec-
1787 2920 1789 2922 ’
