1962 3334
311 259 415 301 1682
722 269 1056 302 APOCALYPSIS
1087 270 1388 302 EXPLICATA.

304 395 382 434 per
408 381 711 423 “hominem”
737 381 915 424 affe&io
948 384 1193 437 spiritualis
1220 385 1313 425 veri
1345 399 1403 425 ex
1436 399 1523 439 qua
1551 385 1697 426 omnis
1729 386 1797 427 in-

304 444 578 498 telligentia,
607 452 653 486 et
682 460 761 499 per
789 447 1024 487 “bestiam
1038 447 1056 462 ’'
1080 446 1257 488 affectio
1284 448 1503 488 naturalis
1531 462 1798 503 correspon-

303 507 415 547 dens
439 508 684 560 spirituali:
718 509 838 562 quod
862 510 1064 550 exterius
1091 524 1169 550 seu
1195 510 1403 551 naturale
1429 524 1507 564 per
1533 511 1799 552 “bestiam”

302 570 594 623 significetur,
620 578 689 612 est
717 572 818 625 quia
840 572 979 613 homo
1002 573 1150 626 quoad
1174 579 1416 613 externum
1441 587 1518 614 seu
1542 574 1798 615 naturalem

303 632 534 674 hominem
568 647 658 674 non
691 642 760 675 est
794 636 876 675 nisi
902 649 1037 688 quam
1064 636 1237 686 bestia;
1282 636 1500 676 similibus
1527 637 1647 677 enim
1674 638 1799 690 cupi-

302 696 536 745 ditatibus,
566 703 612 738 et
645 711 821 751 quoque
847 697 1175 751 voluptatibus,
1204 699 1482 751 appetitibus
1515 705 1561 740 et
1594 700 1800 740 sensibus

303 760 487 811 gaudet,
517 761 578 800 sic
606 766 654 800 ut
681 760 820 800 homo
846 761 996 814 quoad
1022 760 1099 802 illa
1126 762 1184 802 sit
1212 775 1390 814 prorsus
1414 762 1570 802 similis
1596 763 1799 813 bestiae;

304 836 440 875 quare
467 823 685 863 naturalis
712 823 850 863 homo
878 830 1036 877 potest
1063 824 1271 864 animalis
1298 823 1436 864 homo
1463 826 1640 865 vocari:
1679 825 1800 879 quod

303 891 457 926 autem
476 886 700 926 internum
726 900 803 926 seu
827 886 1059 940 spirituale
1083 901 1161 940 per
1186 887 1492 927 “hominem”
1506 887 1798 940 significetur,

307 955 377 988 est
415 949 518 1001 quia
555 949 695 989 homo
722 950 872 1002 quoad
911 950 1139 990 internum
1179 963 1257 990 seu
1297 949 1528 1002 spirituale
1566 964 1693 990 suum
1730 957 1801 991 est

303 1010 468 1062 homo;
508 1012 551 1052 id
578 1012 748 1065 gaudet
775 1010 1088 1053 affefflonibus
1115 1012 1223 1052 boni
1265 1019 1311 1053 et
1348 1013 1440 1052 veri
1482 1012 1648 1053 talibus
1686 1027 1800 1066 quae

303 1080 408 1115 sunt
436 1075 554 1128 apud
581 1075 772 1127 angelos
801 1075 941 1126 caeli;
984 1082 1030 1116 et
1063 1075 1165 1129 quia
1191 1075 1331 1115 homo
1358 1089 1435 1128 per
1462 1075 1574 1115 illud
1607 1075 1725 1128 apud
1752 1089 1799 1116 se

303 1138 421 1189 regit
449 1137 704 1179 naturalem
732 1151 857 1178 suum
887 1138 1118 1178 hominem
1146 1138 1219 1191 qui
1246 1137 1392 1178 bestia
1419 1144 1503 1178 est.

388 1198 467 1252 [c.]
515 1199 632 1251 Quia
654 1199 792 1239 homo
811 1198 1058 1252 spiritualis
1081 1205 1126 1239 et
1151 1199 1374 1238 naturalis
1396 1212 1475 1252 per
1495 1203 1519 1219 “
1535 1198 1801 1239 hominem”

305 1266 351 1300 et
374 1261 605 1301 “bestiam
618 1260 636 1275 ''
660 1260 954 1313 significatur,
979 1261 1081 1300 ideo
1106 1261 1149 1300 in
1175 1260 1380 1300 Historia
1404 1259 1656 1301 Creationis
1682 1259 1799 1314 (cap.

303 1323 329 1363 i.
356 1322 528 1377 Genes.)
555 1330 832 1363 memoratur
854 1323 975 1376 quod
1004 1323 1167 1363 eodem
1197 1323 1283 1371 die,
1309 1336 1472 1376 nempe
1500 1330 1651 1372 sexto,
1677 1337 1801 1364 crea-

304 1393 380 1427 tae
418 1387 506 1427 sint
539 1387 711 1427 bestiae
744 1393 790 1427 et
823 1400 1000 1440 quoque
1034 1386 1200 1436 homo;
1244 1393 1290 1427 et
1328 1387 1431 1427 dein
1471 1387 1591 1440 quod
1629 1387 1802 1427 homini

304 1451 460 1491 datum
491 1451 548 1491 sit
575 1450 823 1490 dominium
856 1464 990 1503 super
1016 1450 1202 1490 bestias,
1266 1449 1335 1490 De
1367 1451 1599 1491 creatione
1631 1450 1801 1491 bestia-

304 1527 400 1554 rum
433 1519 478 1554 et
511 1513 706 1553 hominis
739 1513 903 1553 eodem
936 1513 1022 1561 die,
1051 1519 1097 1554 et
1131 1513 1187 1553 de
1213 1513 1413 1553 dominio
1446 1512 1642 1553 hominis
1669 1527 1802 1566 super

304 1577 487 1625 bestias,
517 1577 580 1617 ita
608 1575 773 1629 legitur
799 1577 842 1616 in
873 1575 1043 1625 Genesi,

375 1640 504 1698 “Dixit
526 1666 634 1704 Deus,
656 1666 834 1697 Producat
855 1672 950 1697 terra
970 1666 1128 1697 animam
1148 1666 1328 1696 viventem
1350 1665 1547 1696 secundum
1568 1665 1722 1705 speciem
1745 1675 1804 1697 su-

479 1721 548 1748 am,
573 1708 757 1752 [bestiam]
780 1717 814 1741 et
839 1720 877 1741 se
899 1720 1061 1747 movens,
1083 1717 1118 1741 et
1143 1710 1256 1741 feram
1282 1715 1399 1740 terrae
1424 1710 1622 1740 secundum
1643 1710 1802 1749 speciem

480 1762 604 1791 suam:
629 1760 663 1785 et
683 1753 819 1785 {aetum
841 1754 898 1785 ita.
949 1753 993 1784 Et
1012 1754 1096 1784 fecit
1119 1753 1215 1785 Deus
1236 1753 1348 1784 feram
1370 1761 1484 1784 terrae
1505 1753 1700 1784 secundum
1721 1763 1803 1793 spe-

480 1798 570 1829 ciem
593 1808 706 1835 suam,
725 1804 760 1828 et
779 1798 932 1828 bestiam
954 1798 1150 1828 secundum
1170 1797 1325 1837 speciem
1344 1806 1456 1834 suam,
1474 1802 1510 1827 et
1530 1806 1637 1827 omne
1656 1803 1802 1836 reptans

480 1842 578 1873 humi
593 1842 790 1873 secundum
805 1842 961 1881 speciem
977 1851 1095 1872 suam.
1111 1866 1117 1872 .
1132 1866 1139 1872 .
1154 1866 1161 1872 .
1203 1841 1246 1872 Et
1259 1840 1348 1871 dixit
1364 1840 1472 1878 Deus,
1484 1840 1673 1871 Faciamus
1686 1841 1803 1871 homi-

481 1895 562 1916 nem
584 1886 618 1916 in
640 1885 835 1925 imaginem
854 1892 1026 1922 nostram,
1045 1885 1242 1916 secundum
1261 1884 1537 1915 similitudinem
1557 1890 1741 1920 nostram:
1766 1890 1802 1915 et

480 1929 762 1960 dominabuntur
776 1929 813 1960 in
832 1929 947 1968 pisces
965 1929 1083 1966 maris,
1098 1935 1133 1959 et
1151 1929 1186 1959 in
1205 1938 1309 1959 avem
1329 1927 1510 1959 caelorum
1529 1934 1565 1959 et
1581 1928 1617 1958 in
1636 1928 1801 1965 bestiam,

479 1980 514 2004 et
532 1974 568 2004 in
587 1983 733 2004 omnem
752 1980 894 2010 terram,
913 1979 947 2004 et
968 1972 1003 2003 in
1022 1982 1131 2003 omne
1152 1978 1297 2012 reptans
1315 1972 1409 2012 quod
1430 1977 1548 2011 reptat
1568 1981 1676 2011 super
1696 1977 1801 2003 terra.

486 2042 493 2049 .
508 2042 514 2048 .
530 2042 537 2049 .
551 2042 558 2049 .
570 2017 613 2048 Et
629 2017 694 2048 fuit
711 2027 862 2057 vespera
878 2022 913 2047 et
931 2026 1037 2047 mane
1055 2016 1133 2047 dies
1152 2013 1310 2046 [¹]sextus
1323 2015 1340 2026 ¹'
1358 2015 1392 2055 (i.
1413 2017 1553 2055 24—31):

305 2116 384 2156 per
418 2101 734 2142 “creationem
772 2099 887 2140 caeli
926 2106 972 2140 et
1011 2098 1191 2139 terrae'’
1224 2099 1267 2138 in
1306 2112 1360 2139 eo
1398 2098 1549 2151 capite
1586 2099 1630 2138 in
1668 2112 1803 2139 sensu

305 2164 523 2218 spirituali
549 2163 818 2204 describitur
841 2176 962 2202 nova
989 2162 1160 2202 creatio
1187 2175 1265 2202 seu
1292 2161 1579 2213 regeneratio
1605 2160 1802 2201 hominis

306 2227 543 2268 Ecclesiae
581 2226 972 2279 Antiquissimae;
1014 2225 1118 2265 inde
1156 2230 1226 2265 est
1264 2223 1385 2277 quod
1422 2237 1501 2276 per
1540 2223 1803 2264 “bestiam'’

305 2290 365 2330 ibi
397 2289 679 2342 significetur
706 2294 925 2329 externus
958 2301 1036 2327 seu
1068 2286 1286 2327 naturalis
1314 2286 1465 2333 homo,
1495 2291 1540 2326 et
1573 2299 1651 2338 per
1680 2285 1802 2326 “ho-

307 2351 505 2392 minem”
528 2352 731 2392 internus
755 2349 1017 2403 spiritualis,
1043 2356 1089 2390 et
1116 2349 1236 2402 quod
1260 2362 1338 2401 per
1364 2349 1648 2388 “dominium
1672 2362 1804 2401 super

306 2415 477 2456 bestias
490 2414 509 2428 ''
535 2415 594 2454 ibi
626 2413 913 2466 intelligatur
945 2413 1191 2453 dominium
1225 2411 1469 2464 spiritualis
1502 2411 1696 2451 hominis
1729 2425 1802 2451 su-

306 2492 386 2532 per
423 2477 691 2517 naturalem.
755 2476 890 2529 Quod
928 2476 1086 2516 datum
1125 2476 1182 2515 sit
1221 2474 1338 2514 illius
1373 2473 1593 2514 ecclesiae
1631 2474 1802 2514 homini

307 2555 440 2581 nosse
473 2553 632 2580 omnes
664 2538 924 2580 affectiones
957 2538 1174 2579 naturalis
1207 2537 1418 2585 hominis,
1448 2537 1506 2577 ob
1539 2550 1721 2577 causam
1755 2543 1802 2577 ut

307 2604 616 2644 dominaretur
658 2616 790 2655 super
829 2601 944 2650 illas,
984 2600 1268 2654 significatur
1309 2614 1389 2653 per
1428 2600 1541 2641 haec
1581 2600 1718 2640 verba
1758 2600 1802 2640 in

311 2666 479 2714 Genesi,

376 2757 589 2789 “Formavit
607 2756 785 2797 Jehovah.
801 2766 860 2787 .ex
884 2756 992 2787 humo
1013 2765 1156 2786 omnem
1181 2755 1333 2786 bestiam
1358 2754 1445 2793 agri,
1468 2759 1503 2784 et
1527 2762 1672 2784 omnem
1698 2762 1801 2783 avem

484 2801 675 2838 caelorum,
699 2807 734 2831 et
754 2800 899 2831 adduxit
918 2800 963 2830 ad
985 2800 1168 2830 hominem
1194 2799 1237 2829 ad
1263 2798 1456 2829 videndum
1477 2797 1559 2838 quid
1580 2802 1724 2828 vocaret
1746 2797 1801 2832 id;

483 2850 518 2875 et
542 2844 706 2884 quicquid
726 2844 867 2874 vocavit
891 2844 926 2874 id
950 2844 1069 2880 homo,
1089 2843 1247 2873 animam
1267 2842 1460 2878 viventem,
1484 2841 1518 2871 id
1544 2850 1675 2871 nomen
1702 2839 1800 2878 ejus:

483 2894 518 2918 et
539 2889 688 2918 vocabat
708 2888 816 2917 homo
841 2887 989 2917 nomina
1013 2887 1111 2917 omni
1137 2886 1270 2917 bestiae
1295 2891 1330 2916 et
1353 2885 1410 2915 avi
1435 2884 1624 2921 caelorum,
1647 2890 1681 2915 et
1701 2883 1800 2914 omni

483 2931 579 2963 ferae
599 2930 704 2971 agri’'
723 2931 768 2971 (ii.
791 2929 856 2972 19[‚
878 2928 948 2972 20])
965 2941 970 2962 :
