1962 3334
265 245 366 285 1812
672 253 1004 288 APOCALYPSIS
1036 256 1336 289 EXPLICATA.

257 366 410 420 ligitur
442 367 559 407 idem
592 367 711 421 quod
745 381 824 420 per
857 368 1073 409 “Deum’'
1104 369 1148 409 in
1181 369 1340 410 Veteri
1372 369 1672 419 Testamento
1704 376 1751 412 et

257 443 335 482 per
364 430 567 470 “Filium
601 430 716 471 Dei”
742 431 786 470 in
819 430 966 480 Novo,
996 445 1157 484 nempe
1191 432 1413 472 Dominus
1444 433 1591 486 quoad
1625 432 1750 473 Divi-

257 506 362 533 num
391 493 665 541 Humanum,
695 499 740 534 et
772 508 949 547 quoque
982 495 1130 547 quoad
1164 494 1375 534 Divinum
1409 494 1607 545 Verum;
1647 509 1751 535 nam

258 570 335 608 per
369 556 668 597 “Christum'’
705 556 848 597 simile
887 557 1164 610 significatur
1201 558 1320 611 quod
1359 571 1436 610 per
1471 557 1751 607 “Unctum,”

260 619 543 659 “Messiam'’
576 626 620 660 et
657 620 873 672 “Regem
894 619 926 670 ;’'
963 627 1009 660 et
1042 634 1120 673 per
1154 619 1433 668 “Unc'tu1n,''
1468 621 1751 661 “Messiam”

257 689 303 723 et
333 682 579 735 “Regem”
605 683 874 735 intelligitur
901 683 1122 724 Dominus
1148 683 1297 737 quoad
1325 683 1536 723 Divinum
1564 683 1749 733 Verum,

258 752 303 786 et
327 759 504 799 quoque
527 746 906 798 quoad-Divinum
927 746 1188 786 Humanum
1207 746 1387 799 quando
1404 746 1483 787 fuit
1506 747 1549 786 in
1568 747 1749 795 mundo,

260 822 363 849 nam
396 815 502 849 tunc
537 809 757 849 Dominus
789 809 937 862 quoad
973 809 1233 849 Humanum
1267 823 1394 849 suum
1426 809 1506 849 fuit
1540 809 1752 849 Divinum

261 872 455 912 Verum:
491 871 633 912 simile
661 873 811 925 itaque
839 871 1116 924 significatur
1139 886 1216 925 per
1242 871 1483 913 “Unctum
1503 872 1703 924 Jehovae
1720 872 1753 923 ;’'

259 949 362 975 nam
396 935 547 988 Ipsum
581 935 806 983 Divinum,
840 935 960 988 quod
996 935 1267 987 “Jehovah''
1300 942 1346 975 et
1381 934 1585 976 “Pater’'
1617 949 1752 975 voca-

259 1006 343 1047 tur,
372 1012 423 1039 ac
456 999 499 1038 in
532 1012 611 1038 sua
642 998 840 1038 essentia
866 1004 961 1038 erat
988 997 1202 1038 Divinum
1229 998 1406 1038 Bonum
1433 998 1584 1038 Divini
1607 997 1754 1038 Amo-

259 1063 330 1111 ris,
359 1063 489 1102 unxit
518 1061 728 1101 Divinum
758 1061 1032 1109 Humanum,
1058 1061 1177 1114 quod
1203 1064 1228 1080 “
1246 1061 1383 1101 Filius
1411 1061 1495 1101 Dei
1508 1061 1526 1075 ”
1548 1067 1751 1109 vocatur,

259 1138 310 1165 ac
352 1125 396 1165 in
442 1138 521 1164 sua
561 1124 770 1172 essentia,
813 1124 919 1164 dum
964 1124 1044 1164 fuit
1090 1125 1133 1164 in
1175 1124 1357 1172 mundo,
1400 1129 1497 1164 erat
1540 1124 1753 1164 Divinum

260 1188 431 1228 Verum
453 1202 461 1238 ;
498 1186 688 1228 “unfflo
704 1187 722 1201 ”
744 1188 862 1227 enim
887 1186 1169 1240 significabat
1196 1187 1315 1240 quod
1344 1187 1556 1227 Divinum
1580 1187 1754 1227 Huma-

261 1264 367 1291 num
406 1251 587 1291 Domini
625 1250 892 1302 procederet
931 1264 989 1291 ex
1029 1251 1134 1303 Ipso
1173 1250 1337 1290 Divino
1376 1250 1533 1302 Ipsius,
1569 1249 1755 1302 proinde

263 1314 475 1355 Divinum
499 1313 669 1354 Verum
693 1327 751 1353 ex
781 1313 946 1354 Divino
970 1313 1097 1353 Bono
1125 1314 1280 1366 Ipsius.
1344 1314 1455 1353 Inde
1482 1319 1609 1365 patet
1635 1311 1756 1365 quod

262 1377 383 1418 solus
417 1377 637 1417 Dominus
670 1377 819 1429 quoad
852 1377 1065 1416 Divinum
1094 1376 1356 1416 Humanum
1383 1376 1511 1416 fuerit
1541 1374 1756 1417 “Unctus

260 1439 490 1494 Jehovae''
521 1439 837 1488 essentialiter,
871 1446 918 1480 at
957 1440 1077 1492 quod
1115 1453 1246 1492 reges
1278 1446 1324 1480 et
1357 1439 1618 1479 sacerdotes
1650 1437 1757 1480 dieti

263 1505 352 1544 sint
382 1501 542 1552 “uncti
568 1502 796 1555 Jehovae’‘
822 1503 1236 1554 repraesentative;
1275 1515 1379 1542 nam
1414 1501 1641 1550 “oleum,'’
1668 1515 1757 1555 quo

236 1565 240 1569 “
263 1566 400 1607 fiebat
427 1564 592 1613 unctio,
621 1564 905 1618 significabat
933 1565 1145 1605 Divinum
1174 1565 1349 1605 Bonum
1383 1565 1533 1605 Divini
1559 1564 1758 1606 Amoris.

265 1629 395 1670 Nunc
433 1629 534 1682 quia
572 1628 783 1668 Divinum
821 1628 993 1668 Verum
1031 1628 1149 1680 apud
1183 1628 1428 1668 Dominum
1465 1627 1544 1668 fuit
1582 1627 1701 1680 quod
1733 1641 1760 1667 a

266 1693 431 1733 Divino
459 1692 586 1732 Bono
613 1691 881 1743 ungebatur,
906 1691 1009 1731 inde
1037 1698 1106 1731 est
1133 1691 1252 1744 quod
1281 1704 1358 1743 per
1383 1689 1690 1739 “Christum,”
1712 1696 1759 1730 et

265 1756 469 1796 similiter
514 1769 592 1808 per
634 1754 921 1795 “Messiam'’
962 1761 1008 1795 et
1053 1753 1332 1802 “Uiictum,'’
1372 1760 1419 1794 et
1464 1767 1641 1807 quoque
1682 1766 1761 1806 per

268 1824 293 1840 ‘⁶
309 1818 522 1871 Regem‚''
545 1817 820 1871 significetur
843 1817 1055 1857 Divinum
1079 1817 1250 1857 Verum
1274 1817 1524 1869 procedens
1546 1830 1572 1857 a
1596 1816 1760 1856 Divino

267 1883 396 1923 Bono
423 1882 572 1922 Divini
595 1881 779 1921 Amoris
807 1881 1014 1921 Domini:
1049 1880 1168 1933 quod
1195 1881 1259 1920 i-ta
1284 1881 1341 1920 sit
1368 1886 1578 1920 constare
1606 1885 1760 1932 potest

266 1960 292 1986 a
323 1946 433 1986 locis
465 1946 508 1985 in
541 1945 697 1985 Verbo
729 1944 802 1984 ubi
837 1943 1123 1992 “Christus,”
1153 1942 1411 1983 “Messias''
1438 1949 1484 1983 et
1513 1941 1761 1984 “Un&us”

268 2010 536 2050 nominatur.
599 2007 733 2061 Quod
754 2012 778 2028 “
793 2007 1028 2049 Christus'’
1046 2009 1103 2049 sit
1126 2011 1149 2027 “
1164 2007 1393 2056 Messias,”
1407 2021 1486 2048 seu
1506 2010 1531 2027 ‘⁴
1546 2005 1762 2056 Un&us,”

269 2079 450 2114 constat
476 2072 596 2125 apud
622 2071 891 2120 Jolcannem,

341 2175 505 2207 Andreas
524 2176 542 2190 ‘⁴
555 2175 692 2207 invenit
712 2174 863 2206 fratrem
878 2184 980 2206 suum
1000 2174 1195 2212 Simonem,
1214 2179 1249 2204 et
1269 2173 1357 2204 dixit
1377 2173 1419 2210 ei,
1439 2173 1648 2204 Invenimus
1667 2172 1763 2204 Mes-

443 2220 543 2258 siam,
561 2219 655 2260 quod
671 2225 735 2257 est,
753 2219 783 2249 si
800 2218 1053 2258 interpreteris,
1074 2217 1255 2249 Christum
1270 2217 1287 2228 '¹
1305 2217 1338 2256 (i.
1356 2225 1398 2255 42
1419 2215 1477 2258 [B.
1495 2218 1540 2248 A.
1557 2214 1653 2257 41]):

271 2310 316 2344 et
343 2303 463 2356 apud
490 2302 698 2351 eundem,

344 2385 474 2468 Mulie(r
488 2384 671 2468 Sam)aritis
685 2383 782 2422 dixit,
798 2384 816 2398 ‘¹
827 2383 906 2415 Scio
926 2383 1020 2424 quod
1042 2382 1194 2414 Messias
1208 2382 1337 2420 veniat,
1353 2382 1411 2423 qui
1427 2381 1553 2413 dicitur
1567 2381 1730 2413 Christus
1742 2380 1761 2394 ''

461 2439 505 2460 iv.
524 2436 563 2466 25
593 2437 599 2466 ;

271 2540 331 2567 ex
358 2525 516 2578 quibus
548 2529 675 2576 patet
707 2522 828 2576 quod
856 2522 1076 2562 Dominus
1103 2522 1160 2563 sit
1186 2527 1376 2562 vocatus
1406 2519 1678 2561 “Christus’'
1702 2534 1763 2561 ex

272 2603 326 2630 eo
358 2587 478 2641 quod
515 2592 636 2627 esset
670 2586 874 2634 Messias,
908 2584 1029 2637 cujus
1061 2585 1284 2625 adventus
1316 2584 1360 2623 in
1393 2583 1548 2624 Verbo
1580 2583 1764 2624 Veteris

272 2650 557 2692 Testamenti
590 2646 842 2700 praedietus
875 2653 971 2698 est;
1011 2660 1115 2687 nam
1148 2645 1325 2688 Unctus
1357 2646 1518 2686 dicitur
1553 2645 1764 2687 Clzrz'stus

273 2716 316 2755 in
349 2714 522 2755 Graeca
554 2712 720 2763 lingua,
755 2717 801 2751 et
832 2710 1028 2751 Messias
1060 2711 1103 2750 in
1138 2710 1362 2757 Hebraea,
1398 2716 1444 2750 et
1482 2707 1660 2750 Unctus
1693 2715 1764 2749 est

274 2778 392 2818 Rex.
456 2775 565 2816 Inde
589 2781 658 2815 est
681 2774 801 2827 quod
824 2774 1044 2814 Dominus
1067 2772 1211 2814 dictus
1233 2773 1290 2813 sit
1317 2773 1459 2812 “Rex
1484 2771 1662 2812 Israelis
1674 2771 1692 2786 ''
1714 2778 1761 2812 et

277 2841 417 2881 “Rex
453 2837 762 2891 Judaeorum‚''
787 2836 907 2889 quod
941 2837 1078 2877 etiam
1113 2836 1254 2877 fassus
1288 2842 1358 2876 est
1401 2847 1551 2876 coram
1586 2834 1760 2884 Pilato;

275 2905 389 2945 unde
418 2902 681 2954 inscriptum
708 2900 825 2941 cruci
850 2899 944 2950 fuit,
