1962 3334
290 303 396 357 1356
699 312 1031 346 APOCALYPSIS
1064 312 1361 345 EXPLICATA.

284 430 364 465 tua
394 438 533 478 usque
564 425 622 466 ad
653 425 916 476 aetheres;”
953 439 1031 479 per
1059 425 1337 466 “aetheres''
1362 425 1514 478 itaque
1545 424 1589 464 in
1616 423 1775 477 plurali

285 486 561 540 significatur
583 488 747 529 Divina
770 487 847 528 lux
872 502 1011 541 usque
1036 487 1093 528 ad
1115 487 1291 528 caelum
1314 499 1584 540 supremum,
1609 486 1682 527 ubi
1705 493 1776 527 est

283 551 328 591 in
351 565 526 592 summo
549 553 704 605 gradu.

356 641 509 716 (Simqia
528 641 775 725 significantvjxr
791 651 854 682 per
873 640 1097 679 “aetheres,’'
1115 641 1247 672 Psalm.
1266 640 1387 672 lxxvii.
1408 640 1446 671 18
1467 637 1526 682 [B.
1543 640 1588 672 A.
1609 637 1664 682 17]
1680 649 1687 678 ;
1718 638 1778 672 Ps.

473 695 591 717 xxvm.
611 693 662 724 23,
680 693 731 724 24.

903 823 1041 847 VERSUS
1059 821 1171 855 3-12.·

361 893 490 937 542·
529 897 568 924 ’Ἐ
570 900 582 924 t
595 905 611 924 e
623 897 706 931 fumo
716 898 868 924 exiverunt
882 899 1011 924 locustae
1025 898 1064 929 [in
1078 897 1199 928 terram]
1207 905 1218 928 ,·
1237 899 1268 923 et
1280 898 1350 923 data
1362 897 1422 923 illis
1434 898 1569 930 potestas
1582 896 1659 924 sicut
1671 896 1778 923 nabent

282 937 456 966 potestatem
471 938 581 970 scorpii
599 940 705 964 terrae.
743 938 778 964 ft
793 938 899 964 dictum
916 938 975 964 illis
991 945 1027 963 ne
1041 938 1192 964 laederent
1210 943 1328 969 oramen
1343 938 1451 967 terrae.
1468 943 1559 969 neque
1574 937 1660 962 ullum
1677 936 1776 967 viride,

283 980 374 1005 neque
388 975 474 1001 allam
490 976 631 1006 arborem,
648 975 708 1002 nisi
722 976 851 1002 nomines
867 976 955 1006 solos,
971 976 1132 1008 quicunque
1146 982 1201 1001 non
1217 975 1358 1001 haberent
1371 975 1498 1007 siqillum
1514 974 1565 1001 Dei
1581 975 1611 1001 ln
1626 974 1778 1007 frontibus

281 1013 354 1038 suis.
392 1011 414 1037 Ε
415 1015 427 1039 t
441 1014 538 1039 datum
554 1014 614 1040 illis
627 1015 659 1040 ut
673 1021 728 1040 non
741 1014 905 1040 occiderent
917 1014 991 1044 illos,
1006 1014 1060 1040 sed
1073 1015 1106 1039 ut
1120 1013 1285 1039 cruciarent
1297 1019 1412 1039 menses
1425 1013 1568 1045 quinque:
1587 1014 1618 1039 et
1631 1013 1778 1039 cruciatus

281 1049 393 1076 illarum
413 1051 487 1077 sicut
501 1052 649 1078 cruciatus
664 1052 776 1083 scorpii
790 1058 852 1078 cum
867 1052 996 1083 pereutit
1012 1052 1162 1078 hommem.
1201 1050 1235 1077 ft
1252 1052 1282 1077 in
1297 1050 1400 1077 diebus
1415 1050 1475 1077 illis
1490 1053 1632 1083 quaerent
1649 1050 1778 1077 homlnes

281 1089 400 1114 mortem
419 1090 449 1114 et
467 1096 522 1115 non
541 1090 689 1116 Invenient
706 1089 794 1119 illam.
814 1091 846 1116 et
863 1090 980 1121 cupient
998 1089 1071 1115 mori
1087 1091 1119 1116 et
1133 1089 1232 1122 fuqiet
1249 1096 1327 1115 mors
1345 1089 1382 1115 ab
1400 1089 1468 1115 illi3.
1518 1089 1553 1115 Et
1570 1089 1778 1116 similitudines

281 1126 455 1152 locustarum
471 1127 584 1154 similes
597 1128 679 1160 equis
695 1128 811 1160 paratis
826 1128 864 1154 ad
879 1128 990 1158 bellum,
1006 1129 1036 1154 et
1050 1134 1139 1159 super
1151 1127 1296 1159 capitibus
1311 1128 1424 1153 illarum
1440 1127 1518 1154 sicut
1532 1134 1654 1154 coronas
1666 1127 1778 1154 slmiles

281 1170 351 1190 auro
359 1172 369 1195 ,-
389 1166 419 1190 et
427 1164 526 1197 facies
539 1165 651 1191 illarum
665 1166 743 1192 sicut
752 1165 851 1198 facies
865 1166 1017 1192 hommum.
1055 1165 1076 1191 Ε
1077 1167 1090 1191 t
1102 1166 1248 1191 habebant
1257 1165 1379 1198 capillos
1392 1165 1470 1191 siout
1482 1165 1605 1197 capillos
1618 1165 1776 1196 mulierum.

280 1203 309 1227 et
325 1203 427 1228 dentes
442 1202 556 1229 illarum
571 1203 648 1230 sicut
662 1205 773 1229 leonum
789 1206 883 1230 erant.
921 1203 956 1230 ft
971 1203 1117 1230 habebant
1131 1203 1268 1230 thoraces
1283 1203 1362 1229 sIcut
1375 1204 1510 1229 thoraces
1522 1202 1660 1235 ferreum
1679 1204 1710 1229 et
1724 1210 1778 1229 vox

279 1241 391 1265 alarum
409 1240 523 1267 illarum
541 1241 619 1268 sicut
637 1249 690 1268 vox
708 1248 841 1268 curruum
860 1249 994 1274 equorum
1013 1242 1166 1267 multorum
1185 1242 1362 1267 currentium
1383 1241 1412 1267 in
1432 1241 1543 1267 bellum.
1580 1240 1616 1267 ft
1632 1241 1779 1267 habebant

280 1279 389 1304 caudas
401 1278 514 1305 similes
527 1279 662 1311 scorpiis,
677 1281 707 1306 et
719 1280 813 1305 aculei
825 1282 910 1305 erant
922 1280 953 1305 in
966 1279 1066 1306 caudis
1082 1279 1215 1310 illarum,-
1235 1281 1265 1305 et
1278 1280 1413 1311 potestas
1426 1278 1539 1305 illarum
1555 1279 1672 1305 laedere
1686 1279 1779 1305 homi-

279 1323 332 1341 nes
351 1316 498 1343 mensibus
516 1317 648 1350 quinque.
685 1317 707 1343 Ε
709 1319 722 1343 t
739 1317 886 1343 habebant
903 1324 992 1348 super
1006 1324 1040 1343 se
1058 1324 1162 1349 reqem,
1180 1318 1313 1349 anyelum
1331 1317 1435 1349 abyssi
1442 1325 1453 1347 ,·
1473 1324 1574 1343 nomen
1593 1317 1622 1343 ei
1639 1317 1778 1343 Hebraico

281 1353 424 1385 abaddon,
440 1356 470 1380 et
484 1354 513 1380 ln
530 1354 638 1381 Graeca
650 1362 752 1382 nomen
767 1355 855 1382 nabet
870 1355 1018 1388 Apollyon.
1059 1355 1112 1381 Vae
1125 1362 1210 1381 unum
1225 1355 1388 1387 praeteriit,
1403 1362 1470 1382 ecce
1485 1354 1601 1381 veniunt
1614 1355 1708 1382 adhuc
1722 1355 1778 1382 duo

283 1398 336 1418 vae
349 1394 419 1424 post
432 1393 537 1419 naec.''
1066 1401 1070 1404 ·

324 1472 355 1504 3.
389 1463 451 1497 “Et
466 1474 484 1498 e
509 1466 602 1499 fumo
618 1465 799 1499 exiverunt
821 1466 976 1499 locustae
1000 1465 1034 1499 in
1051 1466 1210 1503 terram,’'
1227 1465 1390 1507 significat
1406 1467 1496 1508 quod
1507 1466 1659 1508 exfalsis
1674 1466 1777 1508 infer-

457 1510 693 1552 nalibussac‘ti
705 1511 777 1541 sint
790 1512 956 1542 sensuales
971 1511 1117 1552 corporei
1138 1511 1175 1541 in
1193 1511 1321 1541 ecclesia
1342 1510 1393 1553 [n.
1412 1510 1514 1552 543];
1541 1513 1599 1543 “et
1612 1511 1693 1543 data
1709 1509 1778 1543 illis

453 1556 613 1596 potestas
636 1553 730 1587 sicut
749 1554 874 1587 habent
894 1557 1103 1596 potestatem
1127 1554 1257 1597 scorpii
1278 1555 1422 1591 terrae‚''
1438 1553 1778 1597 signifieatpersuasz'·

456 1609 538 1629 vum
556 1599 702 1637 illorum,
719 1609 758 1630 ac
774 1600 841 1641 ejus
857 1600 1009 1641 effectum
1025 1603 1056 1629 et
1062 1599 1249 1641 potentiam
1269 1598 1320 1641 [n.
1339 1598 1435 1641 544].

322 1663 356 1694 4.
390 1654 452 1688 “Et
463 1654 588 1688 dictum
602 1655 670 1689 illis
684 1659 740 1689 est
750 1666 792 1689 ne
809 1656 986 1689 laederent
997 1665 1141 1699 gramen
1155 1658 1281 1693 terrae,
1296 1665 1405 1698 neque
1419 1656 1524 1688 ullum
1540 1655 1655 1694 viride,
1664 1659 1778 1700 ‘neque

458 1700 561 1732 ullam
578 1700 765 1738 arborem,'’
781 1700 942 1742 signifieat
958 1701 1047 1742 quod
1068 1711 1135 1731 non
1151 1701 1275 1731 damno
1291 1701 1459 1742 afficerent
1472 1701 1610 1742 aliquod
1624 1701 1777 1743 scientifi-

457 1755 531 1775 cum
551 1755 671 1776 verum
695 1750 726 1776 et
746 1746 865 1776 vivum
889 1756 930 1775 ex
956 1745 1053 1776 Verbi
1073 1755 1169 1776 sensu
1193 1745 1332 1782 litterae,
1350 1755 1407 1775 nec
1429 1745 1561 1786 aliquas
1582 1746 1779 1786 cognitiones

455 1789 576 1820 veriet
590 1789 668 1820 boni
683 1789 731 1820 ibi
748 1789 799 1832 [n.
813 1788 894 1831 545]
907 1801 915 1827 ;
943 1788 1034 1822 “nisi
1046 1788 1200 1821 homines
1213 1789 1318 1826 solos,
1333 1788 1523 1832 quicunque
1535 1798 1600 1821 non
1612 1789 1780 1822 haberent

456 1832 605 1875 siql'llum
622 1832 686 1866 Dei
698 1832 732 1866 in
749 1832 918 1866 frontibus
934 1833 1040 1869 suss‚''
1054 1832 1217 1874 signifieat
1231 1834 1320 1874 quod
1333 1834 1425 1864 modo
1441 1834 1643 1864 intellectum
1659 1834 1736 1864 veri
1749 1838 1780 1864 et

446 1878 686 1918 perceptionem
710 1878 788 1909 boni
808 1878 902 1919 apud
923 1878 995 1910 illos
1017 1878 1078 1919 qui
1099 1888 1167 1908 non
1190 1878 1227 1908 in
1244 1878 1331 1908 veris
1346 1888 1388 1908 ex
1403 1877 1483 1908 bono
1498 1888 1519 1908 a
1535 1877 1684 1909 Domino
1697 1882 1780 1909 sunt

459 1921 508 1963 [n.
527 1921 624 1963 546]-

323 1984 355 2019 5.
388 1978 451 2011 “Et
462 1977 610 2012 [dilatum
624 1978 692 2012 illis
707 1982 745 2012 ut
756 1989 821 2013 non
835 1979 1033 2012 occiderent
1042 1978 1150 2017 illos,''
1163 1978 1327 2020 significat
1340 1980 1430 2021 quod
1438 1990 1505 2010 non
1519 1980 1780 2021 deprivarentur

444 2023 614 2065 facultate
635 2025 846 2065 intellegendi
867 2035 987 2055 verum
1012 2028 1042 2055 et
1055 2024 1266 2065 percipiendi
1287 2024 1407 2054 bonum
1434 2024 1485 2066 [n.
1504 2023 1607 2066 547];
1634 2023 1720 2056 “sed
1740 2025 1779 2056 ut

455 2067 652 2101 cruciarent
674 2077 812 2101 menses
835 2068 1008 2113 quinque,'¹
1026 2067 1189 2108 significat
1213 2068 1302 2109 quod
1322 2068 1506 2099 intellectus
1528 2079 1549 2099 a
1564 2068 1669 2110 falsis
1692 2068 1779 2099 mali

455 2112 616 2153 caligaret
630 2117 661 2143 et
680 2113 929 2143 abstraheretur
943 2123 963 2142 a
981 2113 1125 2143 videndo
1140 2122 1257 2143 verum
1274 2112 1439 2153 quamdiu
1462 2113 1499 2143 in
1524 2112 1581 2143 illo
1594 2116 1683 2144 statu
1697 2116 1778 2144 sunt

457 2155 509 2198 [n.
528 2155 629 2198 548];
656 2159 714 2189 “et
728 2156 904 2189 cruciatus
928 2155 1065 2188 illarum
1082 2155 1176 2189 sicut
1190 2155 1365 2188 cruciatus
1381 2155 1513 2198 scorpii
1526 2165 1603 2188 cum
1623 2155 1778 2198 percutit

453 2199 650 2237 hominem,''
667 2200 830 2241 significat
846 2201 935 2242 qnod
956 2201 1111 2241 caligatio
1125 2205 1156 2231 et
1169 2201 1347 2231 abstractio
1363 2211 1384 2230 a
1400 2201 1544 2231 videndo
1559 2211 1678 2231 verum
1693 2201 1738 2232 sit
1754 2211 1776 2231 a

446 2245 664 2285 persuasione
679 2255 745 2286 qua
763 2256 854 2276 mens
871 2245 1070 2287 infatuatur
1088 2244 1140 2287 [n.
1160 2243 1256 2286 549].

322 2300 353 2332 6.
387 2299 450 2333 “ft
463 2300 497 2334 in
514 2300 634 2334 diebus
651 2300 720 2334 illis
736 2304 904 2344 quaerent
925 2300 1080 2335 homines
1097 2304 1241 2334 mortem
1259 2303 1295 2333 et
1309 2310 1374 2333 non
1390 2300 1563 2335 invenient
1579 2300 1700 2343 illam,''
1711 2300 1775 2343 sig-

454 2344 563 2376 nificat
578 2346 668 2387 quod
678 2350 760 2377 tunc
767 2347 906 2387 perdere
918 2346 1029 2377 velint
1034 2346 1236 2388 facultatem
1254 2346 1463 2387 intellig-endi
1477 2357 1609 2384 verum,
1621 2348 1679 2378 sed
1690 2345 1781 2388 quod

453 2400 554 2431 usque
570 2390 775 2431 nonpossint
792 2389 843 2432 [n.
861 2396 878 2431 5
884 2389 966 2432 50];
993 2392 1050 2423 “et
1063 2389 1202 2432 cupient
1217 2389 1305 2421 mori
1326 2393 1363 2422 et
1386 2389 1497 2433 taylet
1511 2399 1604 2423 mors
1619 2390 1663 2423 ab
1678 2389 1775 2427 illis.''

454 2433 617 2474 significat
640 2434 730 2475 quod
748 2435 858 2464 velint
872 2435 1012 2476 perdere
1025 2434 1227 2476 facultatem
1242 2434 1454 2475 percipiendi
1474 2434 1607 2473 bonum,
1626 2445 1711 2477 quae
1731 2438 1778 2466 est

453 2479 541 2508 vitae
554 2478 754 2519 spiritualis,
770 2478 827 2509 sed
841 2479 1007 2509 incassum
1027 2478 1079 2521 [n.
1098 2484 1116 2519 5
1121 2477 1195 2520 51].

271 2535 275 2540 ‘
322 2541 352 2574 7.
387 2534 450 2567 “Et
463 2534 704 2568 similitudines
729 2535 940 2569 locustarum
957 2535 1091 2569 similes
1107 2534 1205 2578 equis
1226 2535 1362 2578 paratis
1378 2536 1426 2568 ao'
1446 2535 1599 2573 bellum,''
1614 2535 1775 2578 significat

453 2580 543 2620 quod
562 2580 656 2610 homo
670 2581 831 2611 sensualis
844 2580 977 2621 saltus,
993 2581 1037 2611 sit
1051 2580 1259 2611 ratiocinans
1273 2581 1360 2610 sicut
1381 2591 1422 2611 ex
1438 2581 1606 2612 intellectu
1621 2581 1697 2612 veri
1721 2581 1772 2623 [n.

455 2623 557 2665 552];
585 2625 641 2656 “et
654 2633 761 2666 super
777 2623 946 2666 capitibus
970 2623 1106 2656 illarum
1123 2623 1215 2657 sicut
1235 2633 1381 2656 coronae
1396 2623 1529 2657 similes
1545 2625 1659 2662 auro,''
1674 2624 1773 2666 signi-

453 2667 528 2698 ficat
542 2669 632 2709 quod
650 2673 838 2709 appareant
851 2668 915 2699 sibi
936 2679 1011 2699 cum
1028 2668 1280 2699 ratiocinantur
1293 2669 1380 2699 sicut
1399 2669 1558 2710 sapientes
1579 2673 1611 2700 et
1632 2669 1774 2700 victores

457 2711 508 2754 [n.
526 2719 543 2753 5
548 2711 627 2754 53];
659 2714 716 2745 “et
738 2712 847 2745 {acies
870 2712 1007 2745 illarum
1031 2711 1124 2745 sicut
1146 2711 1255 2745 {acies
1277 2712 1478 2750 hominum,¹'
1501 2712 1665 2754 significat
1687 2713 1777 2755 quod

452 2761 637 2797 appareant
649 2757 714 2787 sibi
726 2757 811 2787 sicut
825 2757 1012 2798 affectiones
1028 2757 1105 2788 veri
1116 2757 1307 2798 spirituales
1326 2757 1375 2799 [n.
1395 2763 1412 2798 5
1417 2756 1491 2799 54].

321 2814 352 2847 8.
386 2813 436 2847 “f
435 2817 448 2847 t
462 2813 630 2847 habebant
642 2813 784 2857 capillos
798 2813 891 2847 sicut
905 2814 1047 2857 capillos
1060 2813 1270 2851 mulierum‚''
1283 2813 1444 2855 significat
1456 2815 1546 2856 quod
1557 2814 1656 2846 etiam
1673 2819 1771 2856 appa-

453 2863 552 2889 reant
561 2858 625 2889 sibi
634 2859 721 2889 sicut
731 2859 918 2901 affectiones
931 2859 1007 2890 veri
1018 2857 1225 2890 [²]naturales
1241 2859 1291 2901 [n.
1305 2866 1322 2899 5
1327 2858 1387 2900 56]
1398 2870 1407 2897 ;
1434 2861 1491 2892 “et
1502 2858 1622 2892 dentes
1635 2858 1771 2892 illarum

453 2902 546 2936 sicut
567 2903 700 2935 leonum
725 2903 850 2939 erant,''
866 2902 1027 2944 significat
1042 2903 1132 2944 quod
1151 2903 1319 2934 sensualia
1334 2914 1419 2944 quae
1441 2908 1522 2934 sunt
1542 2904 1664 2934 ultima
1679 2903 1771 2934 vitae

453 2947 686 2979 z'tztelleHualts
697 2947 765 2979 sint
777 2947 845 2978 illis
857 2952 1056 2988 apparenter
1063 2947 1149 2979 sicut
1160 2948 1196 2979 in
1206 2948 1355 2989 potentia
1367 2952 1466 2989 super
1474 2947 1587 2979 omnia
1603 2947 1654 2990 [n.
1667 2946 1749 2989 556]
1757 2970 1765 2978 .
