1962 3334
311 259 415 312 1698
721 269 1053 305 APOCALYPSIS
1085 273 1385 308 EXPLICATA‚

303 380 422 434 apud
450 382 659 432 eundem,

371 454 514 495 “Super
538 455 649 487 facies
673 456 750 496 agri
776 457 963 498 projiciam
989 464 1033 497 te,
1059 465 1094 491 et
1117 460 1282 491 habitare
1307 460 1436 492 faciam
1462 471 1568 502 super
1592 468 1627 494 te
1651 472 1798 495 omnem

478 509 582 530 avem
601 500 793 538 caelorum,
812 507 847 532 et
865 502 1004 533 satiabo
1023 513 1067 534 ex
1085 509 1118 534 te
1136 503 1249 535 feram
1268 505 1388 536 omnis
1406 510 1522 537 terrae
1535 505 1553 517 '⁸
1570 505 1692 546 (xxxii.
1714 507 1768 546 4);

303 577 422 630 apud
448 577 712 627 Jeremiam,

369 650 474 682 “Erit
491 651 646 682 cadaver
662 661 787 683 eorum
807 652 843 683 in
860 652 978 684 cibum
997 654 1054 685 avi
1075 654 1257 686 caelorum
1278 661 1314 686 et
1333 655 1471 687 bestiae
1489 655 1634 688 terrae”
1654 655 1737 696 (xvi.
1753 665 1797 695 4:

478 704 553 735 cap.
572 695 641 727 xix.
662 702 700 734 7;
733 705 808 736 cap.
826 696 945 729 xxxiv,
965 695 1072 738 [¹120);

302 771 422 825 apud
444 771 731 822 Ezechielem,

369 845 468 877 “Avi
485 846 641 877 volucris
659 846 780 878 omnis
797 847 886 885 alae,
905 853 941 879 et
957 847 1056 880 ferae
1073 849 1151 889 agri
1169 849 1252 881 dedi
1270 855 1306 881 te
1326 850 1361 881 in
1379 850 1497 882 cibum
1510 849 1530 863 ”
1549 849 1680 891 (xxxix.
1697 851 1753 891 4);

302 926 423 980 apud
447 926 684 976 Davidem,

370 998 587 1031 ‘“Dederunt
611 1001 764 1032 cadaver
788 1011 974 1033 servorum
1000 1009 1141 1034 tuorum
1169 1001 1320 1045 [cibum]
1346 1003 1404 1035 avi
1429 1003 1623 1042 caelorum,
1651 1014 1796 1037 carnem

477 1042 685 1075 sancstorum
703 1050 847 1077 tuorum
865 1046 963 1077 ferae
981 1046 1127 1078 terrae”
1145 1047 1218 1087 (Ps.
1236 1047 1343 1079 lxxix.
1363 1051 1396 1087 2)
1412 1057 1419 1086 ;
1595 1053 1597 1055 ’

303 1123 422 1177 apud
448 1124 712 1174 Jeremz'am,

369 1197 563 1229 “visitabo
591 1208 700 1239 super
728 1209 791 1230 eos
821 1205 973 1240 quatuor
997 1200 1218 1240 generibus„
1233 1225 1241 1232 .
1255 1201 1392 1241 ,gladio
1419 1201 1464 1232 ad
1491 1201 1739 1240 occidendum.
1764 1207 1800 1233 et

477 1242 627 1273 canibus
645 1243 690 1274 ad
708 1243 932 1281 trahendum,
948 1250 983 1275 et
1000 1244 1126 1275 avibus
1143 1245 1325 1276 caelorum
1344 1251 1380 1276 et
1395 1244 1522 1277 bestiis
1540 1251 1657 1277 terrae
1675 1246 1720 1277 ad
1737 1245 1800 1277 de-

476 1286 679 1317 vorandum
698 1292 734 1318 et
753 1287 798 1318 ad
815 1287 1037 1327 perdendum
1049 1287 1067 1299 ''
1087 1287 1157 1326 (xv.
1176 1289 1229 1328 3):

302 1373 347 1414 in
369 1373 439 1414 his
462 1373 572 1414 locis
595 1388 684 1427 per.
699 1374 852 1415 “feras
878 1382 924 1416 et
948 1389 1054 1416 aves
1070 1375 1089 1390 '‘
1112 1375 1425 1429 significantur
1446 1375 1558 1417 falsa
1583 1391 1643 1418 ex
1671 1377 1797 1430 cupi-

302 1436 449 1478 ditate
488 1437 593 1478 mali
632 1444 678 1478 et
719 1451 778 1478 ex
816 1439 1088 1479 ratiociniis:
1135 1445 1180 1480 et
1220 1439 1323 1492 quia
1360 1453 1439 1492 per
1479 1439 1717 1492 “gentes'’
1754 1441 1798 1480 in

303 1507 424 1541 terra
448 1499 662 1541 Canaane
685 1500 998 1554 significantur
1020 1501 1140 1542 mala
1166 1508 1212 1543 et
1240 1501 1353 1542 falsa
1374 1501 1604 1555 religionis
1628 1509 1674 1543 et
1701 1502 1797 1543 cul-

303 1570 390 1611 tus,
419 1563 520 1604 ideo
547 1563 623 1604 filii
647 1563 805 1617 Jacobi
832 1564 1055 1605 cadavera
1080 1566 1301 1618 gentium,
1329 1579 1440 1618 quas
1466 1564 1589 1605 bello
1616 1565 1796 1605 occide—

302 1633 421 1675 runt,
461 1640 552 1667 non
593 1627 890 1680 sepeliebant,
931 1627 1011 1668 sed
1053 1628 1210 1668 avibus
1251 1634 1297 1668 et
1337 1628 1438 1668 feris
1479 1627 1796 1681 relinquebant

302 1690 591 1741 devoranda;
629 1691 709 1731 sed
736 1690 822 1731 hoc
850 1704 940 1731 non
968 1705 1027 1731 ex
1055 1691 1274 1732 mandato
1302 1690 1482 1740 Divino,
1511 1691 1590 1731 sed
1623 1705 1682 1731 ex
1715 1691 1797 1731 im-

303 1754 525 1794 manitate
551 1754 633 1807 ipsi
657 1753 825 1808 populo
848 1755 1019 1802 innata,
1044 1755 1109 1795 ita
1135 1768 1195 1795 ex
1219 1755 1515 1808 permissione
1542 1760 1590 1795 ut
1618 1768 1796 1808 reprae-

303 1822 595 1858 sentarentur
621 1817 744 1858 talia.
808 1816 948 1870 Apud
973 1817 1208 1866 Davidem,

371 1906 531 1939 “Hostis
552 1907 748 1947 opprobrio
773 1907 881 1939 afficit
900 1906 1088 1948 Jehovam,
1110 1913 1145 1938 et
1170 1907 1325 1947 populus
1351 1907 1482 1938 stultus
1502 1906 1640 1947 spernit
1663 1916 1797 1938 nomen

479 1957 579 1982 tuum
594 1961 600 1988 ;
622 1961 666 1982 ne
680 1951 744 1982 des
758 1951 895 1982 bestiae
909 1951 1067 1982 animam
1083 1951 1248 1982 turturis.
1263 1960 1290 1988 .;
1313 1950 1407 1982 vitae
1424 1950 1639 1982 miserorum
1654 1956 1797 1982 tuorum

477 2005 523 2026 ne
540 1995 765 2026 obliviscaris
783 1995 818 2026 in
837 2001 1045 2035 perpetuum
1058 1994 1076 2006 ”
1093 1994 1166 2034 (Ps.
1184 1994 1291 2026 lxxiv.
1312 1995 1361 2032 18,
1383 1994 1455 2035 19):

302 2097 382 2137 per
415 2082 670 2124 “hostem'’
701 2084 774 2137 qui
807 2083 1050 2136 opprobrio
1081 2082 1220 2123 afficit
1251 2082 1488 2135 Jehovam‚
1517 2081 1795 2135 significatur

302 2146 522 2187 infernum
563 2153 609 2187 et
649 2147 754 2187 inde
795 2146 990 2186 malum:
1039 2159 1118 2199 per
1161 2145 1416 2199 “populum
1457 2145 1682 2186 stultum”
1723 2147 1797 2199 qui

303 2211 475 2263 spernit
502 2223 669 2251 nomen
698 2210 857 2263 Ipsius,
886 2208 1198 2262 significantur
1223 2208 1336 2249 falsa
1362 2222 1475 2262 quae
1501 2213 1602 2248 sunt
1633 2215 1793 2249 contra

302 2287 409 2314 vera
435 2272 694 2323 do&rinae;
736 2272 965 2326 “populus
978 2272 997 2286 ”
1024 2272 1233 2312 dicuntur
1259 2271 1322 2311 illi
1354 2272 1427 2324 qui
1458 2272 1502 2311 in
1529 2272 1645 2311 veris
1671 2278 1791 2322 sunt,

301 2342 349 2377 et
375 2336 420 2376 in
446 2337 659 2390 opposito
686 2349 820 2376 sensu
846 2336 920 2389 qui
952 2336 995 2375 in
1018 2334 1154 2383 falsis,
1183 2335 1256 2388 qui
1288 2340 1393 2375 sunt
1424 2333 1653 2387 “populus
1680 2333 1795 2374 stul-

302 2406 376 2440 tus
393 2399 427 2451 ;’'
464 2406 510 2440 et
540 2403 747 2440 “nomen
772 2398 1006 2452 Jehovae”
1032 2397 1258 2450 significat
1286 2410 1420 2438 omne
1447 2410 1601 2437 verum
1628 2395 1794 2437 doari-

303 2476 388 2504 nae
414 2469 460 2503 et
484 2462 728 2503 ecclesiae:
765 2466 858 2503 “ne
885 2462 965 2502 des
992 2461 1165 2502 bestiae
1192 2461 1388 2500 animam
1413 2458 1632 2500 turturis'’
1654 2460 1795 2512 signi-

302 2525 409 2567 ficat
450 2539 505 2566 ne
547 2526 625 2566 det
668 2524 900 2578 spirituale
937 2524 1105 2564 bonum
1147 2523 1234 2564 illis
1278 2523 1351 2576 qui
1393 2523 1436 2563 in
1474 2521 1796 2575 cupiditatibus

303 2589 409 2630 mali
435 2594 569 2629 sunt:
609 2602 687 2642 per
716 2589 895 2628 “vitam
923 2588 1185 2627 miserorum
1199 2586 1217 2601 ’'
1244 2585 1524 2639 significatur
1548 2585 1642 2626 vita
1667 2585 1795 2638 spiri-

302 2652 438 2694 tualis
465 2665 682 2705 oppressa
708 2665 734 2691 a
760 2650 889 2691 malis
916 2657 962 2691 et
989 2649 1123 2690 falsis.
1186 2648 1325 2702 Apud
1350 2647 1588 2696 Habakuk‚

370 2743 388 2757 ‘⁴
398 2741 583 2774 violentia
601 2740 728 2772 Libani
746 2740 888 2780 operuit
904 2746 949 2778 te,
970 2745 1005 2771 et
1022 2738 1224 2771 devastatio
1242 2738 1436 2770 bestiarum
1455 2737 1703 2769 consternabit
1723 2746 1795 2774 eas,

477 2790 623 2825 propter
643 2785 840 2824 sanguines
865 2783 1065 2821 hominum,
1088 2788 1123 2814 et
1142 2782 1355 2813 violentiam
1381 2787 1508 2819 terrae,
1531 2781 1639 2818 urbis,
1660 2786 1696 2812 et
1720 2790 1797 2811 om-

477 2829 575 2860 nium
593 2828 832 2859 habitantium
851 2827 888 2858 in
906 2826 977 2858 ea''
994 2827 1042 2866 (ii.
1064 2827 1117 2866 17)
1132 2837 1139 2858 :

303 2932 382 2973 per
402 2917 703 2959 “violentiam
723 2915 915 2957 Libani”
932 2913 1211 2970 significatur
1232 2915 1298 2955 vis
1321 2913 1449 2955 illata
1467 2913 1583 2954 veris
1607 2926 1632 2954 a
1654 2913 1793 2954 ratio-

1931 3127 1962 3334 Metam
1944 3074 1962 3115 a„
1933 2753 1962 3062 ‘wama-mmmm&
1942 2652 1943 2657 Α
