1962 3334
597 281 703 314 CAP.
726 281 808 321 XL,
830 280 971 313 VERS.
998 279 1141 312 1.——N.
1162 269 1323 324 629[c.].
1596 269 1703 323 1613

219 393 513 435 “extendere
533 406 667 446 super
683 405 785 432 eam
807 390 1007 432 lineam”
1023 389 1307 444 significatur
1321 389 1559 430 continere
1576 389 1704 430 illam

216 456 262 497 in
290 469 372 496 suo
401 455 551 509 quali;
581 469 662 508 per
688 454 872 507 “Super
895 453 1003 508 quid
1033 453 1168 493 bases
1197 452 1293 505 ejus
1317 452 1556 493 demersae
1581 459 1703 499 sunt,

216 525 263 560 et
300 519 398 572 quis
427 517 538 571 jecit
575 517 775 570 lapidem
807 516 964 569 anguli
996 515 1091 568 ejus
1109 515 1149 556 ?’'
1181 514 1463 568 significatur
1496 514 1704 555 fundatio

215 580 311 633 ejus
340 594 475 634 super
503 580 592 620 illis
621 593 736 633 quae
766 579 810 619 in
841 578 1038 619 naturali
1073 578 1286 628 homine;
1329 577 1485 631 “lapis
1514 576 1704 629 angu1i”

215 649 287 684 est
311 655 468 683 verum
493 641 714 683 naturalis
738 641 950 689 hominis,
971 641 1093 694 quod
1118 646 1310 681 vocatur
1333 652 1490 681 verum
1516 639 1703 689 scienti-¹

215 705 364 754 ficum,
396 719 530 759 super
558 719 649 758 quo
677 705 892 744 fundatur
915 716 1073 744 verum
1107 703 1356 756 spiritualis
1391 702 1589 742 hominis
1624 715 1703 742 seu

215 781 373 809 verum
397 767 646 821 spirituale.
704 767 844 820 Apud
869 762 1136 814 firmium,

279 861 345 893 “Si
360 862 577 893 recesserint
596 867 731 893 statuta
746 861 834 892 haec
850 871 872 892 a
888 870 1010 892 coram
1036 860 1124 898 Me..
1139 885 1147 892 .
1160 860 1287 892 ‚etiam
1307 869 1433 891 semen
1460 858 1607 891 Israelis
1626 841 1702 891 ces-

386 906 527 943 sabunt‚
546 912 586 936 ut
602 915 675 936 non
692 905 765 936 sint
788 915 878 944 gens
895 913 1017 936 coram
1036 903 1098 936 Me
1117 904 1288 935 omnibus
1304 904 1431 935 diebus
1448 914 1474 935 :.
1488 928 1497 935 .
1510 928 1518 935 .
1532 903 1580 935 ‚si
1603 913 1704 935 rnen-

386 950 602 980 surabuntur
620 949 710 980 caeli
730 958 884 986 sursum,
901 954 937 980 et
972 947 1304 989 pervestigabunmr
1319 947 1571 978 fundamenta.
1586 947 1703 978 .deor-

385 1001 476 1030 sum,
504 991 581 1032 Ego
604 991 712 1023 etiam
739 992 942 1031 reprobabo
965 1001 1075 1022 omne
1098 1000 1223 1023 semen
1250 990 1397 1022 Israelis
1424 996 1572 1031 propter
1594 1000 1704 1021 omne

385 1036 479 1077 quod
499 1035 688 1067 fecerunt''
705 1035 812 1075 (xxxi.
827 1035 879 1074 36,
893 1036 967 1074 37):

212 1135 293 1176 per
318 1125 345 1143 ‘⁴
357 1127 535 1162 statuta
546 1121 567 1136 ”
591 1122 652 1162 ibi
681 1121 997 1174 significantur
1021 1121 1175 1161 omnia
1205 1120 1429 1161 ecclesiae
1459 1133 1576 1173 quae
1600 1118 1703 1159 filiis

214 1183 396 1224 Israelis
421 1184 640 1224 mandata
666 1190 787 1231 sunt,
810 1184 875 1223 ita
900 1183 1054 1223 omnia
1078 1182 1258 1232 cultus;
1289 1196 1406 1236 quae
1427 1183 1463 1222 si
1485 1195 1577 1222 non
1598 1195 1703 1231 cus<

212 1245 417 1295 todituri,
439 1246 560 1299 quod
587 1246 712 1286 nulla
733 1245 930 1286 ecclesia
953 1245 1073 1298 apud
1098 1245 1204 1286 illos
1225 1245 1374 1286 futura
1399 1251 1538 1293 esset,
1561 1244 1703 1298 signi-

211 1307 372 1349 ficatur
396 1322 476 1362 per
502 1308 588 1349 “Si
612 1309 887 1349 recesserint
913 1314 1093 1349 statuta
1117 1322 1143 1348 a
1168 1319 1323 1348 coram
1350 1307 1441 1355 Me,
1468 1314 1516 1348 et
1541 1321 1701 1348 semen

213 1369 397 1411 Israelis
426 1371 688 1418 cessabunt,
721 1377 770 1411 ut
806 1383 896 1410 non
927 1371 1017 1411 sint
1047 1383 1164 1423 gens
1194 1383 1350 1411 coram
1381 1369 1458 1410 Me
1488 1370 1702 1410 omnibus

212 1432 372 1473 diebus
389 1433 424 1483 ;’'
453 1447 534 1486 per
559 1433 852 1473 “Israelem”
872 1432 1155 1486 significatur
1179 1433 1390 1481 ecclesia,
1413 1439 1461 1473 et
1486 1446 1566 1486 per
1590 1436 1701 1472 “se-

213 1508 319 1536 men
357 1495 451 1548 ejus
463 1495 483 1511 ”
512 1509 668 1536 verum
708 1496 958 1536 ecclesiae:
1000 1501 1047 1536 et
1086 1496 1274 1536 tametsi
1313 1509 1482 1536 novum
1521 1495 1700 1535 caelum

213 1563 262 1599 et
297 1571 418 1598 nova
454 1558 650 1599 ecclesia
688 1558 918 1598 exstitura
954 1559 1062 1606 sint,
1101 1558 1224 1612 quod
1259 1572 1401 1612 usque
1437 1557 1549 1598 nihil
1586 1557 1701 1598 caeli

213 1625 261 1661 et
295 1620 516 1661 ecclesiae
544 1619 743 1661 futurum
777 1621 836 1660 sit
871 1621 991 1673 apud
1026 1620 1152 1661 illam
1184 1627 1390 1673 gentem,
1422 1620 1702 1673 significatur

212 1695 294 1736 per
316 1681 402 1723 “Si
426 1683 809 1723 mensurabuntur
830 1683 946 1723 caeli
976 1696 1168 1732 sursum,
1191 1689 1240 1723 et
1263 1683 1702 1736 pervestigabuntur

211 1743 511 1785 fundamenta
534 1745 761 1793 deorsum,
790 1745 894 1798 Ego
924 1746 1063 1786 etiam
1094 1746 1352 1798 reprobabo
1381 1758 1518 1786 omne
1542 1759 1701 1786 semen

213 1806 397 1848 Israelis
421 1813 609 1860 propter
633 1820 770 1847 omne
795 1807 918 1860 quod
942 1807 1188 1848 fecerunt.'’

295 1868 377 1923 [c.]
430 1869 566 1922 Quod
602 1883 683 1922 per
720 1869 942 1910 “metiri'’
976 1876 1023 1910 et
1056 1870 1390 1910 “mensurare’'
1420 1869 1701 1923 significetur

213 1932 455 1985 designare
480 1938 527 1972 et
558 1932 865 1973 determinare
891 1932 1025 1986 quale
1055 1935 1132 1981 rei,
1160 1939 1257 1973 tum
1288 1934 1428 1973 etiam
1453 1933 1699 1987 explorare

212 1995 340 2043 illud,
365 2001 437 2036 est
462 1996 566 2049 quia
596 2009 676 2048 per
703 2000 729 2016 ‘⁴
745 1995 1037 2036 mensuram”
1062 1996 1345 2049 significatur
1368 1997 1503 2050 quale
1532 1997 1596 2037 rei
1620 2010 1700 2037 seu

212 2057 424 2112 qualitas.
482 2057 618 2110 Quod
640 2072 721 2111 per
744 2063 1043 2098 “mensuram
1056 2058 1076 2073 ’‘
1098 2059 1142 2099 id
1164 2058 1461 2112 significetur,
1484 2066 1699 2100 constare

175 2155 181 2159 .
212 2125 370 2174 potest
394 2134 455 2161 ex
479 2121 776 2174 sequentibus
802 2120 915 2161 locis
932 2121 1054 2161 :—In
1078 2121 1369 2174 Apocalypsi,

285 2214 486 2255 Angelus“
497 2225 644 2246 mensus
661 2221 716 2246 est
733 2225 872 2246 murum
893 2215 1079 2247 civitatis”
1097 2226 1213 2248 novae
1232 2215 1547 2257 Hierosolymae“
1555 2224 1699 2251 centum

386 2258 627 2298 quadraginta
650 2265 802 2299 quatuor
820 2259 1033 2296 cubitorum,
1054 2269 1146 2325 quae
1169 2266 1225 2291 est
1248 2269 1419 2292 mensura
1441 2260 1611 2298 hominis,
1630 2261 1700 2292 hoc

385 2306 451 2339 est,
468 2302 618 2342 ange1i”
634 2301 719 2341 (xxi.
741 2303 812 2342 17):

213 2379 334 2441 quo‘d
358 2387 431 2429 hic
456 2392 571 2441 per‘
579 2393 863 2429 mensuram
876 2388 896 2402 ‘’
922 2388 1202 2441 significetur
1226 2390 1359 2443 quale
1389 2390 1453 2430 rei
1483 2404 1599 2443 quae
1629 2390 1698 2430 in·

212 2449 437 2502 telligitur
461 2464 541 2504 per
567 2455 781 2491 “murum
808 2452 1006 2491 civitatis
1038 2446 1432 2505 Hierosolymae‚”
1458 2452 1699 2493 manifeste

213 2518 344 2566 patet
362 2526 372 2562 ;
403 2526 508 2553 nam
529 2513 636 2566 quid
658 2513 827 2567 alioqui
849 2513 1188 2566 intelligeretur
1205 2528 1284 2567 per
1301 2515 1423 2568 quod
1444 2519 1469 2535 ‘⁴
1486 2528 1699 2555 mensura

214 2575 326 2615 muri
350 2581 536 2615 centum
566 2575 874 2628 quadraginta
904 2582 1099 2628 quatuor
1128 2577 1386 2617 cubitorum
1411 2584 1536 2617 esset
1567 2590 1697 2619 men—

213 2650 317 2679 sura
340 2637 550 2686 hominis,
576 2638 663 2678 hoc
690 2645 776 2687 est,
803 2638 1011 2691 angeli‘'?
1069 2638 1209 2692 Apud
1232 2639 1529 2688 Matthaeum,

279 2732 362 2764 “Ne
377 2732 532 2774 judicate
545 2740 584 2765 ut
597 2743 670 2765 non
682 2732 1008 2766 fflcondemnemini
1021 2744 1029 2771 ς
1054 2745 1138 2766 nam
1152 2745 1223 2776 quo
1235 2735 1370 2776 judicio
1383 2736 1550 2776 judicatis
1564 2736 1699 2776 judica-

386 2777 525 2816 bimini,
539 2783 575 2809 et
587 2788 656 2819 qua
670 2788 841 2810 mensura
855 2778 1071 2810 mensuratis
1087 2779 1353 2810 mensurabitur
1363 2780 1468 2811 vobis
1479 2779 1497 2790 ''
1510 2779 1581 2819 (vii.
1599 2788 1626 2817 1,
1641 2780 1673 2818 2)
1687 2789 1696 2816 ;

214 2851 334 2904 apud
352 2851 530 2900 Lucam,

281 2921 394 2955 “Non
410 2922 568 2964 judicate
585 2930 623 2956 ut
640 2934 713 2956 non
730 2924 951 2965 judicemini,
970 2934 1043 2956 non
1067 2925 1308 2957 condemnate
1325 2932 1363 2957 ut
1388 2935 1461 2956 non
1479 2925 1698 2957 condemne-
