1962 3334
272 315 378 359 1372
681 313 1015 347 APOCALYPSIS
1046 315 1347 349 EXPLICATA.

266 428 404 470 afficit
429 426 711 470 intellectum
738 429 829 469 veri
861 434 907 469 et
940 428 1276 481 perceptionem
1303 428 1435 479 boni;
1472 441 1574 469 nam
1607 442 1759 470 sensu·

266 493 347 533 alis
385 493 522 533 homo
558 505 648 532 non
681 492 1008 545 cogitationem
1040 504 1163 532 suam
1203 505 1335 544 supra
1371 505 1550 532 sensum
1582 492 1759 534 litterae

266 555 407 596 Verbi
443 561 596 607 potest
633 553 837 604 elevare;
881 555 916 594 si
954 560 1142 595 conatur
1179 554 1369 603 elevare,
1408 554 1480 595 vel
1517 554 1679 596 labitur
1715 556 1759 596 in

265 619 439 667 salsum,
479 617 551 658 vel
589 618 704 670 perit
742 618 781 658 ei
822 616 932 658 fides
969 617 1224 670 persuasiva
1259 618 1315 658 de
1353 617 1520 658 Verbo.
1581 617 1657 658 Ex
1692 617 1760 659 his

265 695 382 722 nunc
423 682 523 722 sciri
563 686 717 733 potest
757 680 862 733 quid
902 679 1170 733 intelligitur
1211 693 1288 732 per
1331 680 1409 720 illa
1449 680 1599 728 verba,
1641 681 1760 734 quod

265 744 467 784 locustae
496 746 624 784 “non
656 742 889 783 laederent
921 755 1108 795 gramen
1141 749 1301 791 terrae,
1326 756 1407 784 nec
1441 742 1578 783 ullum
1604 743 1758 791 viride,

265 806 579 860 neque‘ullam
616 806 836 853 arborem,
869 805 952 845 nisi
988 805 1193 846 homines
1231 806 1352 846 solos
1388 806 1638 859 quicunque
1669 818 1759 846 non

264 869 484 910 haberent
509 868 706 922 sigillum
733 867 817 908 Dei
844 868 887 908 in
913 868 1134 908 frontibus
1160 868 1287 909 suis.''

344 950 473 994 547.
505 950 611 988 [Vers.
628 950 676 987 5·]
707 938 785 978 “Et
811 937 983 979 [¹¹datum
1010 939 1105 986 illis,
1131 943 1176 979 ut
1201 952 1279 980 non
1307 940 1548 981 occidet-ent
1571 940 1759 981 illos.''—-

265 1001 399 1055 Quod
422 1001 644 1054 significet
666 1001 785 1053 quod
797 1014 879 1041 non
897 1000 1240 1052 deprz'varentnr
1243 1001 1466 1052 facultate
1485 1001 1765 1054 z'ntellzgendz'

263 1079 415 1106 verum
436 1071 477 1105 et
496 1064 774 1117 percipiendi
796 1063 966 1110 bonum,
989 1070 1171 1104 constat
1198 1078 1256 1104 ex
1284 1063 1612 1117 significatione
1639 1064 1758 1106 “ho-

264 1125 476 1174 minum,”
498 1126 620 1178 quod
645 1125 736 1165 sint
760 1124 1025 1165 intelle&us
1046 1125 1139 1165 veri
1165 1131 1210 1165 et
1237 1126 1474 1178 perceptio
1496 1125 1604 1166 boni
1626 1135 1681 1174 (de
1696 1145 1760 1173 qua

263 1205 339 1225 mox
354 1205 459 1233 supra,
475 1205 506 1225 n.
527 1184 650 1236 546);
682 1190 728 1224 et
751 1198 810 1224 ex
837 1183 1171 1237 significatione
1197 1185 1444 1225 “occidere
1469 1183 1614 1233 illos,''
1635 1186 1757 1238 quod

263 1246 321 1286 sit
347 1245 537 1298 perdere
559 1244 709 1297 quoad
731 1244 873 1284 vitam
900 1243 1182 1296 spiritualem
1210 1254 1264 1292 (de
1279 1263 1342 1292 qua
1357 1264 1462 1292 supra,
1478 1264 1509 1285 n.
1527 1253 1624 1297 315)
1646 1259 1654 1294 ;
1686 1244 1757 1285 hic

263 1314 414 1347 autem
437 1306 669 1358 deprivare
691 1304 906 1345 facultate
931 1304 1215 1357 intelligendi
1239 1319 1391 1346 verum
1416 1312 1462 1346 et
1486 1306 1758 1358 percipiendi

262 1370 444 1410 bonum.
507 1367 641 1420 Quod
663 1367 747 1408 hoc
766 1366 1042 1420 significetur
1063 1367 1132 1408 hic
1157 1381 1235 1420 per
1254 1368 1496 1409 “occidere
1515 1368 1759 1415 homines,'’

263 1440 332 1473 est
365 1433 466 1485 quia
497 1431 796 1484 unusquisque
828 1431 966 1471 homo
998 1431 1194 1471 nascitur
1225 1431 1267 1471 in
1294 1431 1557 1472 facultatem
1589 1431 1756 1472 intelli-

262 1495 399 1548 gendi
430 1507 583 1535 verum
615 1500 661 1534 et
693 1493 967 1546 percipiendi
998 1494 1179 1541 bonum,
1208 1500 1277 1534 est
1310 1494 1428 1535 enim
1460 1494 1536 1534 illa
1566 1493 1756 1535 facultas

262 1559 405 1609 ipsum
433 1555 674 1609 spirituale,
703 1569 781 1608 per
803 1556 922 1609 quod
954 1556 1100 1596 omnis
1126 1556 1263 1597 homo
1289 1556 1578 1610 distinguitur
1602 1571 1628 1598 a
1653 1557 1755 1598 bes-

262 1621 347 1660 tiis.
410 1620 541 1660 Hanc
562 1618 824 1659 facultatem
848 1619 984 1659 homo
1007 1632 1222 1672 nusquam
1242 1619 1386 1671 perdit
1408 1634 1416 1670 ;
1449 1632 1552 1660 nam
1576 1620 1610 1660 si
1631 1620 1756 1661 illam

262 1683 422 1736 perdit,
447 1696 536 1723 non
559 1681 749 1734 amplius
771 1688 841 1722 est
864 1681 1001 1722 homo
1023 1682 1102 1722 sed
1125 1682 1282 1723 bestia.
1344 1679 1552 1735 Apparet
1574 1683 1755 1736 quidem

262 1747 375 1787 sicut
402 1745 619 1786 sensualis
645 1745 781 1785 homo
811 1745 883 1798 qui
915 1745 958 1784 in
990 1744 1111 1785 falsis
1138 1745 1243 1786 mali
1275 1752 1344 1786 est
1370 1746 1628 1799 perdiderit,
1655 1748 1756 1800 quia

263 1822 352 1849 non
379 1808 594 1861 intelligit
620 1821 775 1848 verum
802 1814 847 1848 et
874 1808 1061 1860 percipit
1087 1808 1255 1848 bonum
1283 1808 1388 1848 dum
1415 1808 1526 1862 legit
1553 1809 1754 1850 Verbum

261 1870 339 1912 a'ut
375 1872 500 1912 audit
537 1871 580 1911 id
617 1871 674 1911 ab
711 1871 835 1920 aliis;
879 1870 959 1911 sed
1002 1884 1139 1924 usque
1183 1884 1272 1911 non
1314 1872 1571 1924 perdiderat
1610 1873 1754 1925 ipsam

260 1934 526 1975 facultatem
546 1933 834 1986 intelligendi
852 1939 898 1973 et
918 1934 1205 1986 percipiendi,
1222 1934 1301 1974 sed
1321 1935 1457 1975 modo
1475 1933 1755 1976 intellectum

259 1998 426 2048 verget
453 1997 791 2050 perceptionem
825 1996 945 2043 boni,
974 1996 1184 2049 quamdiu
1210 2003 1280 2037 est
1311 1998 1355 2037 in
1381 1997 1502 2037 falsis
1527 1998 1571 2037 in
1598 1998 1755 2051 quibus

264 2074 311 2100 se
343 2074 402 2100 ex
434 2059 555 2100 malo
587 2058 959 2108 confirmaverat;
997 2059 1170 2099 tamdiu
1202 2060 1320 2100 enim
1346 2066 1577 2101 aversatur
1602 2060 1753 2100 audire

261 2135 429 2171 verum,
469 2121 589 2175 quod
627 2127 815 2174 apparet
853 2121 970 2161 sicut
1006 2134 1096 2161 non
1132 2128 1287 2174 posset
1320 2122 1601 2175 intelligere;
1644 2129 1690 2163 at
1717 2123 1754 2163 si

260 2191 567 2225 removeretur
592 2184 820 2237 persuasio
851 2183 950 2224 falsi
980 2197 1093 2237 quae
1126 2184 1294 2232 obstat,
1322 2191 1428 2225 tunc
1461 2184 1674 2238 intelligit
1706 2192 1752 2226 et

260 2248 446 2300 percipit
474 2247 593 2300 quod
618 2259 772 2287 verum
799 2247 856 2287 sit
883 2259 1052 2294 verum,
1075 2253 1122 2287 et
1148 2247 1267 2300 quod
1294 2247 1460 2287 bonum
1487 2248 1543 2288 sit
1569 2248 1750 2297 bonum,

262 2311 324 2350 sic
353 2316 402 2350 ut
433 2310 571 2350 homo
603 2309 835 2350 rationalis
861 2309 1115 2363 spiritualis.
1177 2308 1311 2362 Quod
1344 2311 1407 2350 ita
1431 2311 1504 2359 sit,
1523 2322 1583 2349 ex
1610 2310 1753 2352 multa

260 2373 543 2425 experientia
568 2371 674 2421 mihi
705 2373 862 2412 datum
889 2379 958 2412 est
990 2372 1129 2413 scire:
1167 2372 1342 2413 fuerunt
1368 2373 1487 2413 enim
1519 2373 1666 2426 plures
1692 2387 1751 2414 ex

259 2435 461 2475 infernali
488 2436 632 2484 turba,
660 2436 733 2488 qui
765 2449 811 2476 se
843 2434 1222 2476 confirmaverunt
1248 2436 1291 2475 in
1316 2435 1437 2475 falsis
1463 2442 1622 2477 contra
1645 2450 1752 2476 vera

259 2505 306 2538 et
331 2499 375 2538 in
401 2498 529 2538 malis
555 2504 714 2539 contra
744 2498 877 2546 bona,
906 2498 979 2551 qui
1009 2498 1112 2538 inde
1145 2498 1260 2538 tales
1291 2497 1395 2539 facti
1426 2505 1531 2540 sunt
1563 2505 1611 2540 ut
1643 2499 1750 2539 nihil

258 2562 350 2601 veri
381 2562 531 2602 audire
562 2562 708 2601 minus
739 2560 994 2613 intelligere
1025 2560 1226 2610 vellent;
1268 2561 1324 2601 de
1355 2562 1512 2614 quibus
1543 2562 1645 2602 ideo
1676 2561 1750 2602 alii

259 2630 498 2675 captarunt
525 2624 781 2676 opinionem
807 2623 926 2676 quod
951 2636 1105 2663 verum
1134 2637 1223 2663 non
1257 2630 1442 2675 possent
1468 2623 1748 2676 intelligere;

259 2686 338 2726 sed
368 2686 516 2734 iidem,
550 2699 650 2727 cum
683 2687 910 2738 persuasio
945 2685 1043 2726 falsi
1078 2686 1165 2726 illis
1201 2692 1376 2726 remota
1413 2692 1496 2734 est,
1529 2692 1748 2726 venerunt

258 2749 302 2788 in
325 2749 577 2801 potentiam
599 2755 646 2789 et
668 2748 930 2789 facultatem
953 2747 1234 2801 intelligendi
1257 2762 1410 2789 verum
1433 2762 1611 2801 prorsus
1633 2749 1748 2789 sicut

258 2811 321 2851 illi
347 2811 419 2864 qui
445 2812 489 2851 in
515 2810 750 2852 intellectu
771 2812 862 2852 veri
889 2817 934 2852 et
961 2811 1003 2851 in
1027 2812 1317 2864 perceptione
1341 2812 1444 2852 boni
1465 2812 1665 2852 fuerunt:
1699 2818 1747 2852 at

258 2873 378 2914 illico
409 2886 509 2914 cum
546 2873 708 2926 relapsi
744 2880 848 2914 sunt
885 2874 928 2914 in
965 2875 1198 2926 pristinum
1231 2880 1413 2921 statum,
1446 2880 1746 2926 apparuerunt

259 2937 419 2977 iterum
452 2937 566 2977 sicut
598 2949 687 2977 non
720 2942 904 2988 possent
937 2935 1188 2989 intelligere
1214 2949 1393 2987 verum3
1431 2937 1567 2977 immo
1598 2935 1744 2989 indig-
