1962 3334
668 279 774 312 cAP.
797 279 879 319 XL,
902 278 1038 310 VERs.
1061 277 1205 310 2.—-N.
1227 268 1324 321 632.
1635 264 1744 317 1629

253 392 464 442 Domino,
490 405 596 433 nam
626 391 709 445 ipsi
734 391 981 432 demittunt
1011 390 1111 432 illas
1142 390 1187 431 in
1213 394 1468 438 terram,·et
1497 388 1559 430 ibi
1583 387 1742 441 pulve-

252 468 347 496 rem
364 455 570 495 lambunt
588 468 598 505 ;
624 454 740 495 tales
757 460 862 494 sunt
879 467 1038 494 omnes
1054 454 1128 507 qui
1150 453 1363 493 Divinum
1383 456 1568 504 n'egant.
1619 450 1745 490 Mala

254 518 388 566 enim,
420 531 534 571 quae
565 517 734 558 homini
764 530 825 557 ex
861 516 1100 557 nativitate
1137 521 1255 564 sunt,
1289 515 1440 555 omnia
1469 513 1667 554 resident
1698 513 1743 553 in

255 580 445 621 naturali
477 585 524 621 et
555 578 750 620 sensuali
780 591 999 631 corporeo
1029 577 1149 630 ejus;
1186 583 1461 631 quapropter
1491 576 1574 616 nisi
1605 575 1745 616 homo

255 655 302 682 se
334 642 503 694 patitur
532 642 590 682 ab
618 641 706 682 illis
736 641 902 682 elevari
932 654 959 681 a
989 640 1203 688 Domino,
1236 640 1356 693 quod
1387 638 1438 680 fit
1470 650 1549 691 per
1580 637 1746 678 Divina

255 705 415 752 media,
439 718 551 758 quae
573 710 677 744 sunt
698 717 804 744 vera
826 710 874 744 et
895 704 1015 744 bona
1036 702 1138 743 fidei
1164 708 1210 743 et
1232 702 1410 749 amoris,
1434 715 1513 742 seu
1536 714 1615 753 per
1636 714 1746 741 vera

256 772 303 808 et
333 766 453 807 bona
478 764 710 807 doctrinae
736 772 783 806 et
807 767 943 814 vitae,
970 771 1126 806 manet
1157 764 1232 805 ille
1264 765 1308 804 in
1340 764 1430 804 suis
1461 763 1604 811 malis,
1631 776 1745 816 quae

255 829 448 870 naturali
473 835 520 870 et
542 828 736 870 sensuali
757 841 976 881 corporeo
1001 828 1135 868 insita
1160 828 1281 874 sunt,
1303 833 1350 867 et
1372 833 1480 867 tunc
1505 825 1746 866 conculcat

256 890 473 932 caelestia
504 897 551 932 et
582 890 829 944 spiritualia
859 904 973 944 quae
1004 896 1110 930 sunt
1146 889 1260 930 caeli
1290 895 1337 929 et
1369 888 1603 929 ecclesiae.
1664 887 1747 927 Per

257 953 475 994 “calcare
511 967 645 1006 super
679 953 874 1002 leonem,
906 952 1125 1006 aspidem,
1157 958 1394 1004 serpentes
1428 958 1475 991 et
1507 949 1747 1002 scorpios,'’

255 1015 524 1068 intelligitur
554 1029 646 1056 non
678 1015 816 1056 modo
851 1015 1083 1056 destruere
1115 1014 1236 1055 mala
1271 1020 1319 1054 et
1355 1013 1481 1061 falsa,
1517 1026 1631 1066 quae
1668 1026 1749 1065 per

256 1077 357 1118 illos
387 1077 710 1131 significantur,
737 1073 817 1118 sed
848 1078 986 1118 etiam
1018 1090 1108 1118 non
1141 1077 1292 1117 noceri
1323 1076 1381 1116 ab
1410 1075 1523 1116 illis:
1559 1075 1645 1116 hoc
1676 1076 1746 1115 in-

257 1139 477 1193 telligitur
501 1140 620 1193 apud
643 1140 878 1188 Davidem,

327 1229 470 1270 “Super
481 1229 673 1313 leonenglget
687 1229 847 1313 aspidem
861 1229 1023 1267 calcabis,
1036 1229 1261 1260 conculcabis
1278 1229 1419 1260 leonem
1432 1227 1602 1269 juvenem
1619 1233 1655 1258 et
1671 1227 1750 1258 dra-

432 1283 559 1304 eonem
570 1273 588 1284 ”
651 1283 679 1304 s.
696 1273 761 1304 xci.
781 1281 820 1312 13
848 1283 856 1310 ;

257 1355 305 1391 et
329 1349 448 1402 apud
472 1349 650 1397 Lucam,

324 1423 344 1436 “
355 1421 444 1454 Ecce
456 1422 503 1453 do
516 1422 618 1454 vobis
632 1428 846 1462 potestatem
860 1422 1019 1454 calcandi
1037 1432 1144 1463 super
1153 1428 1339 1463 serpentes
1355 1428 1391 1454 et
1407 1422 1579 1462 scorpios.
1592 1429 1628 1453 et
1644 1430 1752 1462 super

432 1475 577 1497 omnem
598 1472 812 1506 potestatem
832 1466 979 1504 inimici,
997 1472 1036 1497 ut
1061 1466 1150 1497 nihil
1174 1472 1295 1497 tamen
1320 1466 1507 1507 quicquam
1528 1465 1684 1496 noceat''
1704 1465 1751 1503 (x.

434 1510 488 1550 19)
501 1521 509 1542 z

259 1596 380 1650 quod
405 1597 470 1637 ita
494 1596 668 1637 dicatur
693 1597 738 1637 in
759 1596 928 1645 Verbo,
956 1603 1027 1637 est
1053 1597 1155 1650 quia
1179 1596 1242 1636 illi
1267 1597 1340 1650 qui
1365 1597 1410 1636 in
1436 1596 1618 1637 infernis
1643 1603 1748 1637 sunt

258 1663 480 1709 apparent
515 1670 667 1698 coram
700 1657 840 1698 oculis
878 1658 1112 1710 spirituum
1149 1658 1369 1698 bonorum
1406 1663 1454 1698 et
1484 1657 1750 1710 angelorum

262 1720 531 1773 quandoque
567 1721 611 1760 in
650 1720 803 1760 formis
839 1721 1060 1760 variarum
1100 1720 1346 1760 bestiarum
1386 1727 1433 1761 et
1472 1727 1750 1773 serpentum,

262 1783 509 1823 secundum
535 1784 708 1835 species
735 1782 841 1822 mali
868 1789 915 1823 et
940 1783 1044 1823 inde
1070 1782 1168 1823 salsi
1200 1783 1244 1822 in
1271 1783 1430 1836 quibus
1455 1789 1586 1823 sunt:
1628 1784 1751 1836 ipsae

260 1858 415 1886 eorum
441 1846 744 1898 cogitationes
775 1845 1077 1898 procedentes
1108 1859 1168 1886 ex
1200 1846 1454 1886 intentione
1485 1859 1639 1886 eorum
1670 1860 1752 1887 vo-

261 1907 449 1948 luntatis
475 1909 640 1949 sistunt
672 1907 772 1948 illas
802 1908 1105 1960 apparentias.
1166 1907 1500 1949 Exhalationes
1531 1922 1591 1948 ex
1623 1908 1754 1949 malis

261 1978 309 2012 et
339 1970 460 2011 falsis
492 1984 646 2011 eorum
678 1971 890 2011 continue
922 1971 1156 2022 exspirant
1188 1984 1267 2023 per
1303 1977 1446 2011 terras
1476 1985 1589 2024 quae
1620 1985 1755 2024 supra

261 2033 434 2074 inferna
464 2033 541 2073 illa
572 2039 692 2082 sunt,
717 2047 796 2073 seu
827 2047 886 2073 ex
917 2033 1075 2086 quibus
1100 2033 1270 2074 inferna
1300 2032 1423 2074 tecta
1447 2041 1579 2084 sunt;
1617 2048 1753 2088 quare

262 2109 395 2149 super
424 2095 511 2136 illis
548 2095 658 2136 locis
689 2095 919 2136 ambulare
951 2095 1250 2148 periculosum
1282 2103 1353 2137 est
1387 2096 1475 2137 illis
1511 2098 1584 2150 qui
1617 2098 1754 2138 modo

264 2158 492 2200 naturales
517 2165 636 2205 sunt,
664 2165 710 2199 et
743 2159 888 2210 magis
919 2159 992 2211 qui
1024 2158 1255 2199 sensuales
1281 2159 1511 2212 corporei;
1548 2161 1755 2213 exsurgit

263 2221 383 2262 enim
405 2221 638 2262 exhalatio
660 2221 779 2269 inde,
804 2228 850 2261 et
873 2221 1088 2273 contagio
1111 2219 1296 2262 infectat
1319 2222 1752 2276 superambulantes„

264 2283 332 2325 At
357 2283 421 2324 illi
446 2298 558 2337 quos
585 2283 806 2324 Dominus
833 2284 959 2324 ducit.
982 2284 1069 2324 tuti
1095 2291 1285 2336 possunt
1311 2284 1486 2325 calcare
1512 2285 1634 2325 illam
1662 2292 1754 2326 ter-

265 2359 360 2387 ram
383 2347 551 2400 absque
573 2344 813 2386 infectione
835 2353 881 2386 et
907 2346 1218 2397 infestatione;
1250 2360 1386 2387 causa
1406 2354 1491 2396 est,
1514 2349 1616 2401 quia
1638 2349 1754 2389 inte—

265 2409 381 2450 riora
416 2423 529 2462 quae
566 2410 731 2449 mentis
769 2421 923 2449 eorum
960 2415 1079 2458 sunt,
1117 2422 1195 2450 seu
1230 2423 1343 2463 quae
1380 2411 1671 2463 cogitationis
1708 2418 1755 2451 et

265 2469 526 2519 affectionis,
554 2485 580 2511 a
606 2471 803 2511 Domino
830 2470 1065 2511 elevantur
1095 2485 1228 2524 supra
1258 2473 1464 2513 sensuale
1490 2486 1756 2525 corporeum

265 2545 434 2580 eorum,
461 2532 581 2586 quod
613 2533 938 2584 correspondet
971 2531 1138 2584 plantis
1164 2534 1328 2586 pedum
1354 2547 1520 2574 eorum.
1581 2534 1657 2574 Ex
1687 2535 1756 2575 his

266 2601 477 2635 constare
500 2601 653 2647 potest
675 2595 780 2648 quid
803 2595 847 2634 in
870 2608 1003 2635 sensu
1026 2596 1205 2648 proprio
1227 2596 1495 2649 intelligitur
1520 2610 1598 2650 per
1622 2601 1646 2616 “
1662 2597 1754 2637 cal-

268 2670 370 2698 care
392 2671 524 2710 super
546 2656 739 2705 leonem,
763 2658 979 2710 aspidem,
1003 2665 1238 2710 serpentes
1264 2666 1309 2699 et
1334 2660 1549 2712 scorpios,
1573 2666 1621 2700 ut
1648 2659 1756 2700 nihil

267 2725 421 2760 tamen
448 2721 684 2774 quicquam
711 2726 873 2760 noceat
894 2720 928 2770 ;”
954 2726 1000 2760 et
1026 2734 1203 2774 quoque
1226 2728 1435 2763 constare
1461 2729 1614 2775 potest
1638 2722 1756 2763 unde

269 2788 340 2823 est
362 2783 482 2836 quod
506 2783 570 2823 ita
595 2783 639 2823 in
662 2782 818 2823 Verbo
840 2783 1027 2823 dicatur.
1088 2782 1207 2836 Quid
1229 2791 1381 2825 autem
1404 2798 1483 2837 per
1507 2785 1757 2827 “leonem'‘

269 2857 436 2898 perque
469 2849 741 2898 “serpentes
778 2852 824 2886 et
862 2845 1092 2898 scorpios‘’
1123 2845 1414 2899 significatur,
1447 2847 1550 2888 alibi
1586 2845 1756 2888 dietum

270 2913 316 2948 et
341 2913 572 2948 ostensum
597 2914 680 2949 est.
