<?xml version="1.0" encoding="UTF-8"?>
<!DOCTYPE html PUBLIC "-//W3C//DTD XHTML 1.0 Transitional//EN"
    "http://www.w3.org/TR/xhtml1/DTD/xhtml1-transitional.dtd">
<html xmlns="http://www.w3.org/1999/xhtml" xml:lang="en" lang="en">
 <head>
  <title>
</title>
<meta http-equiv="Content-Type" content="text/html;charset=utf-8" />
  <meta name='ocr-system' content='tesseract 3.04.00' />
  <meta name='ocr-capabilities' content='ocr_page ocr_carea ocr_par ocr_line ocrx_word'/>
</head>
<body>
  <div class='ocr_page' id='page_1' title='image "apocalypsisexpli03sweduoft_0307.png"; bbox 0 0 1962 3334; ppageno 0'>
   <div class='ocr_carea' id='block_1_1' title="bbox 0 0 170 3334">
    <p class='ocr_par' dir='ltr' id='par_1_1' title="bbox 0 0 170 3334">
     <span class='ocr_line' id='line_1_1' title="bbox 0 0 170 3334; baseline 0 0"><span class='ocrx_word' id='word_1_1' title='bbox 0 0 170 3334; x_wconf 95' lang='lat' dir='ltr'><strong> </strong></span> 
     </span>
    </p>
   </div>
   <div class='ocr_carea' id='block_1_2' title="bbox 596 216 1696 285">
    <p class='ocr_par' dir='ltr' id='par_1_2' title="bbox 596 216 1696 285">
     <span class='ocr_line' id='line_1_2' title="bbox 596 216 1696 285; baseline -0.001 -14"><span class='ocrx_word' id='word_1_2' title='bbox 596 239 700 272; x_wconf 86' lang='lat' dir='ltr'>CAP.</span> <span class='ocrx_word' id='word_1_3' title='bbox 724 238 807 279; x_wconf 85' lang='lat' dir='ltr'><strong>XL,</strong></span> <span class='ocrx_word' id='word_1_4' title='bbox 830 238 968 271; x_wconf 80' lang='lat' dir='ltr'><strong>VERs.</strong></span> <span class='ocrx_word' id='word_1_5' title='bbox 990 238 1139 285; x_wconf 79' lang='lat' dir='ltr'><strong>2.—N.</strong></span> <span class='ocrx_word' id='word_1_6' title='bbox 1161 216 1330 283; x_wconf 53' lang='lat' dir='ltr'><strong>63o[c].&#39;</strong></span> <span class='ocrx_word' id='word_1_7' title='bbox 1595 230 1696 270; x_wconf 90' lang='lat'>1621</span> 
     </span>
    </p>
   </div>
   <div class='ocr_carea' id='block_1_3' title="bbox 210 350 1702 1223">
    <p class='ocr_par' dir='ltr' id='par_1_3' title="bbox 210 350 1702 1223">
     <span class='ocr_line' id='line_1_3' title="bbox 217 350 1702 408; baseline -0.001 -14"><span class='ocrx_word' id='word_1_8' title='bbox 217 351 353 402; x_wconf 87' lang='lat' dir='ltr'><strong>tum,&#39;&#39;</strong></span> <span class='ocrx_word' id='word_1_9' title='bbox 373 366 452 394; x_wconf 90' lang='lat' dir='ltr'><strong>seu</strong></span> <span class='ocrx_word' id='word_1_10' title='bbox 474 365 553 405; x_wconf 89' lang='lat' dir='ltr'><strong>per</strong></span> <span class='ocrx_word' id='word_1_11' title='bbox 579 355 750 406; x_wconf 88' lang='lat' dir='ltr'><strong>“quem</strong></span> <span class='ocrx_word' id='word_1_12' title='bbox 772 351 940 404; x_wconf 85' lang='lat' dir='ltr'><strong>eligis.”</strong></span> <span class='ocrx_word' id='word_1_13' title='bbox 960 350 1270 408; x_wconf 79' lang='lat' dir='ltr'><strong>significantur</strong></span> <span class='ocrx_word' id='word_1_14' title='bbox 1290 351 1354 392; x_wconf 93' lang='lat' dir='ltr'><strong>illi</strong></span> <span class='ocrx_word' id='word_1_15' title='bbox 1378 351 1452 405; x_wconf 92' lang='lat' dir='ltr'><strong>qui</strong></span> <span class='ocrx_word' id='word_1_16' title='bbox 1475 351 1521 391; x_wconf 87' lang='lat' dir='ltr'><strong>in</strong></span> <span class='ocrx_word' id='word_1_17' title='bbox 1547 364 1702 406; x_wconf 85' lang='lat' dir='ltr'><strong>amore</strong></span> 
     </span>
     <span class='ocr_line' id='line_1_4' title="bbox 216 414 1702 469; baseline -0.001 -13"><span class='ocrx_word' id='word_1_18' title='bbox 216 428 325 469; x_wconf 87' lang='lat' dir='ltr'><strong>erga</strong></span> <span class='ocrx_word' id='word_1_19' title='bbox 349 416 604 468; x_wconf 89' lang='lat' dir='ltr'><strong>proximum</strong></span> <span class='ocrx_word' id='word_1_20' title='bbox 626 428 704 455; x_wconf 91' lang='lat' dir='ltr'><strong>seu</strong></span> <span class='ocrx_word' id='word_1_21' title='bbox 730 415 773 455; x_wconf 91' lang='lat' dir='ltr'><strong>in</strong></span> <span class='ocrx_word' id='word_1_22' title='bbox 797 415 1019 455; x_wconf 87' lang='lat' dir='ltr'><strong>charitate</strong></span> <span class='ocrx_word' id='word_1_23' title='bbox 1041 421 1171 455; x_wconf 89' lang='lat' dir='ltr'><strong>sunt:</strong></span> <span class='ocrx_word' id='word_1_24' title='bbox 1204 427 1284 467; x_wconf 91' lang='lat' dir='ltr'><strong>per</strong></span> <span class='ocrx_word' id='word_1_25' title='bbox 1307 414 1702 467; x_wconf 87' lang='lat' dir='ltr'><strong>“appropinquare</strong></span> 
     </span>
     <span class='ocr_line' id='line_1_5' title="bbox 214 475 1701 531; baseline -0.001 -13"><span class='ocrx_word' id='word_1_26' title='bbox 214 476 354 520; x_wconf 88' lang='lat' dir='ltr'><strong>sacis‘’</strong></span> <span class='ocrx_word' id='word_1_27' title='bbox 374 477 652 531; x_wconf 84' lang='lat' dir='ltr'><strong>significatur</strong></span> <span class='ocrx_word' id='word_1_28' title='bbox 675 475 854 518; x_wconf 72' lang='lat' dir='ltr'><strong>affefflo</strong></span> <span class='ocrx_word' id='word_1_29' title='bbox 877 491 955 518; x_wconf 89' lang='lat' dir='ltr'><strong>seu</strong></span> <span class='ocrx_word' id='word_1_30' title='bbox 980 490 1106 518; x_wconf 91' lang='lat' dir='ltr'><strong>amor</strong></span> <span class='ocrx_word' id='word_1_31' title='bbox 1127 477 1396 530; x_wconf 86' lang='lat' dir='ltr'><strong>spiritualis;</strong></span> <span class='ocrx_word' id='word_1_32' title='bbox 1429 489 1533 517; x_wconf 90' lang='lat' dir='ltr'><strong>nam</strong></span> <span class='ocrx_word' id='word_1_33' title='bbox 1559 490 1701 530; x_wconf 89' lang='lat' dir='ltr'><strong>quan-</strong></span> 
     </span>
     <span class='ocr_line' id='line_1_6' title="bbox 214 538 1701 589; baseline -0.001 -8"><span class='ocrx_word' id='word_1_34' title='bbox 214 545 311 581; x_wconf 91' lang='lat' dir='ltr'><strong>tum</strong></span> <span class='ocrx_word' id='word_1_35' title='bbox 336 540 474 580; x_wconf 93' lang='lat' dir='ltr'><strong>homo</strong></span> <span class='ocrx_word' id='word_1_36' title='bbox 504 540 548 580; x_wconf 92' lang='lat' dir='ltr'><strong>in</strong></span> <span class='ocrx_word' id='word_1_37' title='bbox 578 539 657 581; x_wconf 91' lang='lat' dir='ltr'><strong>illo</strong></span> <span class='ocrx_word' id='word_1_38' title='bbox 687 553 840 580; x_wconf 89' lang='lat' dir='ltr'><strong>amore</strong></span> <span class='ocrx_word' id='word_1_39' title='bbox 866 554 944 580; x_wconf 89' lang='lat' dir='ltr'><strong>seu</strong></span> <span class='ocrx_word' id='word_1_40' title='bbox 974 540 1018 581; x_wconf 91' lang='lat' dir='ltr'><strong>in</strong></span> <span class='ocrx_word' id='word_1_41' title='bbox 1050 538 1383 580; x_wconf 42' lang='lat' dir='ltr'><strong>illa⁴affe6tione</strong></span> <span class='ocrx_word' id='word_1_42' title='bbox 1409 546 1494 589; x_wconf 89' lang='lat' dir='ltr'><strong>est,</strong></span> <span class='ocrx_word' id='word_1_43' title='bbox 1521 545 1701 580; x_wconf 88' lang='lat' dir='ltr'><strong>tantum</strong></span> 
     </span>
     <span class='ocr_line' id='line_1_7' title="bbox 213 602 1701 656; baseline -0.001 -13"><span class='ocrx_word' id='word_1_44' title='bbox 213 607 283 643; x_wconf 89' lang='lat' dir='ltr'><strong>est</strong></span> <span class='ocrx_word' id='word_1_45' title='bbox 305 602 425 656; x_wconf 90' lang='lat' dir='ltr'><strong>apud</strong></span> <span class='ocrx_word' id='word_1_46' title='bbox 449 602 691 643; x_wconf 86' lang='lat' dir='ltr'><strong>Dominum</strong></span> <span class='ocrx_word' id='word_1_47' title='bbox 709 616 719 653; x_wconf 87' lang='lat'>;</span> <span class='ocrx_word' id='word_1_48' title='bbox 751 603 936 656; x_wconf 89' lang='lat' dir='ltr'><strong>quisque</strong></span> <span class='ocrx_word' id='word_1_49' title='bbox 958 603 1077 643; x_wconf 90' lang='lat' dir='ltr'><strong>enim</strong></span> <span class='ocrx_word' id='word_1_50' title='bbox 1100 603 1431 656; x_wconf 87' lang='lat' dir='ltr'><strong>appropinquat</strong></span> <span class='ocrx_word' id='word_1_51' title='bbox 1453 602 1701 643; x_wconf 89' lang='lat' dir='ltr'><strong>secundum</strong></span> 
     </span>
     <span class='ocr_line' id='line_1_8' title="bbox 212 663 1701 719; baseline 0 -13"><span class='ocrx_word' id='word_1_52' title='bbox 212 663 338 706; x_wconf 83' lang='lat' dir='ltr'><strong>illum</strong></span> <span class='ocrx_word' id='word_1_53' title='bbox 369 678 594 706; x_wconf 89' lang='lat' dir='ltr'><strong>amorem:</strong></span> <span class='ocrx_word' id='word_1_54' title='bbox 636 679 715 718; x_wconf 89' lang='lat' dir='ltr'><strong>per</strong></span> <span class='ocrx_word' id='word_1_55' title='bbox 747 666 1036 706; x_wconf 88' lang='lat' dir='ltr'><strong>“inhabitare</strong></span> <span class='ocrx_word' id='word_1_56' title='bbox 1067 666 1213 707; x_wconf 87' lang='lat' dir='ltr'><strong>atria&#39;’</strong></span> <span class='ocrx_word' id='word_1_57' title='bbox 1244 665 1520 719; x_wconf 88' lang='lat' dir='ltr'><strong>significatur</strong></span> <span class='ocrx_word' id='word_1_58' title='bbox 1549 666 1701 706; x_wconf 89' lang='lat' dir='ltr'><strong>vivere</strong></span> 
     </span>
     <span class='ocr_line' id='line_1_9' title="bbox 211 727 1699 782; baseline 0 -14"><span class='ocrx_word' id='word_1_59' title='bbox 211 728 257 768; x_wconf 91' lang='lat' dir='ltr'><strong>in</strong></span> <span class='ocrx_word' id='word_1_60' title='bbox 282 727 440 778; x_wconf 88' lang='lat' dir='ltr'><strong>caelo;</strong></span> <span class='ocrx_word' id='word_1_61' title='bbox 471 741 550 781; x_wconf 92' lang='lat' dir='ltr'><strong>per</strong></span> <span class='ocrx_word' id='word_1_62' title='bbox 576 728 865 769; x_wconf 87' lang='lat' dir='ltr'><strong>“inhabitare</strong></span> <span class='ocrx_word' id='word_1_63' title='bbox 877 727 897 743; x_wconf 90' lang='lat'>”</span> <span class='ocrx_word' id='word_1_64' title='bbox 921 729 1085 777; x_wconf 87' lang='lat' dir='ltr'><strong>vivere,</strong></span> <span class='ocrx_word' id='word_1_65' title='bbox 1112 735 1160 769; x_wconf 88' lang='lat' dir='ltr'><strong>et</strong></span> <span class='ocrx_word' id='word_1_66' title='bbox 1185 741 1265 782; x_wconf 88' lang='lat' dir='ltr'><strong>per</strong></span> <span class='ocrx_word' id='word_1_67' title='bbox 1291 727 1473 769; x_wconf 86' lang='lat' dir='ltr'><strong>“atria‘’</strong></span> <span class='ocrx_word' id='word_1_68' title='bbox 1498 727 1699 769; x_wconf 90' lang='lat' dir='ltr'><strong>caelum:</strong></span> 
     </span>
     <span class='ocr_line' id='line_1_10' title="bbox 211 789 1700 844; baseline -0.001 -13"><span class='ocrx_word' id='word_1_69' title='bbox 211 789 293 843; x_wconf 82' lang='lat' dir='ltr'><strong>per</strong></span> <span class='ocrx_word' id='word_1_70' title='bbox 321 791 548 831; x_wconf 88' lang='lat' dir='ltr'><strong>“saturari</strong></span> <span class='ocrx_word' id='word_1_71' title='bbox 583 791 703 831; x_wconf 89' lang='lat' dir='ltr'><strong>bono</strong></span> <span class='ocrx_word' id='word_1_72' title='bbox 740 789 930 831; x_wconf 88' lang='lat' dir='ltr'><strong>domus’&#39;</strong></span> <span class='ocrx_word' id='word_1_73' title='bbox 962 790 1241 844; x_wconf 86' lang='lat' dir='ltr'><strong>significatur</strong></span> <span class='ocrx_word' id='word_1_74' title='bbox 1276 805 1336 831; x_wconf 85' lang='lat' dir='ltr'><strong>ex</strong></span> <span class='ocrx_word' id='word_1_75' title='bbox 1373 791 1539 831; x_wconf 89' lang='lat' dir='ltr'><strong>Divino</strong></span> <span class='ocrx_word' id='word_1_76' title='bbox 1571 790 1700 831; x_wconf 93' lang='lat' dir='ltr'><strong>Bono</strong></span> 
     </span>
     <span class='ocr_line' id='line_1_11' title="bbox 212 851 1699 907; baseline 0 -14"><span class='ocrx_word' id='word_1_77' title='bbox 212 851 312 893; x_wconf 77' lang='lat' dir='ltr'><strong>esse</strong></span> <span class='ocrx_word' id='word_1_78' title='bbox 342 853 386 893; x_wconf 92' lang='lat' dir='ltr'><strong>in</strong></span> <span class='ocrx_word' id='word_1_79' title='bbox 411 854 659 906; x_wconf 85' lang='lat' dir='ltr'><strong>sapientia;</strong></span> <span class='ocrx_word' id='word_1_80' title='bbox 696 867 747 894; x_wconf 90' lang='lat' dir='ltr'><strong>ac</strong></span> <span class='ocrx_word' id='word_1_81' title='bbox 774 867 853 907; x_wconf 92' lang='lat' dir='ltr'><strong>per</strong></span> <span class='ocrx_word' id='word_1_82' title='bbox 878 854 1104 895; x_wconf 88' lang='lat' dir='ltr'><strong>“saturari</strong></span> <span class='ocrx_word' id='word_1_83' title='bbox 1130 852 1289 895; x_wconf 65' lang='lat' dir='ltr'><strong>sancto</strong></span> <span class='ocrx_word' id='word_1_84' title='bbox 1314 853 1504 907; x_wconf 88' lang='lat' dir='ltr'><strong>templi’&#39;</strong></span> <span class='ocrx_word' id='word_1_85' title='bbox 1529 852 1699 906; x_wconf 87' lang='lat' dir='ltr'><strong>signifi-</strong></span> 
     </span>
     <span class='ocr_line' id='line_1_12' title="bbox 213 917 1699 970; baseline 0 -13"><span class='ocrx_word' id='word_1_86' title='bbox 213 922 341 957; x_wconf 88' lang='lat' dir='ltr'><strong>catur</strong></span> <span class='ocrx_word' id='word_1_87' title='bbox 370 930 430 956; x_wconf 88' lang='lat' dir='ltr'><strong>ex</strong></span> <span class='ocrx_word' id='word_1_88' title='bbox 461 917 627 957; x_wconf 87' lang='lat' dir='ltr'><strong>Divino</strong></span> <span class='ocrx_word' id='word_1_89' title='bbox 652 917 776 958; x_wconf 92' lang='lat' dir='ltr'><strong>Vero</strong></span> <span class='ocrx_word' id='word_1_90' title='bbox 801 931 900 957; x_wconf 90' lang='lat' dir='ltr'><strong>esse</strong></span> <span class='ocrx_word' id='word_1_91' title='bbox 931 917 975 957; x_wconf 90' lang='lat' dir='ltr'><strong>in</strong></span> <span class='ocrx_word' id='word_1_92' title='bbox 1001 917 1318 970; x_wconf 84' lang='lat' dir='ltr'><strong>intelligentia,</strong></span> <span class='ocrx_word' id='word_1_93' title='bbox 1346 923 1392 958; x_wconf 88' lang='lat' dir='ltr'><strong>et</strong></span> <span class='ocrx_word' id='word_1_94' title='bbox 1424 931 1483 958; x_wconf 86' lang='lat' dir='ltr'><strong>ex</strong></span> <span class='ocrx_word' id='word_1_95' title='bbox 1509 923 1699 970; x_wconf 83' lang='lat' dir='ltr'><strong>utroque</strong></span> 
     </span>
     <span class='ocr_line' id='line_1_13' title="bbox 210 979 1699 1033; baseline 0 -13"><span class='ocrx_word' id='word_1_96' title='bbox 210 979 292 1020; x_wconf 83' lang='lat' dir='ltr'><strong>frui</strong></span> <span class='ocrx_word' id='word_1_97' title='bbox 326 979 492 1032; x_wconf 87' lang='lat' dir='ltr'><strong>gaudio</strong></span> <span class='ocrx_word' id='word_1_98' title='bbox 531 980 744 1031; x_wconf 87' lang='lat' dir='ltr'><strong>caelesti;</strong></span> <span class='ocrx_word' id='word_1_99' title='bbox 791 981 990 1020; x_wconf 90' lang='lat' dir='ltr'><strong>“domus</strong></span> <span class='ocrx_word' id='word_1_100' title='bbox 1028 980 1144 1020; x_wconf 92' lang='lat' dir='ltr'><strong>Dei’&#39;</strong></span> <span class='ocrx_word' id='word_1_101' title='bbox 1179 979 1404 1033; x_wconf 88' lang='lat' dir='ltr'><strong>significat</strong></span> <span class='ocrx_word' id='word_1_102' title='bbox 1440 979 1614 1020; x_wconf 90' lang='lat' dir='ltr'><strong>caelum</strong></span> <span class='ocrx_word' id='word_1_103' title='bbox 1652 986 1699 1020; x_wconf 89' lang='lat' dir='ltr'><strong>et</strong></span> 
     </span>
     <span class='ocr_line' id='line_1_14' title="bbox 211 1042 1698 1096; baseline -0.001 -13"><span class='ocrx_word' id='word_1_104' title='bbox 211 1042 448 1083; x_wconf 85' lang='lat' dir='ltr'><strong>ecclesiam</strong></span> <span class='ocrx_word' id='word_1_105' title='bbox 480 1044 629 1096; x_wconf 91' lang='lat' dir='ltr'><strong>quoad</strong></span> <span class='ocrx_word' id='word_1_106' title='bbox 661 1043 872 1084; x_wconf 90' lang='lat' dir='ltr'><strong>Divinum</strong></span> <span class='ocrx_word' id='word_1_107' title='bbox 906 1042 1096 1091; x_wconf 89' lang='lat' dir='ltr'><strong>Bonum,</strong></span> <span class='ocrx_word' id='word_1_108' title='bbox 1128 1056 1180 1084; x_wconf 91' lang='lat' dir='ltr'><strong>ac</strong></span> <span class='ocrx_word' id='word_1_109' title='bbox 1208 1043 1500 1096; x_wconf 69' lang='lat' dir='ltr'><strong>“templum”</strong></span> <span class='ocrx_word' id='word_1_110' title='bbox 1523 1042 1698 1084; x_wconf 89' lang='lat' dir='ltr'><strong>caelum</strong></span> 
     </span>
     <span class='ocr_line' id='line_1_15' title="bbox 210 1105 1698 1159; baseline 0 -13"><span class='ocrx_word' id='word_1_111' title='bbox 210 1111 259 1147; x_wconf 85' lang='lat' dir='ltr'><strong>et</strong></span> <span class='ocrx_word' id='word_1_112' title='bbox 288 1105 525 1147; x_wconf 90' lang='lat' dir='ltr'><strong>ecclesiam</strong></span> <span class='ocrx_word' id='word_1_113' title='bbox 557 1106 706 1159; x_wconf 92' lang='lat' dir='ltr'><strong>quoad</strong></span> <span class='ocrx_word' id='word_1_114' title='bbox 739 1106 951 1146; x_wconf 89' lang='lat' dir='ltr'><strong>Divinum</strong></span> <span class='ocrx_word' id='word_1_115' title='bbox 977 1106 1176 1157; x_wconf 82' lang='lat' dir='ltr'><strong>Verum3</strong></span> <span class='ocrx_word' id='word_1_116' title='bbox 1203 1105 1490 1147; x_wconf 19' lang='lat' dir='ltr'><strong>.“⁷san6tum”</strong></span> <span class='ocrx_word' id='word_1_117' title='bbox 1521 1106 1698 1159; x_wconf 89' lang='lat' dir='ltr'><strong>praedi-</strong></span> 
     </span>
     <span class='ocr_line' id='line_1_16' title="bbox 210 1168 1697 1223; baseline 0 -14"><span class='ocrx_word' id='word_1_118' title='bbox 210 1173 339 1209; x_wconf 85' lang='lat' dir='ltr'><strong>catur</strong></span> <span class='ocrx_word' id='word_1_119' title='bbox 368 1168 424 1209; x_wconf 91' lang='lat' dir='ltr'><strong>de</strong></span> <span class='ocrx_word' id='word_1_120' title='bbox 455 1169 575 1209; x_wconf 93' lang='lat' dir='ltr'><strong>bono</strong></span> <span class='ocrx_word' id='word_1_121' title='bbox 600 1169 830 1221; x_wconf 84' lang='lat' dir='ltr'><strong>spirituali,</strong></span> <span class='ocrx_word' id='word_1_122' title='bbox 858 1168 976 1223; x_wconf 92' lang='lat' dir='ltr'><strong>quod</strong></span> <span class='ocrx_word' id='word_1_123' title='bbox 1002 1175 1072 1210; x_wconf 89' lang='lat' dir='ltr'><strong>est</strong></span> <span class='ocrx_word' id='word_1_124' title='bbox 1097 1182 1265 1210; x_wconf 88' lang='lat' dir='ltr'><strong>verum.</strong></span> <span class='ocrx_word' id='word_1_125' title='bbox 1324 1169 1463 1222; x_wconf 91' lang='lat' dir='ltr'>Apud</span> <span class='ocrx_word' id='word_1_126' title='bbox 1490 1169 1697 1217; x_wconf 88' lang='lat' dir='ltr'><strong>eundem,</strong></span> 
     </span>
    </p>
   </div>
   <div class='ocr_carea' id='block_1_4' title="bbox 218 1250 1698 1351">
    <p class='ocr_par' dir='ltr' id='par_1_4' title="bbox 218 1250 1698 1351">
     <span class='ocr_line' id='line_1_17' title="bbox 218 1250 1698 1306; baseline 0.001 -11"><span class='ocrx_word' id='word_1_127' title='bbox 218 1250 224 1256; x_wconf 44' lang='grc'>’</span> <span class='ocrx_word' id='word_1_128' title='bbox 275 1263 429 1296; x_wconf 79' lang='lat' dir='ltr'><strong>“Bonus</strong></span> <span class='ocrx_word' id='word_1_129' title='bbox 452 1251 528 1296; x_wconf 82' lang='lat' dir='ltr'><strong>dies</strong></span> <span class='ocrx_word' id='word_1_130' title='bbox 557 1265 592 1296; x_wconf 90' lang='lat' dir='ltr'><strong>in</strong></span> <span class='ocrx_word' id='word_1_131' title='bbox 621 1265 720 1296; x_wconf 85' lang='lat' dir='ltr'><strong>atriis</strong></span> <span class='ocrx_word' id='word_1_132' title='bbox 745 1265 815 1296; x_wconf 87' lang='lat' dir='ltr'><strong>tuis</strong></span> <span class='ocrx_word' id='word_1_133' title='bbox 844 1275 929 1305; x_wconf 87' lang='lat' dir='ltr'><strong>prae</strong></span> <span class='ocrx_word' id='word_1_134' title='bbox 953 1265 1132 1303; x_wconf 78' lang='lat' dir='ltr'><strong>millibus:</strong></span> <span class='ocrx_word' id='word_1_135' title='bbox 1164 1265 1256 1305; x_wconf 87' lang='lat' dir='ltr'><strong>elegi</strong></span> <span class='ocrx_word' id='word_1_136' title='bbox 1286 1265 1331 1297; x_wconf 84' lang='lat' dir='ltr'><strong>ad</strong></span> <span class='ocrx_word' id='word_1_137' title='bbox 1358 1265 1505 1306; x_wconf 86' lang='lat' dir='ltr'><strong>januam</strong></span> <span class='ocrx_word' id='word_1_138' title='bbox 1533 1271 1629 1296; x_wconf 85' lang='lat' dir='ltr'><strong>stare</strong></span> <span class='ocrx_word' id='word_1_139' title='bbox 1661 1265 1698 1296; x_wconf 87' lang='lat' dir='ltr'><strong>in</strong></span> 
     </span>
     <span class='ocr_line' id='line_1_18' title="bbox 382 1306 1240 1351; baseline 0.002 -12"><span class='ocrx_word' id='word_1_140' title='bbox 382 1308 491 1339; x_wconf 90' lang='lat' dir='ltr'><strong>domo</strong></span> <span class='ocrx_word' id='word_1_141' title='bbox 510 1308 575 1340; x_wconf 91' lang='lat' dir='ltr'><strong>Dei</strong></span> <span class='ocrx_word' id='word_1_142' title='bbox 592 1309 662 1340; x_wconf 90' lang='lat' dir='ltr'><strong>mei</strong></span> <span class='ocrx_word' id='word_1_143' title='bbox 672 1308 691 1319; x_wconf 87' lang='lat'><strong>”</strong></span> <span class='ocrx_word' id='word_1_144' title='bbox 707 1308 780 1348; x_wconf 88' lang='lat' dir='ltr'><strong>(Ps.</strong></span> <span class='ocrx_word' id='word_1_145' title='bbox 797 1309 928 1340; x_wconf 82' lang='lat' dir='ltr'><strong>lxxxiv.</strong></span> <span class='ocrx_word' id='word_1_146' title='bbox 948 1317 984 1340; x_wconf 90' lang='lat'><strong>11</strong></span> <span class='ocrx_word' id='word_1_147' title='bbox 1008 1307 1068 1351; x_wconf 88' lang='lat' dir='ltr'><strong>[B.</strong></span> <span class='ocrx_word' id='word_1_148' title='bbox 1081 1310 1127 1341; x_wconf 83' lang='lat' dir='ltr'><strong>A.</strong></span> <span class='ocrx_word' id='word_1_149' title='bbox 1147 1306 1218 1350; x_wconf 88' lang='lat'>10])</span> <span class='ocrx_word' id='word_1_150' title='bbox 1233 1320 1240 1341; x_wconf 91' lang='lat'>:</span> 
     </span>
    </p>
   </div>
   <div class='ocr_carea' id='block_1_5' title="bbox 209 1388 1696 1513">
    <p class='ocr_par' dir='ltr' id='par_1_5' title="bbox 209 1388 1696 1513">
     <span class='ocr_line' id='line_1_19' title="bbox 210 1388 1696 1449; baseline -0.001 -12"><span class='ocrx_word' id='word_1_151' title='bbox 210 1408 290 1449; x_wconf 89' lang='lat' dir='ltr'><strong>per</strong></span> <span class='ocrx_word' id='word_1_152' title='bbox 320 1395 505 1436; x_wconf 87' lang='lat' dir='ltr'><strong>“atria&#39;&#39;</strong></span> <span class='ocrx_word' id='word_1_153' title='bbox 535 1388 594 1436; x_wconf 87' lang='lat' dir='ltr'><strong>ibi</strong></span> <span class='ocrx_word' id='word_1_154' title='bbox 631 1395 908 1448; x_wconf 88' lang='lat' dir='ltr'><strong>significatur</strong></span> <span class='ocrx_word' id='word_1_155' title='bbox 937 1396 1111 1437; x_wconf 90' lang='lat' dir='ltr'><strong>caelum</strong></span> <span class='ocrx_word' id='word_1_156' title='bbox 1142 1396 1334 1449; x_wconf 86' lang='lat' dir='ltr'><strong>primum</strong></span> <span class='ocrx_word' id='word_1_157' title='bbox 1367 1410 1444 1437; x_wconf 91' lang='lat' dir='ltr'><strong>seu</strong></span> <span class='ocrx_word' id='word_1_158' title='bbox 1475 1396 1696 1444; x_wconf 79' lang='lat' dir='ltr'><strong>ultimum,</strong></span> 
     </span>
     <span class='ocr_line' id='line_1_20' title="bbox 209 1457 1695 1513; baseline 0.001 -14"><span class='ocrx_word' id='word_1_159' title='bbox 209 1471 290 1511; x_wconf 87' lang='lat' dir='ltr'><strong>per</strong></span> <span class='ocrx_word' id='word_1_160' title='bbox 309 1458 429 1512; x_wconf 89' lang='lat' dir='ltr'><strong>quod</strong></span> <span class='ocrx_word' id='word_1_161' title='bbox 454 1457 503 1499; x_wconf 88' lang='lat' dir='ltr'><strong>fit</strong></span> <span class='ocrx_word' id='word_1_162' title='bbox 528 1459 739 1506; x_wconf 83' lang='lat' dir='ltr'><strong>introitus</strong></span> <span class='ocrx_word' id='word_1_163' title='bbox 769 1460 813 1499; x_wconf 89' lang='lat' dir='ltr'><strong>in</strong></span> <span class='ocrx_word' id='word_1_164' title='bbox 845 1459 997 1500; x_wconf 92' lang='lat' dir='ltr'><strong>caelos</strong></span> <span class='ocrx_word' id='word_1_165' title='bbox 1022 1460 1300 1512; x_wconf 89' lang='lat' dir='ltr'><strong>superiores;</strong></span> <span class='ocrx_word' id='word_1_166' title='bbox 1338 1473 1475 1513; x_wconf 90' lang='lat' dir='ltr'><strong>quare</strong></span> <span class='ocrx_word' id='word_1_167' title='bbox 1501 1460 1695 1508; x_wconf 83' lang='lat' dir='ltr'><strong>additur,</strong></span> 
     </span>
    </p>
   </div>
   <div class='ocr_carea' id='block_1_6' title="bbox 211 1520 1677 1576">
    <p class='ocr_par' dir='ltr' id='par_1_6' title="bbox 211 1520 1677 1576">
     <span class='ocr_line' id='line_1_21' title="bbox 211 1520 1677 1576; baseline 0.001 -15"><span class='ocrx_word' id='word_1_168' title='bbox 211 1520 383 1575; x_wconf 87' lang='lat' dir='ltr'><strong>“Elegi</strong></span> <span class='ocrx_word' id='word_1_169' title='bbox 399 1522 455 1562; x_wconf 90' lang='lat' dir='ltr'><strong>ad</strong></span> <span class='ocrx_word' id='word_1_170' title='bbox 473 1521 655 1575; x_wconf 89' lang='lat' dir='ltr'><strong>januam</strong></span> <span class='ocrx_word' id='word_1_171' title='bbox 673 1529 793 1563; x_wconf 91' lang='lat' dir='ltr'><strong>stare</strong></span> <span class='ocrx_word' id='word_1_172' title='bbox 815 1523 859 1563; x_wconf 89' lang='lat' dir='ltr'><strong>in</strong></span> <span class='ocrx_word' id='word_1_173' title='bbox 882 1523 1019 1564; x_wconf 91' lang='lat' dir='ltr'><strong>domo</strong></span> <span class='ocrx_word' id='word_1_174' title='bbox 1041 1523 1127 1563; x_wconf 89' lang='lat' dir='ltr'><strong>Dei</strong></span> <span class='ocrx_word' id='word_1_175' title='bbox 1149 1520 1272 1563; x_wconf 82' lang='lat' dir='ltr'><strong>rnei.’&#39;</strong></span> <span class='ocrx_word' id='word_1_176' title='bbox 1313 1523 1452 1576; x_wconf 90' lang='lat' dir='ltr'>Apud</span> <span class='ocrx_word' id='word_1_177' title='bbox 1470 1524 1677 1571; x_wconf 90' lang='lat' dir='ltr'><strong>eundem,</strong></span> 
     </span>
    </p>
   </div>
   <div class='ocr_carea' id='block_1_7' title="bbox 209 1616 1697 1985">
    <p class='ocr_par' dir='ltr' id='par_1_7' title="bbox 221 1616 1696 1701">
     <span class='ocr_line' id='line_1_22' title="bbox 221 1616 1696 1659; baseline 0.001 -11"><span class='ocrx_word' id='word_1_178' title='bbox 221 1632 224 1634; x_wconf 36' lang='lat' dir='ltr'>v</span> <span class='ocrx_word' id='word_1_179' title='bbox 275 1616 401 1649; x_wconf 88' lang='lat' dir='ltr'><strong>“Date</strong></span> <span class='ocrx_word' id='word_1_180' title='bbox 416 1616 575 1659; x_wconf 86' lang='lat' dir='ltr'><strong>Jehovae</strong></span> <span class='ocrx_word' id='word_1_181' title='bbox 591 1618 743 1658; x_wconf 85' lang='lat' dir='ltr'><strong>gloriam</strong></span> <span class='ocrx_word' id='word_1_182' title='bbox 764 1618 921 1650; x_wconf 88' lang='lat' dir='ltr'><strong>nominis</strong></span> <span class='ocrx_word' id='word_1_183' title='bbox 942 1618 1070 1659; x_wconf 87' lang='lat' dir='ltr'><strong>Ipsius,</strong></span> <span class='ocrx_word' id='word_1_184' title='bbox 1087 1618 1177 1650; x_wconf 79' lang='lat' dir='ltr'><strong>ferte</strong></span> <span class='ocrx_word' id='word_1_185' title='bbox 1197 1628 1337 1656; x_wconf 88' lang='lat' dir='ltr'><strong>munus,</strong></span> <span class='ocrx_word' id='word_1_186' title='bbox 1354 1624 1391 1650; x_wconf 89' lang='lat' dir='ltr'><strong>et</strong></span> <span class='ocrx_word' id='word_1_187' title='bbox 1409 1619 1528 1650; x_wconf 87' lang='lat' dir='ltr'><strong>venite</strong></span> <span class='ocrx_word' id='word_1_188' title='bbox 1548 1619 1584 1650; x_wconf 88' lang='lat' dir='ltr'><strong>in</strong></span> <span class='ocrx_word' id='word_1_189' title='bbox 1604 1619 1696 1651; x_wconf 86' lang='lat' dir='ltr'><strong>atria</strong></span> 
     </span>
     <span class='ocr_line' id='line_1_23' title="bbox 384 1660 802 1701; baseline 0 -9"><span class='ocrx_word' id='word_1_190' title='bbox 384 1660 501 1701; x_wconf 87' lang='lat' dir='ltr'><strong>Ipsius</strong></span> <span class='ocrx_word' id='word_1_191' title='bbox 511 1660 530 1673; x_wconf 82' lang='lat'><strong>&#39;⁹</strong></span> <span class='ocrx_word' id='word_1_192' title='bbox 546 1661 620 1700; x_wconf 89' lang='lat' dir='ltr'><strong>(Ps.</strong></span> <span class='ocrx_word' id='word_1_193' title='bbox 640 1662 728 1693; x_wconf 88' lang='lat' dir='ltr'><strong>xcvi.</strong></span> <span class='ocrx_word' id='word_1_194' title='bbox 747 1662 802 1701; x_wconf 84' lang='lat'><strong>8);</strong></span> 
     </span>
    </p>

    <p class='ocr_par' dir='ltr' id='par_1_8' title="bbox 212 1736 563 1790">
     <span class='ocr_line' id='line_1_24' title="bbox 212 1736 563 1790; baseline 0.003 -14"><span class='ocrx_word' id='word_1_195' title='bbox 212 1736 332 1790; x_wconf 83' lang='lat' dir='ltr'><strong>apud</strong></span> <span class='ocrx_word' id='word_1_196' title='bbox 357 1736 563 1785; x_wconf 87' lang='lat' dir='ltr'><strong>eundem,</strong></span> 
     </span>
    </p>

    <p class='ocr_par' dir='ltr' id='par_1_9' title="bbox 222 1811 1697 1898">
     <span class='ocr_line' id='line_1_25' title="bbox 222 1811 1697 1855; baseline 0.002 -12"><span class='ocrx_word' id='word_1_197' title='bbox 222 1846 227 1848; x_wconf 65' lang='grc'><strong>,</strong></span> <span class='ocrx_word' id='word_1_198' title='bbox 275 1811 461 1844; x_wconf 85' lang='lat' dir='ltr'><strong>“Laudate</strong></span> <span class='ocrx_word' id='word_1_199' title='bbox 480 1822 612 1843; x_wconf 88' lang='lat' dir='ltr'><strong>nomen</strong></span> <span class='ocrx_word' id='word_1_200' title='bbox 636 1812 805 1854; x_wconf 80' lang='lat' dir='ltr'><strong>jehovae,</strong></span> <span class='ocrx_word' id='word_1_201' title='bbox 822 1813 966 1844; x_wconf 86' lang='lat' dir='ltr'><strong>laudate</strong></span> <span class='ocrx_word' id='word_1_202' title='bbox 982 1814 1077 1846; x_wconf 82' lang='lat' dir='ltr'><strong>servi</strong></span> <span class='ocrx_word' id='word_1_203' title='bbox 1096 1813 1267 1854; x_wconf 89' lang='lat' dir='ltr'><strong>Jehovae,</strong></span> <span class='ocrx_word' id='word_1_204' title='bbox 1287 1814 1346 1855; x_wconf 91' lang='lat' dir='ltr'><strong>qui</strong></span> <span class='ocrx_word' id='word_1_205' title='bbox 1365 1820 1502 1846; x_wconf 85' lang='lat' dir='ltr'><strong>stantes</strong></span> <span class='ocrx_word' id='word_1_206' title='bbox 1526 1815 1562 1846; x_wconf 90' lang='lat' dir='ltr'><strong>in</strong></span> <span class='ocrx_word' id='word_1_207' title='bbox 1587 1814 1697 1846; x_wconf 89' lang='lat' dir='ltr'><strong>domo</strong></span> 
     </span>
     <span class='ocr_line' id='line_1_26' title="bbox 380 1855 1468 1898; baseline 0.002 -11"><span class='ocrx_word' id='word_1_208' title='bbox 380 1855 550 1898; x_wconf 87' lang='lat' dir='ltr'><strong>Jehovae,</strong></span> <span class='ocrx_word' id='word_1_209' title='bbox 568 1856 604 1887; x_wconf 89' lang='lat' dir='ltr'><strong>in</strong></span> <span class='ocrx_word' id='word_1_210' title='bbox 621 1856 720 1888; x_wconf 87' lang='lat' dir='ltr'><strong>atriis</strong></span> <span class='ocrx_word' id='word_1_211' title='bbox 737 1856 865 1888; x_wconf 88' lang='lat' dir='ltr'><strong>domus</strong></span> <span class='ocrx_word' id='word_1_212' title='bbox 886 1856 952 1888; x_wconf 89' lang='lat' dir='ltr'><strong>Dei</strong></span> <span class='ocrx_word' id='word_1_213' title='bbox 973 1857 1086 1888; x_wconf 90' lang='lat' dir='ltr'><strong>nostri</strong></span> <span class='ocrx_word' id='word_1_214' title='bbox 1097 1857 1115 1868; x_wconf 89' lang='lat'><strong>”</strong></span> <span class='ocrx_word' id='word_1_215' title='bbox 1131 1857 1204 1897; x_wconf 89' lang='lat' dir='ltr'><strong>(Ps.</strong></span> <span class='ocrx_word' id='word_1_216' title='bbox 1222 1867 1348 1889; x_wconf 87' lang='lat' dir='ltr'><strong>cxxxv.</strong></span> <span class='ocrx_word' id='word_1_217' title='bbox 1369 1866 1396 1896; x_wconf 91' lang='lat'><strong>1,</strong></span> <span class='ocrx_word' id='word_1_218' title='bbox 1414 1858 1468 1898; x_wconf 84' lang='lat'><strong>2);</strong></span> 
     </span>
    </p>

    <p class='ocr_par' dir='ltr' id='par_1_10' title="bbox 209 1931 562 1985">
     <span class='ocr_line' id='line_1_27' title="bbox 209 1931 562 1985; baseline 0 -13"><span class='ocrx_word' id='word_1_219' title='bbox 209 1931 327 1985; x_wconf 88' lang='lat' dir='ltr'><strong>apud</strong></span> <span class='ocrx_word' id='word_1_220' title='bbox 353 1932 562 1980; x_wconf 91' lang='lat' dir='ltr'><strong>eundem,</strong></span> 
     </span>
    </p>
   </div>
   <div class='ocr_carea' id='block_1_8' title="bbox 274 2007 1695 2095">
    <p class='ocr_par' dir='ltr' id='par_1_11' title="bbox 274 2007 1695 2095">
     <span class='ocr_line' id='line_1_28' title="bbox 274 2007 1695 2050; baseline 0.002 -11"><span class='ocrx_word' id='word_1_221' title='bbox 274 2009 294 2022; x_wconf 88' lang='lat'>“</span> <span class='ocrx_word' id='word_1_222' title='bbox 307 2007 423 2050; x_wconf 73' lang='lat' dir='ltr'><strong>Quam</strong></span> <span class='ocrx_word' id='word_1_223' title='bbox 447 2008 615 2040; x_wconf 83' lang='lat' dir='ltr'><strong>amabilia</strong></span> <span class='ocrx_word' id='word_1_224' title='bbox 633 2009 835 2040; x_wconf 84' lang='lat' dir='ltr'><strong>habitacula</strong></span> <span class='ocrx_word' id='word_1_225' title='bbox 853 2014 923 2046; x_wconf 80' lang='lat' dir='ltr'><strong>tua,</strong></span> <span class='ocrx_word' id='word_1_226' title='bbox 942 2008 1105 2050; x_wconf 86' lang='lat' dir='ltr'><strong>Jehovah</strong></span> <span class='ocrx_word' id='word_1_227' title='bbox 1129 2009 1310 2046; x_wconf 73' lang='lat' dir='ltr'><strong>lebaoth:</strong></span> <span class='ocrx_word' id='word_1_228' title='bbox 1338 2010 1564 2048; x_wconf 88' lang='lat' dir='ltr'><strong>desideravit,</strong></span> <span class='ocrx_word' id='word_1_229' title='bbox 1585 2010 1695 2042; x_wconf 89' lang='lat' dir='ltr'><strong>immo</strong></span> 
     </span>
     <span class='ocr_line' id='line_1_29' title="bbox 381 2053 1693 2095; baseline 0.003 -13"><span class='ocrx_word' id='word_1_230' title='bbox 381 2059 594 2092; x_wconf 87' lang='lat' dir='ltr'><strong>consumpta</strong></span> <span class='ocrx_word' id='word_1_231' title='bbox 617 2059 680 2090; x_wconf 89' lang='lat' dir='ltr'><strong>est,</strong></span> <span class='ocrx_word' id='word_1_232' title='bbox 700 2053 822 2084; x_wconf 89' lang='lat' dir='ltr'><strong>anima</strong></span> <span class='ocrx_word' id='word_1_233' title='bbox 845 2063 925 2084; x_wconf 88' lang='lat' dir='ltr'><strong>mea</strong></span> <span class='ocrx_word' id='word_1_234' title='bbox 947 2063 1032 2094; x_wconf 87' lang='lat' dir='ltr'><strong>erga</strong></span> <span class='ocrx_word' id='word_1_235' title='bbox 1050 2053 1142 2085; x_wconf 85' lang='lat' dir='ltr'><strong>atn&#39;a</strong></span> <span class='ocrx_word' id='word_1_236' title='bbox 1163 2053 1353 2095; x_wconf 86' lang='lat' dir='ltr'><strong>Jehovae‘’</strong></span> <span class='ocrx_word' id='word_1_237' title='bbox 1372 2054 1445 2094; x_wconf 87' lang='lat' dir='ltr'><strong>(Ps.</strong></span> <span class='ocrx_word' id='word_1_238' title='bbox 1466 2054 1597 2086; x_wconf 84' lang='lat' dir='ltr'><strong>lxxxiv.</strong></span> <span class='ocrx_word' id='word_1_239' title='bbox 1623 2063 1651 2092; x_wconf 85' lang='lat'><strong>2,</strong></span> <span class='ocrx_word' id='word_1_240' title='bbox 1674 2063 1693 2093; x_wconf 89' lang='lat'>3</span> 
     </span>
    </p>
   </div>
   <div class='ocr_carea' id='block_1_9' title="bbox 208 2093 1696 2614">
    <p class='ocr_par' dir='ltr' id='par_1_12' title="bbox 383 2093 645 2136">
     <span class='ocr_line' id='line_1_30' title="bbox 383 2093 645 2136; baseline 0 -10"><span class='ocrx_word' id='word_1_241' title='bbox 383 2093 444 2136; x_wconf 90' lang='lat' dir='ltr'><strong>[B.</strong></span> <span class='ocrx_word' id='word_1_242' title='bbox 463 2097 508 2126; x_wconf 88' lang='lat' dir='ltr'><strong>A.</strong></span> <span class='ocrx_word' id='word_1_243' title='bbox 528 2104 555 2133; x_wconf 91' lang='lat'><strong>1,</strong></span> <span class='ocrx_word' id='word_1_244' title='bbox 574 2093 645 2136; x_wconf 88' lang='lat'>2]);</span> 
     </span>
    </p>

    <p class='ocr_par' dir='ltr' id='par_1_13' title="bbox 208 2169 561 2223">
     <span class='ocr_line' id='line_1_31' title="bbox 208 2169 561 2223; baseline 0 -12"><span class='ocrx_word' id='word_1_245' title='bbox 208 2169 328 2223; x_wconf 90' lang='lat' dir='ltr'><strong>apud</strong></span> <span class='ocrx_word' id='word_1_246' title='bbox 353 2170 561 2219; x_wconf 89' lang='lat' dir='ltr'><strong>eundem,</strong></span> 
     </span>
    </p>

    <p class='ocr_par' dir='ltr' id='par_1_14' title="bbox 270 2245 1696 2289">
     <span class='ocr_line' id='line_1_32' title="bbox 270 2245 1696 2289; baseline 0.003 -11"><span class='ocrx_word' id='word_1_247' title='bbox 270 2245 435 2278; x_wconf 86' lang='lat' dir='ltr'><strong>“Intrate</strong></span> <span class='ocrx_word' id='word_1_248' title='bbox 451 2252 571 2286; x_wconf 84' lang='lat' dir='ltr'><strong>portas</strong></span> <span class='ocrx_word' id='word_1_249' title='bbox 591 2246 706 2287; x_wconf 84' lang='lat' dir='ltr'><strong>Ipsius</strong></span> <span class='ocrx_word' id='word_1_250' title='bbox 726 2247 762 2278; x_wconf 91' lang='lat' dir='ltr'><strong>in</strong></span> <span class='ocrx_word' id='word_1_251' title='bbox 782 2247 1019 2286; x_wconf 85' lang='lat' dir='ltr'><strong>confessione,</strong></span> <span class='ocrx_word' id='word_1_252' title='bbox 1036 2249 1127 2280; x_wconf 89' lang='lat' dir='ltr'><strong>atria</strong></span> <span class='ocrx_word' id='word_1_253' title='bbox 1147 2248 1265 2289; x_wconf 87' lang='lat' dir='ltr'><strong>Ipsius</strong></span> <span class='ocrx_word' id='word_1_254' title='bbox 1285 2250 1321 2281; x_wconf 89' lang='lat' dir='ltr'><strong>in</strong></span> <span class='ocrx_word' id='word_1_255' title='bbox 1340 2250 1455 2288; x_wconf 89' lang='lat' dir='ltr'><strong>laude,</strong></span> <span class='ocrx_word' id='word_1_256' title='bbox 1475 2250 1696 2282; x_wconf 89' lang='lat' dir='ltr'><strong>confitemini</strong></span> 
     </span>
    </p>

    <p class='ocr_par' dir='ltr' id='par_1_15' title="bbox 383 2289 1209 2333">
     <span class='ocr_line' id='line_1_33' title="bbox 383 2289 1209 2333; baseline 0.004 -12"><span class='ocrx_word' id='word_1_257' title='bbox 383 2289 466 2330; x_wconf 87' lang='lat' dir='ltr'><strong>Ipsi,</strong></span> <span class='ocrx_word' id='word_1_258' title='bbox 483 2290 681 2322; x_wconf 87' lang='lat' dir='ltr'><strong>benedicite</strong></span> <span class='ocrx_word' id='word_1_259' title='bbox 698 2291 836 2322; x_wconf 87' lang='lat' dir='ltr'><strong>nomini</strong></span> <span class='ocrx_word' id='word_1_260' title='bbox 857 2291 974 2331; x_wconf 89' lang='lat' dir='ltr'><strong>Ipsius</strong></span> <span class='ocrx_word' id='word_1_261' title='bbox 985 2291 1003 2303; x_wconf 90' lang='lat'><strong>”</strong></span> <span class='ocrx_word' id='word_1_262' title='bbox 1019 2291 1092 2331; x_wconf 83' lang='lat' dir='ltr'><strong>(Ps.</strong></span> <span class='ocrx_word' id='word_1_263' title='bbox 1109 2302 1137 2324; x_wconf 94' lang='lat' dir='ltr'><strong>c.</strong></span> <span class='ocrx_word' id='word_1_264' title='bbox 1153 2292 1209 2333; x_wconf 84' lang='lat'><strong>4);</strong></span> 
     </span>
    </p>

    <p class='ocr_par' dir='ltr' id='par_1_16' title="bbox 208 2364 561 2418">
     <span class='ocr_line' id='line_1_34' title="bbox 208 2364 561 2418; baseline 0 -12"><span class='ocrx_word' id='word_1_265' title='bbox 208 2364 328 2418; x_wconf 89' lang='lat' dir='ltr'><strong>apud</strong></span> <span class='ocrx_word' id='word_1_266' title='bbox 353 2365 561 2414; x_wconf 90' lang='lat' dir='ltr'><strong>eundem,</strong></span> 
     </span>
    </p>

    <p class='ocr_par' dir='ltr' id='par_1_17' title="bbox 223 2440 1696 2529">
     <span class='ocr_line' id='line_1_35' title="bbox 223 2440 1696 2484; baseline 0.004 -13"><span class='ocrx_word' id='word_1_267' title='bbox 223 2463 227 2465; x_wconf 89' lang='lat'>-</span> <span class='ocrx_word' id='word_1_268' title='bbox 276 2440 401 2473; x_wconf 77' lang='lat' dir='ltr'><strong>“Vota</strong></span> <span class='ocrx_word' id='word_1_269' title='bbox 410 2450 490 2472; x_wconf 83' lang='lat' dir='ltr'><strong>mea</strong></span> <span class='ocrx_word' id='word_1_270' title='bbox 500 2440 658 2482; x_wconf 86' lang='lat' dir='ltr'><strong>Jehovae</strong></span> <span class='ocrx_word' id='word_1_271' title='bbox 669 2442 818 2479; x_wconf 90' lang='lat' dir='ltr'><strong>solvam,</strong></span> <span class='ocrx_word' id='word_1_272' title='bbox 828 2451 947 2473; x_wconf 89' lang='lat' dir='ltr'><strong>coram</strong></span> <span class='ocrx_word' id='word_1_273' title='bbox 957 2467 965 2473; x_wconf 91' lang='lat'><em>.</em></span> <span class='ocrx_word' id='word_1_274' title='bbox 979 2443 1094 2474; x_wconf 79' lang='lat' dir='ltr'><strong>‚omni</strong></span> <span class='ocrx_word' id='word_1_275' title='bbox 1105 2444 1238 2484; x_wconf 90' lang='lat' dir='ltr'><strong>populo</strong></span> <span class='ocrx_word' id='word_1_276' title='bbox 1250 2444 1368 2484; x_wconf 89' lang='lat' dir='ltr'><strong>Ipsius</strong></span> <span class='ocrx_word' id='word_1_277' title='bbox 1382 2454 1389 2481; x_wconf 89' lang='lat'><em>;</em></span> <span class='ocrx_word' id='word_1_278' title='bbox 1414 2445 1450 2476; x_wconf 92' lang='lat' dir='ltr'><strong>in</strong></span> <span class='ocrx_word' id='word_1_279' title='bbox 1460 2445 1558 2476; x_wconf 84' lang='lat' dir='ltr'><strong>atriis</strong></span> <span class='ocrx_word' id='word_1_280' title='bbox 1567 2445 1696 2477; x_wconf 89' lang='lat' dir='ltr'><strong>domus</strong></span> 
     </span>
     <span class='ocr_line' id='line_1_36' title="bbox 379 2484 1589 2529; baseline 0.004 -14"><span class='ocrx_word' id='word_1_281' title='bbox 379 2484 549 2526; x_wconf 89' lang='lat' dir='ltr'><strong>Jehovae,</strong></span> <span class='ocrx_word' id='word_1_282' title='bbox 569 2485 605 2516; x_wconf 87' lang='lat' dir='ltr'><strong>in</strong></span> <span class='ocrx_word' id='word_1_283' title='bbox 623 2485 741 2516; x_wconf 86' lang='lat' dir='ltr'><strong>medio</strong></span> <span class='ocrx_word' id='word_1_284' title='bbox 758 2486 821 2523; x_wconf 87' lang='lat' dir='ltr'><strong>tui,</strong></span> <span class='ocrx_word' id='word_1_285' title='bbox 841 2485 1097 2527; x_wconf 87' lang='lat' dir='ltr'><strong>Hierosolyma</strong></span> <span class='ocrx_word' id='word_1_286' title='bbox 1106 2486 1124 2498; x_wconf 89' lang='lat'><strong>&#39;&#39;</strong></span> <span class='ocrx_word' id='word_1_287' title='bbox 1141 2487 1214 2527; x_wconf 89' lang='lat' dir='ltr'><strong>(Ps.</strong></span> <span class='ocrx_word' id='word_1_288' title='bbox 1235 2486 1359 2519; x_wconf 64' lang='lat' dir='ltr'><strong>[dcxvi.</strong></span> <span class='ocrx_word' id='word_1_289' title='bbox 1375 2496 1425 2527; x_wconf 86' lang='lat'><strong>14,</strong></span> <span class='ocrx_word' id='word_1_290' title='bbox 1446 2489 1495 2526; x_wconf 88' lang='lat'><strong>18,</strong></span> <span class='ocrx_word' id='word_1_291' title='bbox 1515 2488 1589 2529; x_wconf 82' lang='lat'>19);</span> 
     </span>
    </p>

    <p class='ocr_par' dir='ltr' id='par_1_18' title="bbox 209 2560 558 2614">
     <span class='ocr_line' id='line_1_37' title="bbox 209 2560 558 2614; baseline 0 -13"><span class='ocrx_word' id='word_1_292' title='bbox 209 2560 327 2614; x_wconf 88' lang='lat' dir='ltr'><strong>apud</strong></span> <span class='ocrx_word' id='word_1_293' title='bbox 352 2561 558 2610; x_wconf 89' lang='lat' dir='ltr'><strong>eundem,</strong></span> 
     </span>
    </p>
   </div>
   <div class='ocr_carea' id='block_1_10' title="bbox 273 2634 1691 2680">
    <p class='ocr_par' dir='ltr' id='par_1_19' title="bbox 273 2634 1691 2680">
     <span class='ocr_line' id='line_1_38' title="bbox 273 2634 1691 2680; baseline 0.004 -13"><span class='ocrx_word' id='word_1_294' title='bbox 273 2634 424 2677; x_wconf 80' lang='lat' dir='ltr'><strong>“Justus</strong></span> <span class='ocrx_word' id='word_1_295' title='bbox 439 2636 530 2668; x_wconf 88' lang='lat' dir='ltr'><strong>sicut</strong></span> <span class='ocrx_word' id='word_1_296' title='bbox 546 2637 664 2676; x_wconf 86' lang='lat' dir='ltr'><strong>palma</strong></span> <span class='ocrx_word' id='word_1_297' title='bbox 680 2637 827 2675; x_wconf 85' lang='lat' dir='ltr'><strong>florebit,</strong></span> <span class='ocrx_word' id='word_1_298' title='bbox 845 2637 937 2669; x_wconf 89' lang='lat' dir='ltr'><strong>sicut</strong></span> <span class='ocrx_word' id='word_1_299' title='bbox 952 2637 1078 2670; x_wconf 84' lang='lat' dir='ltr'><strong>cedrus</strong></span> <span class='ocrx_word' id='word_1_300' title='bbox 1094 2637 1131 2670; x_wconf 87' lang='lat' dir='ltr'><strong>in</strong></span> <span class='ocrx_word' id='word_1_301' title='bbox 1149 2638 1287 2670; x_wconf 87' lang='lat' dir='ltr'><strong>Libano</strong></span> <span class='ocrx_word' id='word_1_302' title='bbox 1303 2646 1439 2671; x_wconf 87' lang='lat' dir='ltr'><strong>crescet</strong></span> <span class='ocrx_word' id='word_1_303' title='bbox 1454 2649 1461 2678; x_wconf 75' lang='grc' dir='ltr'>ς</span> <span class='ocrx_word' id='word_1_304' title='bbox 1487 2640 1637 2680; x_wconf 85' lang='lat' dir='ltr'><strong>plantati</strong></span> <span class='ocrx_word' id='word_1_305' title='bbox 1656 2642 1691 2672; x_wconf 89' lang='lat' dir='ltr'><strong>in</strong></span> 
     </span>
    </p>
   </div>
   <div class='ocr_carea' id='block_1_11' title="bbox 380 2679 1696 2765">
    <p class='ocr_par' dir='ltr' id='par_1_20' title="bbox 380 2679 1696 2765">
     <span class='ocr_line' id='line_1_39' title="bbox 380 2679 1696 2765; baseline 0.004 -55"><span class='ocrx_word' id='word_1_306' title='bbox 380 2679 495 2764; x_wconf 62' lang='grc' dir='ltr'><strong>([Ῐὲωὲ</strong></span> <span class='ocrx_word' id='word_1_307' title='bbox 507 2679 675 2765; x_wconf 61' lang='lat' dir='ltr'><strong>Jehovaie),</strong></span> <span class='ocrx_word' id='word_1_308' title='bbox 696 2681 731 2712; x_wconf 90' lang='lat' dir='ltr'><strong>in</strong></span> <span class='ocrx_word' id='word_1_309' title='bbox 752 2682 851 2712; x_wconf 85' lang='lat' dir='ltr'><strong>atriis</strong></span> <span class='ocrx_word' id='word_1_310' title='bbox 872 2681 939 2713; x_wconf 88' lang='lat' dir='ltr'><strong>Dei</strong></span> <span class='ocrx_word' id='word_1_311' title='bbox 958 2682 1073 2713; x_wconf 82' lang='lat' dir='ltr'><strong>nostri</strong></span> <span class='ocrx_word' id='word_1_312' title='bbox 1092 2683 1373 2723; x_wconf 89' lang='lat' dir='ltr'><strong>germinabunt”</strong></span> <span class='ocrx_word' id='word_1_313' title='bbox 1391 2683 1463 2723; x_wconf 89' lang='lat' dir='ltr'><strong>(Ps.</strong></span> <span class='ocrx_word' id='word_1_314' title='bbox 1483 2684 1562 2715; x_wconf 83' lang='lat' dir='ltr'><strong>xcii.</strong></span> <span class='ocrx_word' id='word_1_315' title='bbox 1585 2693 1634 2723; x_wconf 89' lang='lat'><strong>13,</strong></span> <span class='ocrx_word' id='word_1_316' title='bbox 1655 2693 1696 2724; x_wconf 81' lang='lat'><strong>14</strong></span> 
     </span>
     <span class='ocr_line' id='line_1_40' title="bbox 436 2731 692 2762; baseline 0.004 -7"><span class='ocrx_word' id='word_1_317' title='bbox 436 2747 444 2755; x_wconf 92' lang='lat'><strong>.</strong></span> <span class='ocrx_word' id='word_1_318' title='bbox 500 2747 508 2754; x_wconf 92' lang='lat'><em>.</em></span> <span class='ocrx_word' id='word_1_319' title='bbox 529 2731 578 2761; x_wconf 89' lang='lat'><strong>12,</strong></span> <span class='ocrx_word' id='word_1_320' title='bbox 601 2732 639 2762; x_wconf 92' lang='lat'><strong>13</strong></span> <span class='ocrx_word' id='word_1_321' title='bbox 685 2735 692 2756; x_wconf 73' lang='grc' dir='ltr'>ε</span> 
     </span>
    </p>
   </div>
   <div class='ocr_carea' id='block_1_12' title="bbox 191 2809 1691 2932">
    <p class='ocr_par' dir='ltr' id='par_1_21' title="bbox 191 2809 1691 2932">
     <span class='ocr_line' id='line_1_41' title="bbox 208 2809 1691 2868; baseline 0.003 -17"><span class='ocrx_word' id='word_1_322' title='bbox 208 2809 327 2863; x_wconf 90' lang='lat' dir='ltr'><strong>quod</strong></span> <span class='ocrx_word' id='word_1_323' title='bbox 353 2823 432 2863; x_wconf 88' lang='lat' dir='ltr'><strong>per</strong></span> <span class='ocrx_word' id='word_1_324' title='bbox 454 2811 635 2852; x_wconf 85' lang='lat' dir='ltr'><strong>“atria&#39;’</strong></span> <span class='ocrx_word' id='word_1_325' title='bbox 657 2812 699 2852; x_wconf 89' lang='lat' dir='ltr'><strong>in</strong></span> <span class='ocrx_word' id='word_1_326' title='bbox 722 2811 807 2853; x_wconf 89' lang='lat' dir='ltr'><strong>illis</strong></span> <span class='ocrx_word' id='word_1_327' title='bbox 829 2811 940 2854; x_wconf 89' lang='lat' dir='ltr'><strong>locis</strong></span> <span class='ocrx_word' id='word_1_328' title='bbox 962 2812 1243 2867; x_wconf 87' lang='lat' dir='ltr'><strong>intelligatur</strong></span> <span class='ocrx_word' id='word_1_329' title='bbox 1264 2815 1453 2863; x_wconf 88' lang='lat' dir='ltr'><strong>caelum,</strong></span> <span class='ocrx_word' id='word_1_330' title='bbox 1477 2815 1519 2856; x_wconf 89' lang='lat' dir='ltr'><strong>in</strong></span> <span class='ocrx_word' id='word_1_331' title='bbox 1541 2816 1691 2868; x_wconf 87' lang='lat' dir='ltr'><strong>specie</strong></span> 
     </span>
     <span class='ocr_line' id='line_1_42' title="bbox 191 2872 1691 2932; baseline 0.004 -18"><span class='ocrx_word' id='word_1_332' title='bbox 191 2872 382 2915; x_wconf 69' lang='lat' dir='ltr'><strong>&#39;caelum</strong></span> <span class='ocrx_word' id='word_1_333' title='bbox 403 2873 608 2916; x_wconf 88' lang='lat' dir='ltr'><strong>ultimum</strong></span> <span class='ocrx_word' id='word_1_334' title='bbox 631 2881 677 2916; x_wconf 92' lang='lat' dir='ltr'><strong>et</strong></span> <span class='ocrx_word' id='word_1_335' title='bbox 703 2874 908 2927; x_wconf 87' lang='lat' dir='ltr'><strong>ecclesia,</strong></span> <span class='ocrx_word' id='word_1_336' title='bbox 931 2882 1141 2919; x_wconf 86' lang='lat' dir='ltr'><strong>constare</strong></span> <span class='ocrx_word' id='word_1_337' title='bbox 1167 2884 1321 2931; x_wconf 87' lang='lat' dir='ltr'><strong>potest</strong></span> <span class='ocrx_word' id='word_1_338' title='bbox 1347 2879 1515 2932; x_wconf 87' lang='lat' dir='ltr'><strong>absque</strong></span> <span class='ocrx_word' id='word_1_339' title='bbox 1542 2879 1691 2932; x_wconf 88' lang='lat' dir='ltr'><strong>expli—</strong></span> 
     </span>
    </p>
   </div>
  </div>
 </body>
</html>
