1962 3334
258 239 267 248 '
314 240 420 290 1640
723 246 1056 280 APOCALYPSIS
1087 247 1387 280 EXPLICATA.

307 360 407 401 nis‘'
425 366 470 402 et
491 361 727 414 “virgines
748 360 1125 414 Hierosolymae’'
1143 360 1399 414 significant
1418 360 1519 402 illos
1541 361 1584 402 in
1608 360 1800 402 ecclesia

306 424 380 477 qui
403 424 445 464 in
472 422 707 464 affectione
734 424 839 464 boni
866 430 912 464 et
935 425 1027 465 veri
1054 430 1173 473 sunt,
1198 430 1244 465 et
1270 422 1498 465 abstracte
1521 425 1640 477 ipsas
1665 423 1799 464 affec-

306 487 467 527 tiones.
528 486 667 539 Apud
692 486 977 536 Ezechielem,

381 576 547 608 Naucleri
569 577 768 608 “inducent
788 587 895 617 super
919 583 953 608 te
978 577 1168 615 calvitiem,
1189 583 1224 608 et
1248 577 1436 617 accingent
1455 587 1586 615 saccos,
1607 583 1642 608 et
1665 576 1801 608 flebunt

481 630 588 660 super
605 626 639 651 te
656 621 893 652 amaritudine
910 621 1062 659 animae,
1081 619 1226 661 planctu
1242 619 1393 651 arnar0”
1411 620 1531 660 (xxvii.
1550 621 1624 661 31):

305 708 416 749 haec
444 708 499 748 de
526 708 663 761 Tyro,
688 722 766 760 per
793 721 926 762 quam
954 707 1231 761 significatur
1253 708 1445 749 ecclesia
1467 708 1615 762 quoad
1642 709 1799 761 cogni-

305 772 454 812 tlones
481 772 572 811 veri
605 777 650 811 et
682 771 815 821 boni;
855 771 1043 824 proinde
1071 771 1208 811 etiam
1241 770 1549 823 significantur
1574 772 1799 824 cognitio-

305 848 385 874 nes
411 835 503 874 veri
526 841 571 874 et
598 835 703 874 boni
729 848 842 887 quae
866 841 970 874 sunt
993 833 1238 883 ecclesiae;
1271 834 1341 874 hic
1366 834 1631 875 describitur
1654 832 1799 874 lu&us

305 898 363 937 ob
389 897 488 937 illas
516 898 800 950 deperditas:
837 896 1073 937 “naucleri
1089 896 1107 911 ”
1133 896 1390 949 significant
1417 909 1575 937 omnes
1600 897 1673 950 qui
1699 897 1799 937 illas

305 960 452 1001 serunt
485 967 531 1000 et
564 961 926 1010 communicant;
967 957 1254 1000 “minducere
1286 959 1542 1000 calvitiem''
1575 959 1799 1012 significat

306 1022 683 1076 lu&um·propter
704 1024 855 1064 omnia
877 1022 1208 1076 intelligentiae
1227 1023 1463 1075 deperdita
1481 1036 1490 1073 ;
1525 1023 1799 1075 “accingere

304 1099 460 1127 saccos
478 1086 496 1101 ”
528 1085 753 1139 significat
786 1084 955 1126 luctum
994 1092 1180 1138 propter
1216 1086 1496 1138 cognitivum
1534 1086 1626 1126 veri
1662 1086 1799 1126 etiam

304 1149 614 1202 deperditum:
648 1150 750 1203 quia
777 1148 921 1190 luctus
948 1155 1018 1190 est
1045 1149 1118 1202 qui
1144 1149 1424 1196 describitur,
1453 1149 1554 1189 ideo
1580 1148 1797 1201 adjicitur,

307 1212 544 1253 “Flebunt
582 1226 713 1265 super
748 1219 793 1253 te
831 1212 1128 1253 amaritudine
1163 1212 1353 1260 animae,
1387 1209 1571 1264 planetu
1607 1211 1800 1252 amaro.’'

308 1274 446 1327 Apud
471 1275 807 1328 Evangelistas,

372 1365 474 1398 “Vae
493 1366 564 1404 tibi,
583 1366 758 1397 Chorazin
775 1376 781 1402 ;
807 1376 872 1397 vae
890 1366 962 1403 tibi,
983 1365 1196 1402 Bethsaida:
1226 1371 1415 1406 propterea
1432 1365 1526 1406 quod
1544 1364 1572 1395 si
1592 1364 1627 1395 in
1646 1364 1744 1405 Tyro
1764 1370 1800 1396 et

482 1410 614 1441 Sidone
634 1408 749 1440 fatstae
769 1409 921 1441 fuissent
941 1410 1089 1440 virtutes
1109 1419 1199 1450 quae
1220 1407 1335 1440 saetae
1360 1415 1443 1440 sunt
1467 1408 1503 1439 in
1524 1409 1636 1446 vobis,
1657 1408 1741 1439 olim
1762 1408 1798 1439 in

479 1463 583 1484 sacco
601 1460 636 1484 et
653 1454 770 1484 cinere
785 1453 1039 1494 paenitentiam
1057 1452 1245 1493 egissent'’
1263 1453 1406 1491 (Mansa.
1425 1452 1469 1484 xi.
1489 1460 1526 1483 21
1544 1461 1551 1490 ;
1571 1452 1654 1483 Luc.
1671 1461 1703 1484 x.
1724 1452 1797 1491 13):

307 1542 389 1583 “in
417 1555 550 1582 sacco
577 1548 622 1582 et
650 1542 797 1582 cinere
828 1542 1154 1595 paenitentiam
1181 1555 1315 1594 agere
1328 1541 1347 1556 ’‘
1372 1547 1442 1582 est
1474 1541 1626 1582 dolere
1658 1547 1704 1581 et
1731 1540 1797 1580 lu-

305 1619 412 1659 gere
436 1612 620 1659 propter
643 1619 732 1645 non
758 1606 1066 1658 receptionem
1090 1605 1240 1644 Divini
1263 1604 1385 1653 Veri,
1409 1610 1455 1645 et
1482 1610 1666 1657 propter
1688 1603 1799 1644 falsa

305 1675 352 1709 et
379 1668 498 1708 mala
524 1682 637 1721 quae
665 1668 955 1708 obstiterunt.
1016 1667 1154 1720 Apud
1181 1667 1364 1716 Joelem,

374 1764 509 1805 “Ejula
529 1765 618 1796 sicut
641 1764 742 1804 virgo
763 1762 880 1795 cinna
899 1774 1003 1795 sacco
1028 1773 1134 1804 super
1158 1773 1292 1804 sponso
1317 1763 1579 1794 adolescentiae
1604 1772 1688 1794 suae
1704 1772 1726 1798 ;.
1741 1787 1749 1794 .
1763 1787 1770 1795 .
1786 1787 1794 1795 .

480 1808 795 1848 circumcingimini
816 1815 851 1839 et
875 1808 1044 1848 plangite,
1065 1808 1292 1844 sacerdotes;
1321 1806 1461 1847 ejulate,
1483 1807 1635 1838 ministri
1655 1806 1798 1844 altaris:

480 1852 608 1890 yenite,
624 1850 830 1892 pernocstate
849 1852 884 1882 in
903 1852 1023 1889 saccis,
1039 1851 1191 1882 ministri
1211 1850 1276 1881 Dei
1294 1851 1362 1881 mei
1378 1860 1384 1888 ;
1410 1851 1492 1891 quia
1508 1850 1684 1891 prohibita
1700 1860 1721 1881 a
1737 1850 1800 1881 do-

480 1905 539 1926 mo
560 1896 626 1926 Dei
643 1895 751 1927 vestri
769 1895 936 1926 minchah
953 1901 988 1926 et
1006 1895 1160 1926 libamen
1173 1894 1191 1906 '⁷
1208 1895 1242 1934 (i.
1261 1895 1290 1932 8,
1311 1895 1383 1934 13):

306 1985 377 2026 hic
404 1985 560 2037 “cingi
583 1983 755 2032 sacco,'’
778 1990 823 2024 et
849 1981 1152 2036 “pernoctare
1179 1983 1222 2023 in
1250 1982 1430 2031 saccis‚’‘
1451 1981 1675 2035 significat
1702 1981 1796 2023 luc-

306 2054 402 2089 tum
435 2055 620 2101 propter
651 2047 936 2100 deperditum
968 2047 1134 2087 bonum
1167 2053 1213 2087 et
1245 2059 1399 2086 verum
1432 2045 1664 2094 ecclesiae,
1692 2059 1798 2086 nam

305 2124 384 2164 per
412 2110 708 2151 “mincham”
740 2109 1017 2163 significatur
1048 2110 1216 2150 bonum
1249 2108 1482 2158 ecclesiae,
1515 2114 1561 2149 et
1594 2122 1672 2162 per
1705 2108 1795 2148 “li-

307 2174 502 2215 bamen'’
528 2187 682 2214 verum
709 2173 814 2226 ejus.
875 2172 1014 2226 Apud
1038 2172 1195 2222 Amos,

372 2270 607 2302 “Ascendere
627 2270 754 2301 faciam
776 2279 883 2310 super
902 2279 1029 2300 ornnes
1049 2268 1190 2300 lumbos
1211 2277 1362 2306 saccum,
1383 2273 1417 2299 et
1438 2277 1544 2308 super
1563 2277 1672 2302 omne
1693 2274 1797 2308 caput

480 2314 670 2352 calvitiem,
688 2320 723 2344 et
744 2323 874 2353 ponam
895 2322 974 2344 eam
995 2312 1086 2344 sicut
1106 2310 1239 2343 luctum
1259 2312 1445 2351 unigeniti,
1463 2318 1499 2343 et
1518 2317 1700 2352 postrema
1718 2311 1797 2352 ejus

483 2358 573 2389 sicut
590 2358 683 2388 diem
702 2366 862 2388 amarum
874 2356 891 2368 ’'
909 2356 993 2396 (viii.
1015 2356 1086 2396 1o):

308 2449 502 2486 “saccus
542 2458 674 2497 super
710 2443 918 2484 lumbos”
956 2442 1179 2496 significat
1212 2440 1380 2483 luctum
1418 2442 1477 2483 ob
1512 2442 1797 2495 deperditum

307 2508 474 2548 bonum
507 2507 686 2554 amoris,
719 2506 804 2547 hoc
838 2506 956 2546 enim
988 2505 1266 2558 significatur
1297 2519 1375 2558 per
1409 2505 1623 2545 “lumbos
1641 2505 1675 2556 ;'’
1713 2508 1798 2546 “et

307 2570 510 2612 calvities
551 2583 683 2622 super
729 2569 895 2621 caput‘’
935 2568 1158 2621 significat
1204 2567 1372 2609 luctum
1417 2568 1476 2609 ob
1516 2568 1797 2621 deperditum

306 2631 586 2674 intelle—&um
613 2633 717 2673 veri.
779 2632 918 2684 Apud
943 2631 1149 2680 Esaiam,

373 2722 446 2754 “In
467 2723 633 2753 omnibus
654 2723 826 2762 capitibus
838 2722 855 2734 ''
878 2722 998 2753 Moabi
1020 2722 1217 2759 “calvities,
1235 2721 1353 2752 omnis
1374 2721 1483 2752 barba
1503 2730 1592 2758 rasa,
1614 2720 1649 2765 in
1670 2720 1796 2760 plateis

481 2766 557 2806 ejus
576 2766 804 2797 accinxerunt
821 2775 972 2804 saccum,
991 2775 1097 2806 super
1116 2763 1219 2797 ted'tis
1236 2765 1313 2806 ejus
1334 2770 1368 2796 et
1388 2765 1423 2796 in
1445 2764 1570 2805 plateis
1590 2763 1668 2804 ejus
1688 2763 1798 2804 ejula-

479 2810 539 2848 bit,
557 2810 778 2841 descendens
797 2810 832 2841 in
850 2809 971 2841 fletum
983 2809 1000 2821 '’
1018 2809 1087 2850 (xv.
1103 2816 1132 2847 2,
1151 2811 1183 2848 3)
1198 2818 1205 2847 ;

307 2886 424 2939 apud
450 2885 709 2934 Jeremz'am,
