1962 3334
638 262 744 296 CAP.
766 262 828 303 x.,
851 261 990 295 vmzs.
1011 261 1159 306 9.—N.
1179 250 1342 306 617[c].
1624 262 1643 293 1
1652 259 1672 305 5
1681 259 1728 304 51

242 375 353 418 riam
377 390 437 418 ex
458 375 627 426 Verbo,
649 382 698 417 et
719 390 779 417 ex
801 347 1122 417 doctrinalibus
1143 373 1377 423 ecclesiae,
1400 372 1483 414 nisi
1504 371 1581 414 illa
1602 385 1731 413 man-

241 439 407 480 dentur
427 440 562 480 vitae.
622 438 760 492 Apud
784 437 1080 486 Matthaeurm

308 539 407 572 Dixit
424 539 502 572 Rex
516 540 560 571 iis
581 549 606 571 a
619 539 764 578 dextris,
782 539 951 571 “Esurivi
967 545 1003 570 et
1021 538 1170 570 dedistis
1188 538 1277 570 Mihi
1294 538 1390 579 quod
1406 537 1561 575 ederem,
1578 536 1673 568 sitivi
1695 529 1732 567 et

414 584 564 624 potastis
582 582 696 615 Me.”.
710 608 718 615 .
731 608 739 614 .
753 582 815 615 ‚Et
834 583 903 614 illis
919 592 941 614 a
957 582 1124 618 sinistris.
1139 583 1158 596 ‘⁸
1171 582 1312 613 Esurivi
1331 587 1367 612 et
1383 591 1456 612 non
1474 580 1623 612 dedistis
1641 579 1731 611 Mihi

413 627 508 668 quod
524 627 677 666 ederem,
689 626 785 658 sitivi
802 632 837 658 et
853 636 927 658 non
945 626 1095 666 potastis
1113 625 1174 657 Me
1185 625 1205 637 ''
1221 626 1316 665 (xxv.
1328 632 1379 664 35,
1392 625 1469 665 42):

241 739 322 779 per
345 727 457 768 haec
483 741 659 780 quoque
685 726 926 779 spiritualis
951 725 1136 766 esuritio
1158 731 1205 766 et
1231 725 1342 772 sitis,
1366 731 1463 765 tum
1490 722 1731 777 spiritualis

239 803 342 831 esus
371 796 419 831 et
450 797 583 843 potus
609 788 912 842 significatur;
958 788 1201 842 spiritualis
1232 788 1417 828 esuritio
1448 793 1495 828 et
1525 787 1626 827 sitis
1658 794 1730 826 est

241 850 419 893 affefflo
442 858 489 893 et
525 852 792 893 desiderium
823 852 881 892 ad
914 852 1081 892 bonum
1118 857 1165 891 et
1196 863 1366 898 verum,
1398 863 1450 890 ac
1488 847 1730 901 spiritualis

242 928 344 955 esus
368 921 415 956 et
447 921 581 968 potus
606 921 677 956 est
702 912 952 962 instructio,
978 914 1182 967 receptio
1207 919 1254 954 et
1279 912 1600 966 appropriatio.
1660 910 1730 951 De

240 978 439 1020 Domino
469 979 528 1019 ibi
559 978 721 1019 dicitur
746 977 867 1031 quod
898 978 1064 1018 esuriat
1095 983 1142 1018 et
1174 977 1313 1024 sitiat,
1340 977 1443 1029 quia
1473 989 1533 1016 ex
1565 974 1730 1015 Divino

241 1039 415 1082 Amore
446 1041 673 1081 desiderat
705 1041 904 1081 omnium
941 1039 1161 1089 salutem;
1204 1045 1251 1080 et
1288 1039 1345 1079 de
1380 1038 1576 1095 homine,
1609 1038 1730 1091 quod

243 1103 450 1144 dederint
475 1103 594 1157 quod
620 1103 790 1151 ederet,
817 1109 864 1143 et
895 1102 1016 1156 quod
1042 1102 1300 1155 potaverint
1334 1101 1501 1154 Ipsum,
1529 1100 1648 1154 quod
1679 1099 1729 1140 fit

240 1166 421 1220 quando
445 1180 505 1206 ex
529 1164 765 1207 affectione
791 1179 817 1206 a
843 1166 1041 1206 Domino
1062 1166 1283 1218 recipiunt
1305 1171 1352 1205 et
1374 1165 1624 1218 percipiunt
1647 1163 1728 1203 bo-

241 1241 346 1269 num
367 1235 415 1269 et
436 1241 606 1277 verum,
624 1235 670 1269 et
692 1228 769 1269 illa
790 1229 871 1269 sibi
895 1242 973 1282 per
989 1229 1130 1268 vitam
1152 1228 1456 1281 appropriant.
1517 1226 1731 1267 Similiter

191 1304 195 1308 ’
241 1291 414 1332 dicetur
430 1291 486 1332 de
507 1291 688 1332 homine
710 1292 783 1344 qui
805 1305 864 1331 ex
882 1291 1019 1332 corde
1041 1297 1164 1331 amat
1186 1291 1415 1331 hominem
1433 1291 1667 1338 instruere,
1682 1296 1729 1330 et

240 1353 338 1395 vult
359 1353 658 1395 salvationem
684 1354 802 1407 ejus;
834 1361 904 1395 est
930 1354 1081 1407 itaque
1104 1354 1315 1402 charitas,
1338 1367 1416 1394 seu
1440 1350 1616 1393 affectio
1637 1353 1730 1392 veri

240 1416 495 1470 spiritualis,
517 1430 631 1470 quae
657 1431 735 1470 per
756 1417 834 1457 illa
854 1417 993 1458 verba
1018 1424 1066 1458 et
1092 1417 1263 1470 reliqua
1284 1417 1422 1457 etiam
1450 1416 1728 1456 describitur.

240 1478 316 1520 Ex
341 1477 472 1520 dietis
494 1492 610 1520 nunc
637 1486 846 1520 constare
868 1486 1022 1533 potest
1049 1479 1154 1533 quid
1179 1480 1224 1519 in
1249 1479 1467 1532 spirituali
1493 1492 1627 1519 sensu
1652 1491 1731 1531 per

241 1542 478 1583 comedere
509 1555 673 1595 panem
704 1549 750 1583 et
782 1543 934 1583 bibere
965 1543 1116 1583 vinum
1148 1542 1192 1582 in
1224 1541 1363 1583 Sacra
1393 1541 1531 1589 Cena,
1561 1540 1729 1581 Mattlt.

240 1605 367 1645 xxvi.
385 1604 465 1654 26;
494 1604 638 1645 Marc.
654 1605 746 1645 xiv.
762 1616 829 1652 22,
849 1604 1127 1658 significatur
1143 1619 1154 1655 ;
1186 1605 1259 1645 ubi
1276 1605 1414 1645 etiam
1432 1605 1593 1645 dicitur
1610 1604 1730 1657 quod

243 1668 408 1721 “panis
438 1668 496 1708 sit
528 1681 689 1721 corpus
721 1668 904 1721 Ipsius‚”
926 1675 973 1708 et
1001 1669 1205 1716 “vinum,
1232 1668 1414 1720 sanguis
1432 1667 1466 1717 ;''
1501 1667 1621 1720 quod
1652 1680 1731 1720 per

242 1730 473 1783 “panem‘’
503 1731 563 1770 ibi
599 1730 874 1783 significetur
902 1731 1072 1771 bonum
1103 1731 1282 1778 amoris,
1315 1738 1362 1770 et
1398 1743 1478 1783 per
1510 1729 1730 1770 “vinum'‘

239 1806 395 1833 verum
423 1806 484 1849 ex
515 1793 595 1833 illo
619 1793 754 1847 bono,
782 1794 902 1846 quod
927 1794 1065 1834 etiam
1092 1800 1162 1834 est
1193 1794 1361 1833 bonum
1388 1792 1504 1841 fidei,
1531 1800 1578 1833 et
1609 1793 1730 1846 quod

241 1855 384 1896 simile
406 1869 484 1909 per
502 1859 720 1896 “carnem
743 1863 789 1896 et
812 1856 1117 1909 sanguinem,”
1139 1863 1235 1896 tum
1257 1855 1378 1909 quod
1399 1869 1479 1908 per
1501 1860 1526 1875 “
1540 1856 1728 1896 mandu-

241 1918 502 1959 cationem’'
523 1917 799 1972 significetur
823 1919 1127 1972 appropriatio
1153 1926 1199 1959 et
1226 1917 1483 1970 conjunfflo
1505 1932 1605 1959 cum
1632 1919 1727 1959 Do-

241 1980 377 2029 mino,
415 1987 623 2021 constare
661 1987 814 2033 potest
856 1995 915 2021 ex
956 1981 1043 2021 illis
1083 1995 1198 2034 quae
1238 1981 1282 2021 in
1321 1980 1538 2021 Doc‘lrina
1577 1981 1732 2022 Novae

221 2038 577 2094 'Hierosolymae
597 2052 643 2091 (n.
659 2052 814 2089 210-222)
844 2041 966 2082 dicta
986 2048 1034 2082 et
1056 2049 1246 2082 ostensa
1270 2048 1390 2082 sunt.
1450 2041 1587 2094 Quod
1617 2042 1729 2083 talia

242 2101 549 2155 significentur
584 2116 663 2156 per
697 2107 899 2155 “panem
937 2110 983 2144 et
1019 2103 1212 2151 vinum,'’
1248 2116 1415 2156 perque
1449 2107 1646 2156 “corpus
1682 2112 1728 2145 et

241 2165 545 2218 sanguinem‚”
570 2172 667 2206 tum
699 2178 779 2218 per
805 2165 1280 2214 “manducationem”
1306 2166 1451 2206 adhuc
1478 2167 1729 2207 evidentius

241 2235 450 2270 constare
475 2234 629 2282 potest
655 2243 715 2269 ex
742 2229 925 2269 Domini
950 2229 1098 2269 verbis
1123 2229 1242 2282 apud
1266 2228 1535 2278 Jolcannem,

308 2328 329 2342 ‘⁴
341 2327 466 2360 Patres
486 2325 629 2359 1¹1vestri
646 2327 877 2359 comederunt
897 2338 1067 2359 mannam
1087 2328 1123 2359 in
1143 2328 1296 2366 deserto,
1313 2335 1349 2360 et
1368 2329 1497 2360 mortui
1518 2336 1611 2360 sunt.
1654 2328 1730 2361 Hic

413 2378 468 2403 est
485 2371 586 2412 panis
603 2371 661 2412 qui
681 2381 701 2402 e
717 2371 816 2402 caelo
832 2371 1016 2402 descendit
1029 2381 1052 2408 ;.
1068 2396 1075 2403 .
1089 2397 1096 2403 .
1111 2372 1156 2403 ,si
1176 2372 1254 2412 quis
1271 2373 1466 2404 comederit
1482 2383 1526 2404 ex
1541 2374 1608 2404 hoc
1626 2383 1729 2414 pane,

415 2415 511 2446 vivet
529 2415 564 2446 in
579 2415 759 2446 saeculum
774 2424 781 2452 ;
806 2415 909 2454 panis
926 2425 1012 2446 vero
1025 2424 1130 2455 quem
1149 2415 1225 2455 Ego
1242 2415 1335 2447 dabo
1349 2426 1432 2447 caro
1450 2426 1531 2447 mea
1543 2423 1607 2454 est,
1622 2426 1728 2458 quam

415 2457 493 2498 Ego
512 2458 605 2489 dabo
625 2468 689 2498 pro
709 2458 832 2489 mundi
849 2459 931 2489 vita.
962 2483 970 2490 .
985 2483 992 2490 .
1006 2483 1013 2489 .
1028 2458 1161 2490 .Amen
1180 2459 1261 2490 dico
1280 2459 1393 2498 vobis,
1412 2460 1480 2491 nisi
1500 2460 1727 2493 comederitis

414 2511 557 2533 carnem
577 2501 655 2533 Filii
671 2502 838 2539 hominis,
856 2509 891 2532 et
907 2502 1068 2533 biberitis
1087 2501 1204 2542 Ipsius
1220 2503 1443 2543 sanguinem,
1462 2513 1535 2534 non
1552 2504 1729 2535 habebitis

412 2545 523 2576 vitam
541 2545 577 2575 in
597 2545 722 2581 vobis;
747 2545 805 2585 qui
826 2545 1017 2576 manducat
1036 2555 1152 2576 meam
1172 2555 1327 2584 carnem,
1345 2553 1380 2578 et
1400 2547 1489 2578 bibit
1509 2557 1627 2578 meum
1648 2557 1730 2578 san-

413 2588 570 2628 guinem,
590 2589 696 2619 habet
721 2588 829 2619 vitam
854 2594 1049 2626 aeternam,
1066 2595 1102 2620 et
1125 2590 1344 2621 resuscitabo
1363 2600 1444 2621 eum
1465 2597 1626 2621 extremo
1650 2591 1727 2622 die:

419 2631 560 2672 ....qui
584 2632 776 2663 manducat
799 2641 916 2663 meam
941 2641 1095 2670 carnem,
1119 2640 1155 2664 et
1181 2633 1270 2664 bibit
1298 2643 1418 2665 meum
1442 2634 1666 2674 sanguinem,
1691 2635 1728 2665 in

415 2673 476 2706 Me
490 2681 610 2706 manet
628 2681 664 2706 et
682 2674 758 2714 Ego
778 2675 813 2705 in
832 2675 903 2706 illo.
934 2699 941 2707 .
956 2700 963 2706 .
977 2699 984 2707 .
1000 2700 1007 2706 .
1018 2674 1086 2706 Hic
1102 2682 1158 2707 est
1174 2677 1276 2716 panis
1293 2678 1351 2717 qui
1370 2687 1390 2708 e
1407 2678 1506 2708 caelo
1522 2678 1706 2708 descendit
1721 2687 1728 2713 ;

419 2741 428 2750 .
442 2741 450 2750 .
463 2742 471 2750 .
485 2718 559 2759 .qui
576 2718 767 2749 manducat
782 2718 876 2749 hunc
893 2728 1035 2758 panem,
1052 2719 1149 2751 vivet
1165 2720 1201 2751 in
1218 2727 1403 2752 aeternum
1414 2720 1433 2732 ’'
1450 2722 1508 2759 (vi.
1525 2722 1646 2761 49-58)
1661 2732 1668 2752 :

242 2821 361 2876 quod
388 2835 479 2863 non
504 2835 608 2863 caro
635 2835 716 2863 nec
743 2823 939 2875 sanguis,
968 2829 1063 2863 tum
1090 2837 1179 2864 non
1206 2825 1332 2878 panis
1358 2839 1439 2866 nec
1467 2826 1631 2873 vinum,
1655 2826 1726 2867 hic

242 2884 535 2938 intelligatur,
558 2886 637 2926 sed
664 2885 874 2926 Divinum
898 2886 1146 2939 procedens
1168 2901 1195 2928 a
1217 2888 1428 2938 Domino,
1451 2889 1596 2929 nullus
1619 2902 1724 2939 non,
