1962 3334
262 291 370 335 1474
670 291 1001 325 APOCALYPSIS
1033 292 1333 325 EXPLICATA.

257 417 336 456 per
372 402 484 444 haec
527 403 795 445 describitur
831 405 1061 458 quomodo
1098 405 1320 446 conflatur
1356 410 1403 445 et
1442 404 1750 458 compingitur

258 463 464 506 doctrina
490 480 568 519 per
589 466 715 515 falsa,
740 467 803 507 ita
830 481 907 521 per
934 468 1044 508 talia
1065 482 1179 521 quae
1203 482 1262 508 ex
1289 467 1467 521 propria
1488 465 1749 519 intelligen-

258 528 335 576 tia,
359 528 471 570 haec
495 530 646 569 omnia
669 531 788 570 enim
812 537 916 571 sunt
938 530 1076 581 falsa3
1110 544 1188 584 per
1213 534 1238 550 ‘⁴
1254 529 1472 571 artificem
1489 528 1509 544 '’
1530 535 1576 570 et
1602 532 1750 569 “con-

258 590 505 640 flatorem‚'’
525 598 620 632 tum
639 606 718 645 per
735 592 991 633 “artificem
1010 594 1263 646 sapientem
1277 592 1296 607 ”
1309 605 1442 645 quem
1461 591 1543 632 sibi
1561 591 1749 645 quaerit,

262 653 531 707 intelligitur
553 656 588 695 is
610 657 683 709 qui
707 655 799 696 tale
822 654 1073 697 doctrinale
1092 656 1221 709 fingit
1245 662 1291 697 et
1313 656 1477 697 format
1496 669 1505 706 ;
1538 661 1587 696 ut
1610 667 1748 708 appa-

260 723 358 758 reat
391 718 505 759 sicut
537 718 706 759 bonum
738 719 781 759 in
808 726 1004 760 externa
1029 719 1184 768 forma,
1213 718 1492 772 significatur
1523 731 1601 772 per
1631 716 1752 771 quod

262 784 409 821 “auro
440 781 638 822 obducat
670 781 779 822 illud
798 782 832 832 ;”
869 789 917 822 ut
953 781 1067 823 falsa
1103 782 1381 823 cohaereant
1418 787 1464 822 et
1502 785 1752 834 appareant

264 844 381 884 sicut
413 858 535 893 vera,
569 843 848 897 significatur
879 858 958 898 per
987 849 1213 886 “catenas
1243 845 1422 897 argenti
1449 842 1668 893 conflat;''
1703 848 1752 882 ut

263 907 325 947 sic
363 913 653 960 agnoscatur,
687 914 733 952 et
772 921 863 948 non
901 907 1108 949 videatur
1143 907 1319 956 salsum,
1359 906 1639 960 significatur
1674 918 1754 958 per

259 970 379 1023 quod
419 969 600 1023 “eligat
641 970 813 1024 lignum
851 971 972 1024 quod
1009 984 1100 1011 non
1138 969 1396 1024 putrescit,’'
1434 975 1481 1010 et
1518 982 1596 1023 per
1633 968 1752 1022 quod

262 1031 509 1086 “sculptile
536 1040 778 1086 praeparet
807 1039 855 1075 ut
889 1046 979 1074 non
1012 1032 1393 1074 commoveatur.”
1453 1032 1591 1086 Apud
1617 1031 1751 1081 Jere-

263 1109 412 1145 mmm,

327 1185 492 1217 “Stultus
513 1184 628 1218 faetus
652 1192 706 1217 est
731 1187 851 1218 omnis
875 1186 984 1217 homo
1003 1196 1024 1218 a
1044 1186 1203 1224 scientia,
1224 1185 1358 1226 pudore
1382 1183 1532 1216 affectus
1557 1190 1612 1216 est
1635 1184 1753 1215 omnis

436 1229 611 1261 conflator
629 1240 650 1261 a
674 1230 852 1270 sculptili;
882 1231 965 1271 quia
989 1230 1213 1261 mendacium
1238 1229 1342 1260 fusile
1367 1228 1454 1269 ejus,
1475 1238 1589 1269 neque
1608 1229 1753 1268 spiritus

436 1273 472 1304 in
493 1273 564 1310 eis;
593 1273 733 1305 vanitas
760 1274 829 1311 illa,
851 1284 942 1314 opus
962 1283 1133 1311 errorum,
1152 1273 1187 1304 in
1213 1279 1374 1313 tempore
1395 1272 1610 1303 visitationis
1630 1280 1753 1303 eorum

436 1316 630 1357 peribunt”
648 1316 694 1357 (x.
715 1325 763 1356 14,
785 1325 844 1356 15;
870 1327 944 1357 cap.
963 1317 996 1348 li.
1017 1325 1065 1355 17,
1087 1318 1158 1356 18):

263 1412 475 1466 quoniam
522 1426 600 1466 per
648 1411 895 1466 “sculptile
910 1411 930 1426 ''
975 1410 1253 1465 significatur
1300 1410 1460 1451 falsum
1505 1407 1751 1457 doctrinae,

261 1475 490 1529 religionis
517 1482 563 1516 et
591 1475 753 1525 cultus,
778 1476 879 1516 ideo
905 1475 1081 1523 dicitur,
1104 1474 1320 1516 “Stultus
1346 1472 1488 1514 factus
1510 1480 1580 1514 est
1607 1474 1754 1514 omnis

263 1537 401 1579 homo
427 1552 453 1579 a
479 1539 684 1587 scientia,
719 1545 765 1579 et
791 1539 962 1592 pudore
988 1537 1174 1580 affe&us
1205 1544 1275 1579 est
1308 1537 1455 1578 omnis
1481 1536 1703 1578 conflator
1728 1550 1754 1576 a

263 1600 461 1654 sculptili
479 1600 512 1651 ;’'
550 1615 629 1655 per
657 1601 935 1642 “scientiam
967 1615 1026 1642 ex
1059 1615 1147 1655 qua
1178 1600 1317 1641 homo
1349 1599 1516 1641 stultus
1547 1599 1596 1640 fit
1612 1599 1631 1614 ''
1663 1600 1753 1652 sig-

263 1663 468 1704 nificatur
494 1665 672 1718 propria
697 1664 1017 1717 intelligentia,
1046 1678 1182 1718 quare
1208 1663 1369 1704 salsum
1401 1663 1504 1704 inde
1527 1661 1753 1715 significa·

263 1733 334 1767 tur
359 1740 438 1780 per
466 1726 714 1780 “sculptile
732 1727 765 1778 ;”
802 1727 845 1767 id
877 1726 1037 1767 falsum
1064 1727 1202 1767 etiam
1234 1726 1505 1779 intelligitur
1531 1739 1610 1779 per
1634 1725 1754 1779 quod

266 1789 430 1831 “fusile
470 1789 563 1843 ejus
604 1791 662 1831 sit
704 1791 1004 1838 mendacium,
1043 1791 1223 1831 vanitas
1264 1796 1310 1830 et
1351 1802 1463 1842 opus
1506 1789 1755 1840 errorum;”

263 1854 382 1907 quod
415 1867 505 1894 non
537 1853 686 1907 aliqua
711 1854 807 1894 vita
838 1853 1080 1907 spiritualis
1107 1853 1214 1893 insit
1246 1851 1383 1901 falsis,
1413 1866 1490 1893 seu
1521 1851 1608 1892 illis
1639 1866 1754 1906 quae

263 1930 322 1957 ex
348 1917 527 1970 propria
559 1916 878 1969 intelligentia,
906 1916 1178 1969 intelligitur
1209 1929 1288 1969 per
1318 1915 1439 1968 quod
1468 1918 1597 1955 “non
1624 1915 1752 1968 spiri-

263 1986 337 2020 tus
362 1980 407 2020 in
433 1980 496 2020 eis
514 1979 548 2030 ;’'
586 1993 690 2019 nam
717 1980 760 2020 in
789 1979 962 2019 Divinis
989 1979 1119 2027 veris,
1149 1992 1226 2019 seu
1258 1979 1301 2018 in
1324 1978 1441 2018 veris
1467 1991 1581 2031 quae
1607 1991 1633 2018 a
1660 1977 1754 2017 Do-

264 2039 401 2090 mino,
429 2042 575 2083 solum
608 2048 678 2083 est
704 2043 813 2090 vita,
842 2042 958 2082 sicut
989 2042 1125 2082 docet
1153 2041 1390 2088 Dominus,
1423 2039 1616 2080 “Verba
1641 2053 1755 2093 quae

265 2104 368 2158 Ego
391 2104 549 2159 loquor
571 2105 714 2154 vobis,
742 2105 1052 2158 spiritussunt
1079 2111 1125 2145 et
1151 2104 1245 2144 vita
1272 2102 1408 2144 sunt”
1434 2101 1560 2156 (Jolz.
1583 2103 1639 2143 vi.
1662 2102 1753 2156 63).

265 2167 405 2221 Apud
432 2168 639 2217 eundem,

331 2264 514 2305 “Lignum
534 2265 578 2296 de
599 2264 689 2296 silva
705 2264 840 2302 cecidit,
858 2270 893 2295 et
912 2274 1002 2304 opus
1023 2272 1192 2295 manuum
1214 2262 1304 2294 fabri
1324 2272 1386 2302 per
1406 2262 1580 2300 securim;
1605 2267 1755 2302 argento

439 2314 474 2340 et
493 2318 581 2339 auro
601 2315 751 2339 exornat
771 2308 877 2345 illud;
902 2308 1011 2339 clavis
1028 2313 1063 2338 et
1082 2307 1220 2338 malleis
1238 2306 1354 2336 firmat
1374 2306 1434 2336 illa
1453 2313 1491 2336 ut
1510 2315 1583 2336 non
1604 2305 1755 2342 vacillet,

440 2352 531 2383 sicut
550 2352 669 2392 palma
688 2352 840 2383 solidum
861 2351 931 2389 illa,
952 2361 1017 2382 nec
1041 2351 1243 2391 loquuntur,
1264 2349 1440 2389 portando
1460 2355 1656 2389 portantur,
1675 2349 1756 2390 quia

440 2405 513 2426 non
532 2395 699 2426 incedunt
712 2406 735 2427 t.
751 2420 758 2427 .
772 2420 779 2427 .
795 2395 915 2427 ‚simul
932 2395 1152 2426 infatuantur
1168 2400 1203 2424 et
1220 2393 1441 2430 stultescunt,
1456 2393 1644 2432 disciplina
1656 2393 1757 2423 vani-

440 2445 552 2470 tatum
574 2439 708 2479 lignum
730 2445 806 2476 est,
831 2445 1018 2478 argentum
1039 2444 1225 2469 extensum
1246 2446 1290 2467 ex
1309 2436 1570 2467 Tharschischo
1586 2435 1755 2473 adfertur,

441 2489 476 2513 et
492 2492 616 2513 aurum
634 2493 678 2513 ex
696 2483 853 2522 Uphaso,
871 2492 960 2522 opus
978 2481 1069 2512 fabri
1087 2487 1122 2512 et
1138 2489 1307 2511 manuum
1325 2479 1540 2517 conflatoris,
1557 2479 1757 2519 hyacinthi·

441 2536 526 2557 num
547 2532 581 2557 et
601 2536 757 2566 purpura
775 2526 885 2556 vestis
905 2535 1040 2563 eorum,
1058 2534 1148 2564 opus
1168 2524 1368 2564 sapientum
1389 2529 1483 2555 tota:
1510 2529 1634 2554 contra
1650 2522 1757 2563 Jeho-

440 2570 519 2608 vah,
535 2569 632 2600 Deus
650 2569 820 2607 veritatis,
837 2569 900 2600 Ille
919 2569 1016 2600 Deus
1034 2569 1146 2606 vivus,
1165 2574 1199 2598 et
1219 2567 1295 2598 Rex
1311 2565 1470 2598 saecu1i”
1487 2566 1533 2606 (x.
1548 2573 1621 2605 3-5,
1636 2566 1755 2605 8-10):

266 2671 387 2726 quod
426 2684 505 2724 per
547 2669 828 2724 “sculptile'’
869 2670 940 2711 hic
982 2668 1267 2722 intelligatur
1306 2667 1466 2708 falsum
1507 2665 1753 2715 doctrinae,

265 2734 496 2787 religionis
528 2739 574 2774 et
601 2733 763 2781 cultus,
792 2731 944 2774 fictum
976 2739 1022 2773 et
1049 2732 1291 2772 formatum
1317 2731 1375 2771 ab
1400 2730 1646 2783 ingeniosis
1678 2743 1757 2782 per

266 2797 492 2851 propriam
514 2796 882 2849 intelligentiam,
908 2801 1092 2836 constat
1120 2808 1179 2835 ex
1205 2793 1394 2846 singulis
1416 2793 1532 2833 illius
1555 2792 1755 2844 descrip-

266 2860 402 2900 tionis
433 2860 478 2900 in
515 2872 649 2900 sensu
682 2858 900 2912 spirituali
937 2856 1180 2911 spe&atis;
1222 2856 1402 2910 propria
1433 2854 1753 2907 intelligentia,

266 2936 345 2976 per
370 2935 504 2977 quam
528 2922 572 2963 id
599 2922 840 2963 excuditur
871 2928 917 2963 et
943 2921 1173 2970 formatur,
1201 2919 1471 2972 intelligitur
1497 2931 1575 2971 per
1603 2921 1755 2970 “opus

1929 1969 1962 2815 22‘zv‘wefsfflsxmsaemfflffifflssfumffi··
1936 1612 1962 1712 .²-‡
1945 1574 1960 1580 2
1944 1535 1946 1542 ν
1940 1480 1947 1509 ·-
1943 1429 1946 1436 -

1940 1213 1959 1247 ΑΒ

1940 1241 1960 1306 ,ε

1936 2935 1943 2941 Α.
1936 2919 1957 2925 5
1916 2835 1962 2909 μὴ,
