1956 3328
0 2998 13 3110 -Αι-νν
0 2890 5 2986 -nv--
0 2874 4 2879 .
0 2835 2 2839 .
0 2798 4 2821 -,,

698 296 804 330 CAP.
827 296 907 336 XL,
930 295 1069 327 VERS.
1097 294 1264 339 19.--N.
1287 294 1381 339 702.
1678 294 1782 340 1907

301 412 550 454 “excidere
590 411 745 452 foedus
790 423 892 450 cum
937 408 1116 450 morte'’
1156 407 1378 462 significat
1422 406 1781 461 conjunffionem

299 489 378 528 per
401 474 559 516 falsum
585 488 644 515 ex
675 473 859 520 inferno,
887 486 946 512 ex
968 486 1067 525 quo
1093 472 1231 512 homo
1257 471 1545 524 spiritualiter
1571 473 1783 517 moritur;

301 538 483 578 “facere
500 537 718 577 visionem
737 549 837 576 cum
860 534 1061 575 inferno'’
1079 533 1302 587 significat
1320 534 1642 574 divinationem
1661 535 1786 587 quasi

299 599 608 653 propheticam
634 613 692 638 ex
717 598 900 638 inferno.
962 597 1035 637 Ex
1061 597 1129 636 his
1152 609 1269 636 nunc
1296 596 1339 636 in
1366 596 1476 636 serie
1499 596 1648 636 allatis
1674 611 1783 637 con-

299 668 419 703 stare
455 667 607 714 potest
643 660 762 714 quod
799 674 877 713 per
910 658 1143 707 “foedus,”
1180 659 1253 699 ubi
1294 659 1442 711 agitur
1477 659 1533 699 de
1572 659 1783 706 Domino,

299 723 573 777 significetur
602 721 856 775 conjunctio
887 735 965 774 per
998 722 1210 762 Divinum
1243 721 1427 761 Verum.
1487 721 1572 762 Est
1605 722 1784 775 quidem

300 784 554 838 conjunctio
575 798 674 826 cum
699 785 802 838 Ipso
826 798 903 837 per
924 785 1094 824 bonum
1111 785 1276 824 amoris
1295 797 1304 834 ;
1338 784 1418 824 sed
1441 785 1542 836 quia
1566 783 1786 824 Dominus

299 848 440 889 influit
465 848 583 901 apud
609 848 836 887 hominem
863 860 940 899 per
964 847 1133 887 bonum
1160 847 1202 886 in
1229 854 1348 894 vera,
1377 846 1494 886 unde
1520 846 1689 886 homini
1715 854 1786 887 est

299 909 475 951 affectio
505 911 609 957 veri,
638 915 684 950 et
715 910 853 950 homo
884 909 1041 962 recipit
1073 909 1242 949 bonum
1275 908 1457 948 Domini
1488 909 1530 948 in
1563 910 1692 957 veris,
1726 923 1785 949 ex

268 987 271 990 ·
300 973 458 1026 quibus
488 979 558 1014 est
589 972 651 1012 illi
683 973 870 1025 agnitio,
899 971 1119 1012 confessio
1150 977 1197 1011 et
1228 971 1432 1011 adoratio
1460 971 1655 1020 Domini,
1683 972 1787 1012 inde

300 1035 468 1076 bonum
485 1036 647 1076 amoris
669 1048 747 1087 per
763 1047 918 1074 verum
938 1033 1184 1086 conjungit,
1205 1034 1510 1086 comparative
1529 1035 1642 1074 sicut
1666 1034 1788 1075 calor

299 1097 407 1138 solis
433 1105 635 1150 tempore
662 1097 752 1137 veri
778 1104 824 1137 et
850 1097 1037 1136 aestatis
1063 1109 1166 1136 cum
1189 1094 1601 1136 fructificationibus
1627 1104 1786 1138 terrae.

379 1176 506 1221 ¹702.
544 1167 620 1207 “ft
652 1167 767 1206 facta
800 1170 896 1207 svnt
923 1166 1103 1219 fulgura,
1136 1178 1255 1206 voces
1293 1170 1338 1206 et
1373 1167 1786 1220 tonitrua,''—Quod

301 1228 523 1282 significet
549 1235 650 1269 tunc
672 1228 717 1268 in
743 1228 1041 1279 inferioribus,
1070 1227 1147 1268 ubi
1168 1227 1288 1275 mali,
1316 1227 1538 1282 confliHus
1563 1235 1605 1269 et
1634 1229 1790 1270 turbae

301 1290 609 1344 cogitationum
632 1297 675 1330 et
697 1290 1050 1331 ratiocinationes
1075 1304 1131 1330 ex
1151 1290 1283 1331 malis
1303 1297 1345 1330 et
1356 1290 1502 1342 falsis
1525 1291 1577 1331 de
1601 1291 1723 1332 bonis
1748 1299 1790 1332 et

301 1353 434 1401 veris,
463 1359 642 1393 constat
668 1367 727 1393 ex
754 1352 1081 1405 significatione
1107 1353 1380 1405 “fulgurum,
1409 1367 1569 1393 vocum
1596 1361 1642 1395 et
1669 1356 1786 1395 toni-

302 1415 489 1463 truum,'’
511 1415 631 1468 quod
657 1416 745 1456 sint
772 1415 1108 1463 illustrationes,
1134 1417 1435 1468 cogitationes
1461 1423 1507 1456 et
1534 1418 1786 1469 perceptio-

302 1489 382 1517 nes
407 1487 462 1525 (de
476 1495 540 1524 qua
553 1496 658 1524 supra,
674 1496 704 1516 n.
723 1487 820 1528 273)
839 1491 847 1526 ;
880 1483 926 1516 et
953 1477 996 1516 in
1020 1477 1234 1529 opposito
1255 1490 1404 1524 sensu,
1424 1484 1472 1517 ut
1495 1477 1582 1525 hic,
1602 1478 1786 1519 conflic-

297 1543 374 1578 tus
398 1544 444 1578 et
470 1538 627 1578 turbae
653 1539 995 1590 cogitationum,
1024 1545 1070 1578 et
1095 1539 1462 1578 ratiocinationes
1488 1552 1547 1578 ex
1581 1539 1709 1579 malis
1735 1547 1782 1581 et

300 1597 426 1638 falsis
451 1598 507 1638 de
528 1598 659 1638 bonis
681 1606 728 1638 et
754 1599 870 1638 veris
893 1598 1116 1638 ecclesiae
1135 1609 1190 1646 (de
1205 1618 1270 1645 qua
1283 1610 1378 1637 etiam
1393 1618 1499 1646 supra.
1515 1619 1546 1639 n.
1561 1601 1676 1651 498).
1734 1601 1787 1641 In

302 1672 436 1699 sensu
458 1658 613 1699 stri5to
640 1673 718 1712 per
742 1663 766 1679 “
783 1659 984 1711 fulgura”
1007 1659 1316 1712 significantur
1338 1660 1632 1712 caligationes
1655 1661 1787 1702 intel-

304 1720 460 1770 lectus,
486 1735 563 1774 per
582 1721 784 1762 “voces''
806 1722 1188 1770 ratiocinationes,
1213 1729 1259 1762 et
1285 1736 1363 1774 per
1387 1726 1411 1742 ‘⁶
1429 1723 1658 1763 tonitrua’'
1680 1737 1787 1764 con-

302 1783 426 1830 clusa
459 1784 555 1824 salsi
592 1798 651 1824 ex
690 1783 837 1834 malo;
880 1791 926 1824 et
963 1784 1065 1836 quia
1101 1798 1160 1824 ex
1200 1784 1299 1832 illis,
1334 1785 1580 1825 secundum
1618 1792 1787 1827 statum

301 1846 562 1887 interiorum
583 1847 701 1898 apud
727 1846 840 1894 illos,
870 1853 976 1886 tunc
1004 1846 1115 1886 fiunt
1141 1845 1371 1887 confli&us
1397 1854 1442 1887 et
1470 1847 1626 1888 turbae
1653 1848 1786 1889 affec-

302 1909 475 1949 tionum
507 1915 554 1949 et
585 1910 929 1961 cogitationum,
958 1915 1003 1949 et
1035 1909 1138 1949 inde
1170 1910 1535 1949 ratiocinationes
1566 1924 1625 1950 ex
1658 1911 1786 1951 malis

301 1977 348 2012 et
378 1971 498 2011 salsis
529 1971 584 2011 de
615 1971 744 2011 bonis
784 1978 830 2011 et
870 1972 985 2011 veris
1021 1971 1252 2019 ecclesiae,
1287 1972 1387 2012 ideo
1424 1972 1534 2012 haec
1576 1987 1634 2013 ex
1676 1975 1787 2014 serie

301 2040 606 2087 consequente
638 2047 662 2073 a
694 2033 1066 2086 praecedentibus
1092 2047 1170 2086 per
1201 2034 1277 2074 illa
1302 2035 1439 2075 verba
1465 2035 1786 2087 significantur.

305 2097 438 2150 Quod
459 2096 683 2148 “sulgura,
700 2109 834 2136 voces
853 2103 897 2136 et
917 2096 1152 2144 tonitrua‚‘’
1168 2103 1263 2136 tum
1282 2098 1419 2137 etiam
1436 2101 1460 2117 “
1473 2104 1618 2138 terrae
1637 2106 1786 2139 motus

301 2167 349 2202 et
380 2159 584 2213 grando”
615 2160 874 2199 exstiterint
906 2159 948 2198 in
981 2159 1270 2207 inferioribus,
1306 2166 1432 2212 patet
1470 2174 1529 2200 ex
1565 2175 1632 2209 eo,
1667 2162 1787 2214 quod

301 2224 346 2264 in
379 2222 675 2275 superioribus
712 2223 854 2261 visum
894 2222 951 2262 sit
996 2221 1295 2273 “templum,’'
1335 2230 1380 2263 et
1418 2224 1511 2263 visa
1551 2225 1607 2264 sit
1646 2228 1786 2265 “arca

301 2285 492 2326 foederis
531 2286 575 2325 in
612 2284 823 2336 templo‚’'
855 2297 933 2336 per
968 2298 1080 2337 quae
1118 2284 1395 2337 significatur
1425 2287 1645 2338 apparitio
1683 2288 1786 2327 novi

302 2347 415 2388 caeli
441 2347 514 2387 ubi
541 2346 687 2387 cultus
714 2346 909 2394 Domini,
938 2354 983 2386 et
1010 2348 1366 2398 repraesentatio
1393 2347 1542 2388 Divini
1569 2348 1676 2388 Veri
1709 2363 1787 2402 per

301 2409 421 2463 quod
438 2407 704 2461 conjunctio,
726 2415 773 2449 ut
793 2423 851 2448 ex
868 2409 1233 2461 praecedentium
1251 2409 1558 2461 explicatione
1577 2419 1785 2452 constare

301 2478 481 2524 potest;
514 2485 572 2512 ex
599 2471 756 2525 quibus
779 2472 978 2524 sequitur
1004 2471 1126 2524 quod
1153 2471 1228 2511 illa
1254 2473 1515 2513 exstiterint
1542 2474 1584 2513 in
1611 2474 1787 2514 inferio-

301 2533 420 2574 ribus
446 2547 524 2586 per
554 2534 770 2574 influxum
803 2548 826 2573 e
859 2533 996 2573 caelis
1023 2534 1337 2586 superioribus.
1400 2534 1533 2586 Quod
1567 2536 1674 2575 talia
1706 2551 1787 2576 ex-

301 2596 498 2636 stiterint
530 2596 573 2636 in
605 2596 878 2636 inferioribus
906 2609 984 2647 per
1009 2596 1226 2636 influxum
1259 2610 1282 2636 e
1309 2597 1444 2636 caelis
1471 2598 1783 2650 superioribuS,

301 2657 574 2698 elucidatum
600 2665 668 2698 est
696 2659 838 2710 prius:
872 2658 951 2697 sed
977 2659 1078 2710 quia
1101 2658 1208 2698 talia
1230 2666 1333 2699 sunt
1360 2673 1472 2712 quae
1501 2673 1588 2699 non
1618 2661 1783 2701 cadunt

301 2721 346 2761 in
367 2720 550 2772 alicujus
572 2719 865 2768 intellectum,
891 2721 971 2760 nisi
995 2734 1071 2772 per
1093 2722 1238 2761 vivam
1262 2722 1584 2762 revelationem
1609 2730 1652 2763 et
1681 2723 1782 2763 inde

302 2783 608 2835 cognitionem
639 2783 694 2822 de
727 2783 896 2822 influxu
922 2784 1196 2835 superiorum
1229 2785 1271 2823 in
1304 2784 1508 2824 inferiora
1539 2786 1581 2824 in
1616 2785 1783 2825 mundo

302 2844 532 2896 spirituali,
565 2845 674 2884 haec
707 2846 807 2897 quia
845 2845 949 2884 mihi
982 2845 1180 2885 revelata
1212 2853 1328 2893 sunt,
1364 2854 1408 2886 et
1447 2847 1548 2886 inde
1582 2848 1780 2898 cognita,

303 2906 436 2947 velim
467 2907 551 2948 hoc
589 2920 798 2947 arcanum
831 2908 1024 2948 breviter
1060 2922 1301 2960 exponere.
1364 2909 1412 2949 In
1452 2910 1618 2950 mundo
1655 2911 1780 2962 spiri-
