1956 3328
270 310 373 354 1902
680 313 1011 348 APOCALYPSIS
1043 316 1343 351 EXPLICATA.

263 423 375 465 haec
414 425 470 465 de
507 425 834 468 instauratione
873 442 1016 469 novae
1049 429 1267 472 ecclesiae
1305 445 1330 472 a
1368 431 1592 474 Domino:
1636 433 1756 487 quod

264 493 371 527 tunc
401 488 621 529 Dominus
649 503 738 530 non
765 489 959 531 facturus
986 493 1043 532 sit
1071 492 1225 534 f0edus
1257 507 1358 534 cum
1390 494 1482 535 fera
1513 496 1622 548 agri,
1651 509 1752 537 cum

263 551 333 590 avi
361 550 602 599 caelorum,
628 559 674 592 et
707 566 808 593 cum
840 554 990 606 reptili
1018 561 1178 603 terrae,
1208 563 1367 609 patet3
1406 571 1541 610 quare
1570 571 1649 611 per
1679 558 1756 599 illa

262 612 575 664 significantur
600 615 710 655 talia
742 629 855 668 quae
888 617 1005 669 apud
1039 617 1269 659 hominem
1297 627 1428 669 sunt;
1469 634 1548 673 per
1576 621 1754 661 “feram

261 675 390 728 agri”
423 675 599 717 affectio
636 679 728 718 veri
766 685 811 719 et
850 679 970 728 boni,
1004 694 1082 733 per
1122 685 1290 722 “avem
1329 682 1556 723 caelorum
1573 683 1592 699 '’
1629 685 1755 737 cogi-

260 739 377 779 tatio
404 740 661 792 spiritualis,
686 747 732 781 et
761 755 838 794 per
864 743 1062 796 “reptile
1090 744 1268 784 terrae”
1294 745 1590 786 scientificum
1619 753 1753 787 natu-

259 799 367 839 ralis
402 800 599 841 hominiS
618 816 627 852 ζ
669 812 762 850 (quid
785 822 842 850 per
863 815 986 851 reliqua
1008 815 1212 852 significatur,
1233 817 1379 845 videatur
1401 826 1506 854 supra,
1530 827 1561 847 n.
1585 806 1718 859 650[e]
1732 819 1755 856 ;)

255 863 362 905 inde
397 872 528 918 patet
564 867 686 920 quod
724 864 965 916 “foedusss’
1000 868 1121 921 quod
1159 868 1382 909 Dominus
1418 869 1630 922 pacturus
1664 877 1750 920 est,

255 927 316 967 sit
346 927 504 969 foedus
535 929 784 982 spirituale,
818 944 896 970 seu
933 930 1091 970 foedus
1122 945 1202 984 per
1238 932 1473 984 spirituale
1503 946 1674 982 verum,
1706 940 1751 974 et

257 1004 347 1031 non
369 991 527 1031 foedus
550 1005 629 1044 per
651 992 859 1032 naturale
881 1006 1052 1041 verum,
1079 1007 1158 1046 per
1180 994 1301 1046 quod
1324 1007 1426 1034 cum
1449 994 1548 1034 filiis
1571 995 1752 1036 Israelis

255 1053 414 1107 pactus
441 1060 538 1104 est;
575 1054 661 1095 hoc
693 1055 846 1108 itaque
873 1062 944 1095 est
974 1055 1171 1095 “foedus
1197 1055 1372 1104 vetu5,‘’
1397 1063 1444 1097 et
1474 1057 1586 1097 illud
1605 1057 1749 1098 '“foe-

254 1117 339 1157 dus
380 1117 590 1157 novum.'’
661 1116 890 1170 Quoniam
927 1132 1007 1171 per
1045 1118 1300 1171 “Legem,'‘
1336 1133 1451 1172 quae
1491 1133 1516 1159 a
1551 1119 1751 1161 Domino

255 1181 550 1233 promulgata
581 1187 652 1220 est
683 1195 707 1221 e
739 1180 903 1221 Monte
935 1181 1073 1228 Sinai,
1102 1182 1145 1221 in
1178 1182 1274 1221 lato
1306 1196 1441 1222 sensu
1471 1183 1752 1235 significatur

255 1241 476 1290 Verbum,
496 1243 600 1283 ideo
622 1244 761 1284 etiam
785 1243 988 1291 tabulae,
1009 1244 1168 1297 quibus
1193 1244 1293 1284 Lex
1312 1244 1389 1284 illa
1411 1245 1630 1298 inscripta
1651 1245 1749 1294 fuit,

252 1311 480 1346 vocantur
509 1305 735 1346 “tabulae
761 1305 997 1355 foederis,”
1023 1307 1143 1359 apud
1167 1307 1337 1355 Mosen,

325 1400 512 1431 “Ascendi
531 1400 565 1431 in
586 1406 745 1431 montem
764 1401 808 1431 ad
825 1401 1070 1440 accipiendum
1091 1401 1228 1432 tabulas
1246 1402 1412 1441 lapidum,
1432 1402 1569 1433 tabulas
1586 1402 1750 1440 foederis,

435 1445 529 1484 quod
549 1445 678 1475 excidit
698 1444 859 1485 Jehovah
882 1445 1063 1475 vobiscum
1082 1454 1104 1479 ;.
1120 1470 1127 1476 .
1141 1470 1148 1476 .
1164 1455 1199 1476 .a
1219 1445 1288 1475 fine
1309 1446 1544 1485 quadraginta
1560 1446 1695 1476 dierum
1716 1452 1752 1477 et

432 1488 666 1528 quadraginta
683 1486 842 1518 noc'tium
861 1488 958 1519 dedit
974 1489 1060 1519 mihi
1076 1488 1238 1529 Jehovah
1255 1489 1342 1519 duas
1361 1489 1498 1519 tabulas
1516 1489 1682 1529 lapidum,
1701 1496 1751 1520 ta-

430 1531 532 1562 bulas
548 1531 703 1562 foederis
715 1531 733 1542 ''
751 1531 886 1571 (Deutr.
905 1532 949 1562 ix.
967 1541 997 1572 9,
1018 1531 1070 1571 11)
1085 1543 1092 1563 ;

254 1633 334 1674 per
355 1623 378 1639 “
393 1617 608 1658 tabulas”
626 1617 743 1665 illas,
767 1618 853 1658 hoc
878 1624 963 1666 est,
987 1632 1067 1671 per
1087 1622 1111 1638 ‘⁶
1126 1617 1334 1671 Legem”
1356 1618 1445 1658 illis
1467 1619 1748 1671 inscriptam,

253 1682 530 1735 intelligitur
570 1681 786 1720 Divinum
828 1680 1017 1728 Verum,
1063 1694 1143 1734 per
1186 1681 1307 1734 quod
1347 1680 1606 1733 conjunffio
1646 1694 1746 1721 cum

256 1746 485 1793 Domino;
522 1757 581 1783 ex
613 1757 700 1796 qua
731 1742 1052 1795 conjunffione
1083 1750 1307 1783 vocantur
1340 1743 1563 1783 “tabulae
1594 1743 1749 1784 foede-

253 1807 363 1848 ris:''
403 1812 449 1847 et
486 1806 590 1859 quia
626 1806 773 1845 omnis
806 1805 1080 1857 conjunctio,
1114 1806 1230 1845 sicut
1266 1805 1440 1853 foedus,
1473 1804 1521 1845 fit
1557 1819 1582 1845 a
1617 1811 1748 1858 parte

253 1872 382 1911 unius
409 1876 454 1910 et
482 1883 507 1909 a
533 1875 663 1922 parte
690 1869 891 1916 alterius,
919 1869 983 1909 ita
1009 1869 1205 1909 vicissim
1233 1870 1457 1922 utrinque,
1484 1868 1588 1908 ideo
1613 1868 1748 1908 tabu-

253 1933 325 1974 lae
347 1933 452 1973 illae
475 1932 608 1972 binae
633 1931 827 1978 fuerunt,
853 1938 897 1971 et
924 1945 983 1971 ex
1010 1931 1162 1984 lapide
1184 1945 1192 1980 ;
1225 1931 1345 1984 quod
1372 1945 1431 1971 ex
1458 1931 1624 1984 lapide,
1649 1937 1746 1971 erat

253 1997 356 2049 quia
382 2009 461 2048 per
489 1993 761 2047 “lapidem''
787 1994 928 2034 etiam
954 1993 1235 2046 significatur
1261 1993 1475 2033 Divinum
1502 1993 1676 2033 Verum
1703 1994 1746 2034 in

253 2058 424 2099 ultimis
447 2069 606 2105 (videatur
618 2068 650 2096 in
660 2067 800 2106 Arcanis
814 2067 1132 2104 Caelestibus,n.643,
1146 2076 1235 2103 3720,
1249 2067 1339 2103 6426,
1354 2067 1442 2103 8609,
1459 2067 1583 2104 10376).
1633 2056 1747 2096 Inde

253 2129 323 2163 est
349 2121 470 2174 quod
493 2133 613 2168 arca,
637 2121 681 2159 in
704 2133 791 2172 qua
814 2119 1001 2159 tabulae
1023 2119 1132 2159 illae
1154 2119 1384 2171 repositae
1406 2118 1601 2166 fuerunt,
1626 2117 1747 2159 dicta

252 2186 310 2225 sit
339 2189 482 2224 “arca
507 2182 743 2230 foederis,”
770 2188 816 2222 et
847 2182 968 2235 quod
1001 2182 1080 2221 illa
1110 2182 1228 2234 apud
1259 2181 1375 2221 filios
1405 2181 1588 2221 Israelis
1613 2180 1747 2221 fuerit

252 2246 540 2287 sanctissima
566 2245 730 2292 cultus,
758 2245 814 2285 de
840 2258 928 2297 qua
951 2244 1161 2284 videatur
1186 2243 1404 2284 articulus
1430 2243 1724 2296 praecedens.

336 2315 426 2369 [ὦ]
469 2315 643 2362 Tertio,
680 2314 809 2364 Quod
836 2320 1089 2366 praecepta,
1111 2313 1294 2365 judicia
1332 2319 1374 2352 et
1411 2319 1598 2360 statuta,
1621 2312 1743 2365 filiis

251 2378 443 2419 Israelis
461 2377 690 2424 mandata,
698 2377 883 2428 fuerint
897 2375 995 2416 illis
1006 2376 1185 2427 foedus,
1207 2375 1314 2428 quia
1331 2381 1417 2427 per
1431 2374 1515 2415 illa
1523 2375 1628 2426 suit
1647 2381 1748 2415 tunc

251 2440 494 2494 corgjuanio
527 2454 621 2479 cum
656 2439 860 2487 Domino,
898 2445 1111 2479 constare
1151 2443 1307 2490 potest
1351 2451 1410 2477 ex
1451 2437 1746 2490 sequentibus

253 2503 365 2544 locis
383 2502 594 2555 z—Apud
618 2502 789 2551 Mosen,

319 2597 385 2628 “Si
410 2597 445 2628 in
472 2596 613 2628 statutis
639 2596 727 2627 meis
747 2595 1026 2632 ambulaveritis,
1047 2602 1081 2626 et
1101 2601 1291 2635 praecepta
1315 2604 1394 2625 mea
1414 2594 1689 2625 observaveritis
1709 2600 1744 2624 et

433 2640 585 2671 feceritis
606 2649 674 2678 ea,.
690 2665 696 2671 .
711 2665 717 2671 .
733 2639 935 2679 .respiciam
957 2640 1000 2670 ad
1021 2649 1112 2676 vos,.
1128 2663 1134 2670 .
1149 2663 1155 2670 .
1172 2644 1223 2669 ,et
1243 2636 1461 2668 fructificabo
1481 2647 1545 2668 vos
1570 2644 1604 2668 et
1629 2637 1746 2668 multi-

433 2684 570 2724 plicabo
587 2693 662 2720 vos,
681 2689 715 2714 et
732 2683 950 2713 confirmabo
968 2682 1094 2713 foedus
1112 2692 1230 2712 meum
1249 2681 1444 2712 vobiscum.
1475 2706 1482 2712 .
1498 2705 1504 2712 .
1519 2705 1526 2712 .
1541 2681 1606 2712 .At
1625 2681 1654 2711 si
1676 2686 1745 2712 sta-

431 2734 507 2758 tuta
524 2736 604 2758 mea
620 2727 905 2766 reprobaveritis,
923 2733 960 2757 ut
979 2736 1050 2756 non
1069 2726 1205 2756 faciatis
1224 2725 1346 2755 omnia
1363 2731 1551 2764 praecepta
1567 2734 1672 2761 mea„
1689 2749 1695 2755 .
1710 2748 1716 2754 .
1733 2748 1739 2754 .

427 2771 510 2802 dum
545 2770 680 2800 irritum
710 2770 864 2800 feceritis
897 2769 1022 2800 foedus
1053 2768 1205 2806 meum,”
1234 2769 1448 2799 contrarium
1481 2768 1608 2798 faciam
1642 2767 1744 2798 vobis

1104 2813 1112 2823 1

427 2813 547 2854 (Levit.
565 2814 658 2844 xxvi.
677 2822 705 2852 3,
725 2823 754 2853 9,
776 2821 823 2851 15,
842 2815 948 2853 seq.):

252 2901 296 2941 in
332 2900 481 2953 capite
521 2899 829 2952 praecedente
865 2904 1160 2952 exponuntur
1195 2903 1372 2938 statuta
1413 2903 1459 2937 et
1496 2902 1742 2949 praecepta

253 2976 368 3016 quae
395 2962 679 3002 observaturi
711 2967 839 3002 erant
872 2968 916 3001 et
943 2960 1128 3011 facturi;
1170 2967 1215 3000 et
1247 2961 1289 2999 in
1322 2960 1407 3000 hoc
1440 2959 1590 3012 capite
1621 2958 1742 2999 bona
