<?xml version="1.0" encoding="UTF-8"?>
<!DOCTYPE html PUBLIC "-//W3C//DTD XHTML 1.0 Transitional//EN"
    "http://www.w3.org/TR/xhtml1/DTD/xhtml1-transitional.dtd">
<html xmlns="http://www.w3.org/1999/xhtml" xml:lang="en" lang="en">
 <head>
  <title>
</title>
<meta http-equiv="Content-Type" content="text/html;charset=utf-8" />
  <meta name='ocr-system' content='tesseract 3.04.00' />
  <meta name='ocr-capabilities' content='ocr_page ocr_carea ocr_par ocr_line ocrx_word'/>
</head>
<body>
  <div class='ocr_page' id='page_1' title='image "apocalypsisexpli03sweduoft_0123.png"; bbox 0 0 1962 3334; ppageno 0'>
   <div class='ocr_carea' id='block_1_1' title="bbox 0 0 117 541">
    <p class='ocr_par' dir='ltr' id='par_1_1' title="bbox 0 0 117 541">
     <span class='ocr_line' id='line_1_1' title="bbox 0 0 117 541; baseline 0 2793"><span class='ocrx_word' id='word_1_1' title='bbox 0 0 117 541; x_wconf 95' lang='lat' dir='ltr'> </span> 
     </span>
    </p>
   </div>
   <div class='ocr_carea' id='block_1_2' title="bbox 658 273 1776 328">
    <p class='ocr_par' dir='ltr' id='par_1_2' title="bbox 658 273 1776 328">
     <span class='ocr_line' id='line_1_2' title="bbox 658 273 1776 328; baseline -0.002 -12"><span class='ocrx_word' id='word_1_2' title='bbox 658 285 763 317; x_wconf 84' lang='lat' dir='ltr'>CAP.</span> <span class='ocrx_word' id='word_1_3' title='bbox 787 284 868 324; x_wconf 89' lang='lat' dir='ltr'>1x.,</span> <span class='ocrx_word' id='word_1_4' title='bbox 891 284 1030 316; x_wconf 84' lang='lat' dir='ltr'>VERS.</span> <span class='ocrx_word' id='word_1_5' title='bbox 1058 274 1226 315; x_wconf 85' lang='lat' dir='ltr'>16.—N.</span> <span class='ocrx_word' id='word_1_6' title='bbox 1253 273 1416 328; x_wconf 86' lang='lat' dir='ltr'><strong><em>573[b].</em></strong></span> <span class='ocrx_word' id='word_1_7' title='bbox 1442 286 1448 290; x_wconf 93' lang='lat'><em>·</em></span> <span class='ocrx_word' id='word_1_8' title='bbox 1670 284 1776 327; x_wconf 88' lang='lat'>1437</span> 
     </span>
    </p>
   </div>
   <div class='ocr_carea' id='block_1_3' title="bbox 361 397 1780 656">
    <p class='ocr_par' dir='ltr' id='par_1_3' title="bbox 361 397 1780 656">
     <span class='ocr_line' id='line_1_3' title="bbox 361 397 1779 439; baseline -0.001 -9"><span class='ocrx_word' id='word_1_9' title='bbox 361 399 380 413; x_wconf 83' lang='lat'>¹¹</span> <span class='ocrx_word' id='word_1_10' title='bbox 392 397 602 431; x_wconf 86' lang='lat' dir='ltr'>Revertetur</span> <span class='ocrx_word' id='word_1_11' title='bbox 625 409 688 430; x_wconf 88' lang='lat' dir='ltr'>rex</span> <span class='ocrx_word' id='word_1_12' title='bbox 716 398 984 439; x_wconf 84' lang='lat' dir='ltr'>septentrionis,</span> <span class='ocrx_word' id='word_1_13' title='bbox 1009 404 1044 430; x_wconf 87' lang='lat' dir='ltr'>et</span> <span class='ocrx_word' id='word_1_14' title='bbox 1072 398 1174 429; x_wconf 85' lang='lat' dir='ltr'>sistet</span> <span class='ocrx_word' id='word_1_15' title='bbox 1201 397 1469 429; x_wconf 86' lang='lat' dir='ltr'><strong>multitudinem</strong></span> <span class='ocrx_word' id='word_1_16' title='bbox 1494 406 1664 437; x_wconf 87' lang='lat' dir='ltr'>magnam</span> <span class='ocrx_word' id='word_1_17' title='bbox 1693 407 1779 437; x_wconf 91' lang='lat' dir='ltr'>prae</span> 
     </span>
     <span class='ocr_line' id='line_1_4' title="bbox 467 441 1779 482; baseline -0.002 -9"><span class='ocrx_word' id='word_1_18' title='bbox 467 442 587 482; x_wconf 84' lang='lat' dir='ltr'>priori,</span> <span class='ocrx_word' id='word_1_19' title='bbox 601 449 636 473; x_wconf 88' lang='lat' dir='ltr'>et</span> <span class='ocrx_word' id='word_1_20' title='bbox 653 443 720 473; x_wconf 91' lang='lat' dir='ltr'>sub</span> <span class='ocrx_word' id='word_1_21' title='bbox 736 442 807 473; x_wconf 87' lang='lat' dir='ltr'>fine</span> <span class='ocrx_word' id='word_1_22' title='bbox 825 449 1025 482; x_wconf 90' lang='lat' dir='ltr'>temporum</span> <span class='ocrx_word' id='word_1_23' title='bbox 1043 451 1220 472; x_wconf 90' lang='lat' dir='ltr'>annorum</span> <span class='ocrx_word' id='word_1_24' title='bbox 1239 441 1359 472; x_wconf 89' lang='lat' dir='ltr'>veniet</span> <span class='ocrx_word' id='word_1_25' title='bbox 1375 450 1456 472; x_wconf 90' lang='lat' dir='ltr'>cum</span> <span class='ocrx_word' id='word_1_26' title='bbox 1471 441 1627 472; x_wconf 86' lang='lat' dir='ltr'>exercitu</span> <span class='ocrx_word' id='word_1_27' title='bbox 1644 450 1779 480; x_wconf 88' lang='lat' dir='ltr'>magno</span> 
     </span>
     <span class='ocr_line' id='line_1_5' title="bbox 467 485 1780 526; baseline -0.002 -9"><span class='ocrx_word' id='word_1_28' title='bbox 467 492 502 517; x_wconf 89' lang='lat' dir='ltr'>et</span> <span class='ocrx_word' id='word_1_29' title='bbox 519 495 599 517; x_wconf 90' lang='lat' dir='ltr'>cum</span> <span class='ocrx_word' id='word_1_30' title='bbox 617 486 745 526; x_wconf 91' lang='lat' dir='ltr'>opibus</span> <span class='ocrx_word' id='word_1_31' title='bbox 763 486 905 525; x_wconf 88' lang='lat' dir='ltr'>magnis</span> <span class='ocrx_word' id='word_1_32' title='bbox 919 496 943 517; x_wconf 80' lang='lat' dir='ltr'>z.</span> <span class='ocrx_word' id='word_1_33' title='bbox 959 510 966 517; x_wconf 95' lang='lat'><strong>.</strong></span> <span class='ocrx_word' id='word_1_34' title='bbox 980 510 987 517; x_wconf 90' lang='lat'>.</span> <span class='ocrx_word' id='word_1_35' title='bbox 1002 485 1186 516; x_wconf 78' lang='lat' dir='ltr'>.exci1abit</span> <span class='ocrx_word' id='word_1_36' title='bbox 1199 485 1294 516; x_wconf 88' lang='lat' dir='ltr'>vires</span> <span class='ocrx_word' id='word_1_37' title='bbox 1308 495 1392 516; x_wconf 90' lang='lat' dir='ltr'>suas</span> <span class='ocrx_word' id='word_1_38' title='bbox 1407 490 1442 515; x_wconf 91' lang='lat' dir='ltr'>et</span> <span class='ocrx_word' id='word_1_39' title='bbox 1458 494 1521 515; x_wconf 84' lang='lat' dir='ltr'>cor</span> <span class='ocrx_word' id='word_1_40' title='bbox 1533 494 1638 515; x_wconf 88' lang='lat' dir='ltr'>suum</span> <span class='ocrx_word' id='word_1_41' title='bbox 1652 491 1780 515; x_wconf 84' lang='lat' dir='ltr'>contra</span> 
     </span>
     <span class='ocr_line' id='line_1_6' title="bbox 466 527 1780 569; baseline -0.002 -9"><span class='ocrx_word' id='word_1_42' title='bbox 466 539 588 569; x_wconf 84' lang='lat' dir='ltr'>regern</span> <span class='ocrx_word' id='word_1_43' title='bbox 606 529 770 560; x_wconf 88' lang='lat' dir='ltr'>meridiei</span> <span class='ocrx_word' id='word_1_44' title='bbox 789 539 869 560; x_wconf 90' lang='lat' dir='ltr'>cum</span> <span class='ocrx_word' id='word_1_45' title='bbox 886 529 1043 560; x_wconf 89' lang='lat' dir='ltr'>exercitu</span> <span class='ocrx_word' id='word_1_46' title='bbox 1060 538 1202 568; x_wconf 86' lang='lat' dir='ltr'>magno,</span> <span class='ocrx_word' id='word_1_47' title='bbox 1221 535 1256 560; x_wconf 89' lang='lat' dir='ltr'>et</span> <span class='ocrx_word' id='word_1_48' title='bbox 1276 538 1338 559; x_wconf 88' lang='lat' dir='ltr'>rex</span> <span class='ocrx_word' id='word_1_49' title='bbox 1352 527 1513 559; x_wconf 89' lang='lat' dir='ltr'>meridiei</span> <span class='ocrx_word' id='word_1_50' title='bbox 1530 528 1780 559; x_wconf 85' lang='lat' dir='ltr'>commiscebit</span> 
     </span>
     <span class='ocr_line' id='line_1_7' title="bbox 467 570 1780 612; baseline -0.002 -8"><span class='ocrx_word' id='word_1_51' title='bbox 467 583 506 604; x_wconf 90' lang='lat' dir='ltr'>se</span> <span class='ocrx_word' id='word_1_52' title='bbox 522 573 618 604; x_wconf 92' lang='lat' dir='ltr'>bello</span> <span class='ocrx_word' id='word_1_53' title='bbox 635 582 715 603; x_wconf 88' lang='lat' dir='ltr'>cum</span> <span class='ocrx_word' id='word_1_54' title='bbox 736 572 893 604; x_wconf 86' lang='lat' dir='ltr'>exercitu</span> <span class='ocrx_word' id='word_1_55' title='bbox 910 582 1043 612; x_wconf 89' lang='lat' dir='ltr'>magno</span> <span class='ocrx_word' id='word_1_56' title='bbox 1060 578 1095 603; x_wconf 90' lang='lat' dir='ltr'>et</span> <span class='ocrx_word' id='word_1_57' title='bbox 1108 572 1229 603; x_wconf 91' lang='lat' dir='ltr'>valido</span> <span class='ocrx_word' id='word_1_58' title='bbox 1246 572 1450 609; x_wconf 89' lang='lat' dir='ltr'>admodum,</span> <span class='ocrx_word' id='word_1_59' title='bbox 1468 571 1531 602; x_wconf 91' lang='lat' dir='ltr'>sed</span> <span class='ocrx_word' id='word_1_60' title='bbox 1549 581 1622 602; x_wconf 92' lang='lat' dir='ltr'>non</span> <span class='ocrx_word' id='word_1_61' title='bbox 1642 570 1780 602; x_wconf 88' lang='lat' dir='ltr'>consis-</span> 
     </span>
     <span class='ocr_line' id='line_1_8' title="bbox 464 615 781 656; baseline -0.003 -8"><span class='ocrx_word' id='word_1_62' title='bbox 464 622 515 648; x_wconf 86' lang='lat' dir='ltr'>tet</span> <span class='ocrx_word' id='word_1_63' title='bbox 525 615 543 627; x_wconf 89' lang='lat'>”</span> <span class='ocrx_word' id='word_1_64' title='bbox 559 616 618 656; x_wconf 85' lang='lat' dir='ltr'>(xi.</span> <span class='ocrx_word' id='word_1_65' title='bbox 637 624 686 654; x_wconf 90' lang='lat'>13,</span> <span class='ocrx_word' id='word_1_66' title='bbox 705 616 759 655; x_wconf 84' lang='lat'>25)</span> <span class='ocrx_word' id='word_1_67' title='bbox 774 627 781 647; x_wconf 93' lang='lat'>:</span> 
     </span>
    </p>
   </div>
   <div class='ocr_carea' id='block_1_4' title="bbox 290 702 1788 1198">
    <p class='ocr_par' dir='ltr' id='par_1_4' title="bbox 290 702 1788 1198">
     <span class='ocr_line' id='line_1_9' title="bbox 291 702 1788 757; baseline -0.001 -13"><span class='ocrx_word' id='word_1_68' title='bbox 291 705 441 757; x_wconf 87' lang='lat' dir='ltr'>agitur</span> <span class='ocrx_word' id='word_1_69' title='bbox 465 704 509 744; x_wconf 91' lang='lat' dir='ltr'>in</span> <span class='ocrx_word' id='word_1_70' title='bbox 540 703 618 744; x_wconf 93' lang='lat' dir='ltr'>illo</span> <span class='ocrx_word' id='word_1_71' title='bbox 644 703 793 756; x_wconf 85' lang='lat' dir='ltr'>capite</span> <span class='ocrx_word' id='word_1_72' title='bbox 825 703 881 744; x_wconf 92' lang='lat' dir='ltr'>de</span> <span class='ocrx_word' id='word_1_73' title='bbox 906 702 1029 744; x_wconf 91' lang='lat' dir='ltr'>bello</span> <span class='ocrx_word' id='word_1_74' title='bbox 1051 703 1169 744; x_wconf 87' lang='lat' dir='ltr'>inter</span> <span class='ocrx_word' id='word_1_75' title='bbox 1194 716 1350 755; x_wconf 88' lang='lat' dir='ltr'>regem</span> <span class='ocrx_word' id='word_1_76' title='bbox 1376 703 1705 755; x_wconf 86' lang='lat' dir='ltr'>septentrionis</span> <span class='ocrx_word' id='word_1_77' title='bbox 1731 709 1788 743; x_wconf 88' lang='lat' dir='ltr'>et.</span> 
     </span>
     <span class='ocr_line' id='line_1_10' title="bbox 290 765 1779 820; baseline -0.001 -13"><span class='ocrx_word' id='word_1_78' title='bbox 290 780 444 820; x_wconf 89' lang='lat' dir='ltr'>regem</span> <span class='ocrx_word' id='word_1_79' title='bbox 471 767 669 807; x_wconf 87' lang='lat' dir='ltr'>meridiei</span> <span class='ocrx_word' id='word_1_80' title='bbox 685 781 694 816; x_wconf 90' lang='lat'>;</span> <span class='ocrx_word' id='word_1_81' title='bbox 732 772 779 806; x_wconf 91' lang='lat' dir='ltr'>et</span> <span class='ocrx_word' id='word_1_82' title='bbox 806 780 884 819; x_wconf 90' lang='lat' dir='ltr'>per</span> <span class='ocrx_word' id='word_1_83' title='bbox 912 770 1105 819; x_wconf 87' lang='lat' dir='ltr'>“regem</span> <span class='ocrx_word' id='word_1_84' title='bbox 1133 766 1457 819; x_wconf 88' lang='lat' dir='ltr'>septentrionis</span> <span class='ocrx_word' id='word_1_85' title='bbox 1468 765 1487 780; x_wconf 91' lang='lat'>”</span> <span class='ocrx_word' id='word_1_86' title='bbox 1513 765 1779 818; x_wconf 89' lang='lat' dir='ltr'>intelligun-</span> 
     </span>
     <span class='ocr_line' id='line_1_11' title="bbox 290 828 1779 882; baseline -0.001 -12"><span class='ocrx_word' id='word_1_87' title='bbox 290 836 363 870; x_wconf 85' lang='lat' dir='ltr'>tur</span> <span class='ocrx_word' id='word_1_88' title='bbox 386 829 450 870; x_wconf 91' lang='lat' dir='ltr'>illi</span> <span class='ocrx_word' id='word_1_89' title='bbox 476 830 593 870; x_wconf 87' lang='lat' dir='ltr'>intra</span> <span class='ocrx_word' id='word_1_90' title='bbox 618 829 859 870; x_wconf 90' lang='lat' dir='ltr'>ecclesiam</span> <span class='ocrx_word' id='word_1_91' title='bbox 885 830 958 882; x_wconf 91' lang='lat' dir='ltr'>qui</span> <span class='ocrx_word' id='word_1_92' title='bbox 989 830 1033 869; x_wconf 91' lang='lat' dir='ltr'>in</span> <span class='ocrx_word' id='word_1_93' title='bbox 1059 828 1181 869; x_wconf 89' lang='lat' dir='ltr'>falsis</span> <span class='ocrx_word' id='word_1_94' title='bbox 1209 828 1315 868; x_wconf 91' lang='lat' dir='ltr'>mali</span> <span class='ocrx_word' id='word_1_95' title='bbox 1341 834 1463 876; x_wconf 90' lang='lat' dir='ltr'>sunt,</span> <span class='ocrx_word' id='word_1_96' title='bbox 1490 834 1538 869; x_wconf 91' lang='lat' dir='ltr'>et</span> <span class='ocrx_word' id='word_1_97' title='bbox 1563 842 1643 881; x_wconf 91' lang='lat' dir='ltr'>per</span> <span class='ocrx_word' id='word_1_98' title='bbox 1671 832 1779 869; x_wconf 74' lang='lat' dir='ltr'>“re-v</span> 
     </span>
     <span class='ocr_line' id='line_1_12' title="bbox 290 891 1779 945; baseline -0.001 -13"><span class='ocrx_word' id='word_1_99' title='bbox 290 904 395 944; x_wconf 85' lang='lat' dir='ltr'>gem</span> <span class='ocrx_word' id='word_1_100' title='bbox 422 891 648 932; x_wconf 91' lang='lat' dir='ltr'>meridiei”</span> <span class='ocrx_word' id='word_1_101' title='bbox 680 891 743 932; x_wconf 92' lang='lat' dir='ltr'>illi</span> <span class='ocrx_word' id='word_1_102' title='bbox 768 892 841 945; x_wconf 91' lang='lat' dir='ltr'>qui</span> <span class='ocrx_word' id='word_1_103' title='bbox 872 892 916 931; x_wconf 91' lang='lat' dir='ltr'>in</span> <span class='ocrx_word' id='word_1_104' title='bbox 948 892 1064 932; x_wconf 90' lang='lat' dir='ltr'>veris</span> <span class='ocrx_word' id='word_1_105' title='bbox 1094 892 1227 941; x_wconf 91' lang='lat' dir='ltr'>boni;</span> <span class='ocrx_word' id='word_1_106' title='bbox 1269 891 1444 932; x_wconf 88' lang='lat' dir='ltr'>collisio</span> <span class='ocrx_word' id='word_1_107' title='bbox 1476 897 1523 931; x_wconf 93' lang='lat' dir='ltr'>et</span> <span class='ocrx_word' id='word_1_108' title='bbox 1550 904 1702 944; x_wconf 87' lang='lat' dir='ltr'>pugna</span> <span class='ocrx_word' id='word_1_109' title='bbox 1734 892 1779 931; x_wconf 90' lang='lat' dir='ltr'>in</span> 
     </span>
     <span class='ocr_line' id='line_1_13' title="bbox 290 953 1778 1007; baseline 0 -13"><span class='ocrx_word' id='word_1_110' title='bbox 290 953 378 995; x_wconf 90' lang='lat' dir='ltr'>fine</span> <span class='ocrx_word' id='word_1_111' title='bbox 404 954 624 995; x_wconf 88' lang='lat' dir='ltr'>ecclesiae</span> <span class='ocrx_word' id='word_1_112' title='bbox 651 969 730 1007; x_wconf 89' lang='lat' dir='ltr'>per</span> <span class='ocrx_word' id='word_1_113' title='bbox 754 954 923 995; x_wconf 88' lang='lat' dir='ltr'>bellum</span> <span class='ocrx_word' id='word_1_114' title='bbox 949 967 1103 995; x_wconf 90' lang='lat' dir='ltr'>eorum</span> <span class='ocrx_word' id='word_1_115' title='bbox 1136 955 1179 994; x_wconf 89' lang='lat' dir='ltr'>in</span> <span class='ocrx_word' id='word_1_116' title='bbox 1206 967 1340 994; x_wconf 91' lang='lat' dir='ltr'>sensu</span> <span class='ocrx_word' id='word_1_117' title='bbox 1363 953 1584 1006; x_wconf 85' lang='lat' dir='ltr'>spirituali</span> <span class='ocrx_word' id='word_1_118' title='bbox 1610 954 1778 994; x_wconf 89' lang='lat' dir='ltr'>descri-</span> 
     </span>
     <span class='ocr_line' id='line_1_14' title="bbox 290 1016 1778 1070; baseline 0.001 -14"><span class='ocrx_word' id='word_1_119' title='bbox 290 1017 436 1067; x_wconf 90' lang='lat' dir='ltr'>bitur;</span> <span class='ocrx_word' id='word_1_120' title='bbox 473 1031 609 1070; x_wconf 89' lang='lat' dir='ltr'>quare</span> <span class='ocrx_word' id='word_1_121' title='bbox 641 1031 719 1070; x_wconf 88' lang='lat' dir='ltr'>per</span> <span class='ocrx_word' id='word_1_122' title='bbox 752 1018 1044 1058; x_wconf 86' lang='lat' dir='ltr'>“exercitum</span> <span class='ocrx_word' id='word_1_123' title='bbox 1076 1018 1195 1070; x_wconf 90' lang='lat' dir='ltr'>regis</span> <span class='ocrx_word' id='word_1_124' title='bbox 1226 1017 1552 1070; x_wconf 91' lang='lat' dir='ltr'>septentrionis</span> <span class='ocrx_word' id='word_1_125' title='bbox 1565 1016 1584 1031; x_wconf 93' lang='lat'>&#39;’</span> <span class='ocrx_word' id='word_1_126' title='bbox 1610 1017 1778 1057; x_wconf 89' lang='lat' dir='ltr'>intelli—</span> 
     </span>
     <span class='ocr_line' id='line_1_15' title="bbox 291 1079 1779 1133; baseline 0.001 -14"><span class='ocrx_word' id='word_1_127' title='bbox 291 1086 459 1132; x_wconf 90' lang='lat' dir='ltr'>guntur</span> <span class='ocrx_word' id='word_1_128' title='bbox 506 1079 617 1120; x_wconf 87' lang='lat' dir='ltr'>salsa</span> <span class='ocrx_word' id='word_1_129' title='bbox 666 1081 811 1120; x_wconf 88' lang='lat' dir='ltr'>omnis</span> <span class='ocrx_word' id='word_1_130' title='bbox 860 1081 1054 1133; x_wconf 87' lang='lat' dir='ltr'>generis,</span> <span class='ocrx_word' id='word_1_131' title='bbox 1101 1087 1148 1120; x_wconf 88' lang='lat' dir='ltr'>et</span> <span class='ocrx_word' id='word_1_132' title='bbox 1197 1094 1275 1133; x_wconf 92' lang='lat' dir='ltr'>per</span> <span class='ocrx_word' id='word_1_133' title='bbox 1322 1080 1614 1120; x_wconf 86' lang='lat' dir='ltr'>“exercitum</span> <span class='ocrx_word' id='word_1_134' title='bbox 1659 1081 1779 1133; x_wconf 89' lang='lat' dir='ltr'>regis</span> 
     </span>
     <span class='ocr_line' id='line_1_16' title="bbox 291 1142 1443 1198; baseline 0 -16"><span class='ocrx_word' id='word_1_135' title='bbox 291 1142 520 1183; x_wconf 90' lang='lat' dir='ltr'>meridiei‘’</span> <span class='ocrx_word' id='word_1_136' title='bbox 546 1157 651 1183; x_wconf 89' lang='lat' dir='ltr'>vera</span> <span class='ocrx_word' id='word_1_137' title='bbox 676 1144 821 1183; x_wconf 91' lang='lat' dir='ltr'>omnis</span> <span class='ocrx_word' id='word_1_138' title='bbox 847 1144 1038 1196; x_wconf 88' lang='lat' dir='ltr'>generis.</span> <span class='ocrx_word' id='word_1_139' title='bbox 1099 1142 1238 1196; x_wconf 89' lang='lat' dir='ltr'>Apud</span> <span class='ocrx_word' id='word_1_140' title='bbox 1264 1142 1443 1198; x_wconf 65' lang='lat' dir='ltr'>Lucam,</span> 
     </span>
    </p>
   </div>
   <div class='ocr_carea' id='block_1_5' title="bbox 357 1237 1779 1323">
    <p class='ocr_par' dir='ltr' id='par_1_5' title="bbox 357 1237 1779 1323">
     <span class='ocr_line' id='line_1_17' title="bbox 357 1237 1779 1281; baseline 0.001 -12"><span class='ocrx_word' id='word_1_141' title='bbox 357 1237 541 1279; x_wconf 76' lang='lat' dir='ltr'>“Quando</span> <span class='ocrx_word' id='word_1_142' title='bbox 558 1239 720 1270; x_wconf 86' lang='lat' dir='ltr'>videritis</span> <span class='ocrx_word' id='word_1_143' title='bbox 742 1239 1035 1279; x_wconf 88' lang='lat' dir='ltr'>Hierosolymam</span> <span class='ocrx_word' id='word_1_144' title='bbox 1056 1239 1271 1271; x_wconf 88' lang='lat' dir='ltr'>exercitibus</span> <span class='ocrx_word' id='word_1_145' title='bbox 1292 1239 1558 1278; x_wconf 84' lang='lat' dir='ltr'>circumdatam,</span> <span class='ocrx_word' id='word_1_146' title='bbox 1576 1240 1664 1271; x_wconf 85' lang='lat' dir='ltr'>scite</span> <span class='ocrx_word' id='word_1_147' title='bbox 1684 1241 1779 1281; x_wconf 91' lang='lat' dir='ltr'>quod</span> 
     </span>
     <span class='ocr_line' id='line_1_18' title="bbox 464 1282 1171 1323; baseline 0.001 -10"><span class='ocrx_word' id='word_1_148' title='bbox 464 1291 574 1322; x_wconf 88' lang='lat' dir='ltr'>prope</span> <span class='ocrx_word' id='word_1_149' title='bbox 592 1282 639 1314; x_wconf 89' lang='lat' dir='ltr'>sit</span> <span class='ocrx_word' id='word_1_150' title='bbox 655 1283 855 1314; x_wconf 82' lang='lat' dir='ltr'>devastatio</span> <span class='ocrx_word' id='word_1_151' title='bbox 872 1283 950 1323; x_wconf 86' lang='lat' dir='ltr'>ejus</span> <span class='ocrx_word' id='word_1_152' title='bbox 962 1282 981 1294; x_wconf 90' lang='lat'>’&#39;</span> <span class='ocrx_word' id='word_1_153' title='bbox 995 1283 1078 1321; x_wconf 88' lang='lat' dir='ltr'>(xxi.</span> <span class='ocrx_word' id='word_1_154' title='bbox 1097 1283 1171 1323; x_wconf 88' lang='lat'><strong>20):</strong></span> 
     </span>
    </p>
   </div>
   <div class='ocr_carea' id='block_1_6' title="bbox 289 1375 1779 2246">
    <p class='ocr_par' dir='ltr' id='par_1_6' title="bbox 289 1375 1779 2246">
     <span class='ocr_line' id='line_1_19' title="bbox 290 1375 1775 1430; baseline 0.003 -14"><span class='ocrx_word' id='word_1_155' title='bbox 290 1375 335 1415; x_wconf 91' lang='lat' dir='ltr'>in</span> <span class='ocrx_word' id='word_1_156' title='bbox 361 1389 416 1416; x_wconf 90' lang='lat' dir='ltr'>eo</span> <span class='ocrx_word' id='word_1_157' title='bbox 447 1377 596 1430; x_wconf 88' lang='lat' dir='ltr'>capite</span> <span class='ocrx_word' id='word_1_158' title='bbox 621 1377 818 1430; x_wconf 88' lang='lat' dir='ltr'>loquitur</span> <span class='ocrx_word' id='word_1_159' title='bbox 845 1378 1065 1418; x_wconf 90' lang='lat' dir='ltr'>Dominus</span> <span class='ocrx_word' id='word_1_160' title='bbox 1091 1378 1148 1419; x_wconf 90' lang='lat' dir='ltr'>de</span> <span class='ocrx_word' id='word_1_161' title='bbox 1174 1380 1567 1420; x_wconf 86' lang='lat' dir='ltr'>consummatione</span> <span class='ocrx_word' id='word_1_162' title='bbox 1594 1380 1775 1428; x_wconf 87' lang='lat' dir='ltr'>saeculi,</span> 
     </span>
     <span class='ocr_line' id='line_1_20' title="bbox 290 1439 1777 1495; baseline 0.004 -17"><span class='ocrx_word' id='word_1_163' title='bbox 290 1451 369 1490; x_wconf 91' lang='lat' dir='ltr'>per</span> <span class='ocrx_word' id='word_1_164' title='bbox 385 1452 519 1491; x_wconf 89' lang='lat' dir='ltr'>quam</span> <span class='ocrx_word' id='word_1_165' title='bbox 537 1439 813 1492; x_wconf 84' lang='lat' dir='ltr'>significatur</span> <span class='ocrx_word' id='word_1_166' title='bbox 830 1440 1037 1481; x_wconf 90' lang='lat' dir='ltr'>ultimum</span> <span class='ocrx_word' id='word_1_167' title='bbox 1056 1447 1235 1494; x_wconf 87' lang='lat' dir='ltr'>tempus</span> <span class='ocrx_word' id='word_1_168' title='bbox 1253 1442 1474 1483; x_wconf 88' lang='lat' dir='ltr'>ecclesiae</span> <span class='ocrx_word' id='word_1_169' title='bbox 1491 1456 1501 1494; x_wconf 88' lang='lat'>;</span> <span class='ocrx_word' id='word_1_170' title='bbox 1528 1456 1607 1495; x_wconf 90' lang='lat' dir='ltr'>per</span> <span class='ocrx_word' id='word_1_171' title='bbox 1627 1447 1651 1463; x_wconf 74' lang='lat'>‘⁶</span> <span class='ocrx_word' id='word_1_172' title='bbox 1666 1442 1777 1484; x_wconf 68' lang='lat' dir='ltr'>Hie-</span> 
     </span>
     <span class='ocr_line' id='line_1_21' title="bbox 290 1501 1779 1558; baseline 0.003 -17"><span class='ocrx_word' id='word_1_173' title='bbox 290 1501 598 1554; x_wconf 89' lang='lat' dir='ltr'>rosolymam’&#39;</span> <span class='ocrx_word' id='word_1_174' title='bbox 623 1502 892 1555; x_wconf 86' lang='lat' dir='ltr'>intelligitur</span> <span class='ocrx_word' id='word_1_175' title='bbox 924 1503 1118 1544; x_wconf 89' lang='lat' dir='ltr'>ecclesia</span> <span class='ocrx_word' id='word_1_176' title='bbox 1149 1505 1297 1557; x_wconf 89' lang='lat' dir='ltr'>quoad</span> <span class='ocrx_word' id='word_1_177' title='bbox 1324 1503 1591 1553; x_wconf 62' lang='lat' dir='ltr'>doetrinam,</span> <span class='ocrx_word' id='word_1_178' title='bbox 1621 1512 1667 1546; x_wconf 90' lang='lat' dir='ltr'>et</span> <span class='ocrx_word' id='word_1_179' title='bbox 1699 1519 1779 1558; x_wconf 90' lang='lat' dir='ltr'>per</span> 
     </span>
     <span class='ocr_line' id='line_1_22' title="bbox 291 1562 1778 1620; baseline 0.003 -17"><span class='ocrx_word' id='word_1_180' title='bbox 291 1562 416 1604; x_wconf 86' lang='lat' dir='ltr'>illam</span> <span class='ocrx_word' id='word_1_181' title='bbox 451 1566 763 1605; x_wconf 86' lang='lat' dir='ltr'>“exercitibus</span> <span class='ocrx_word' id='word_1_182' title='bbox 795 1566 1155 1607; x_wconf 86' lang='lat' dir='ltr'>circumdatam’&#39;</span> <span class='ocrx_word' id='word_1_183' title='bbox 1186 1567 1455 1620; x_wconf 85' lang='lat' dir='ltr'>intelligitur</span> <span class='ocrx_word' id='word_1_184' title='bbox 1490 1568 1567 1608; x_wconf 91' lang='lat' dir='ltr'>illa</span> <span class='ocrx_word' id='word_1_185' title='bbox 1599 1582 1625 1608; x_wconf 86' lang='lat' dir='ltr'>a</span> <span class='ocrx_word' id='word_1_186' title='bbox 1656 1568 1778 1608; x_wconf 88' lang='lat' dir='ltr'>falsis</span> 
     </span>
     <span class='ocr_line' id='line_1_23' title="bbox 291 1627 1776 1684; baseline 0.004 -18"><span class='ocrx_word' id='word_1_187' title='bbox 291 1633 541 1679; x_wconf 87' lang='lat' dir='ltr'>occupata;</span> <span class='ocrx_word' id='word_1_188' title='bbox 579 1628 697 1680; x_wconf 91' lang='lat' dir='ltr'>quod</span> <span class='ocrx_word' id='word_1_189' title='bbox 721 1634 827 1669; x_wconf 87' lang='lat' dir='ltr'>tunc</span> <span class='ocrx_word' id='word_1_190' title='bbox 855 1627 1103 1669; x_wconf 69' lang='lat' dir='ltr'>destruffio</span> <span class='ocrx_word' id='word_1_191' title='bbox 1130 1629 1237 1681; x_wconf 85' lang='lat' dir='ltr'>ejus,</span> <span class='ocrx_word' id='word_1_192' title='bbox 1266 1637 1312 1670; x_wconf 89' lang='lat' dir='ltr'>et</span> <span class='ocrx_word' id='word_1_193' title='bbox 1340 1643 1450 1670; x_wconf 89' lang='lat' dir='ltr'>mox</span> <span class='ocrx_word' id='word_1_194' title='bbox 1477 1630 1684 1672; x_wconf 89' lang='lat' dir='ltr'>ultimum</span> <span class='ocrx_word' id='word_1_195' title='bbox 1706 1631 1776 1684; x_wconf 91' lang='lat' dir='ltr'>ju—</span> 
     </span>
     <span class='ocr_line' id='line_1_24' title="bbox 290 1688 1778 1746; baseline 0.005 -19"><span class='ocrx_word' id='word_1_196' title='bbox 290 1688 468 1737; x_wconf 91' lang='lat' dir='ltr'>dicium,</span> <span class='ocrx_word' id='word_1_197' title='bbox 501 1689 779 1742; x_wconf 84' lang='lat' dir='ltr'>significatur</span> <span class='ocrx_word' id='word_1_198' title='bbox 809 1704 888 1743; x_wconf 89' lang='lat' dir='ltr'>per</span> <span class='ocrx_word' id='word_1_199' title='bbox 918 1692 1038 1744; x_wconf 91' lang='lat' dir='ltr'>quod</span> <span class='ocrx_word' id='word_1_200' title='bbox 1073 1696 1218 1732; x_wconf 86' lang='lat' dir='ltr'>“tunc</span> <span class='ocrx_word' id='word_1_201' title='bbox 1252 1706 1391 1746; x_wconf 90' lang='lat' dir='ltr'>prope</span> <span class='ocrx_word' id='word_1_202' title='bbox 1429 1694 1486 1734; x_wconf 91' lang='lat' dir='ltr'>sit</span> <span class='ocrx_word' id='word_1_203' title='bbox 1518 1694 1778 1735; x_wconf 83' lang='lat' dir='ltr'>devastatio</span> 
     </span>
     <span class='ocr_line' id='line_1_25' title="bbox 291 1750 1777 1809; baseline 0.005 -18"><span class='ocrx_word' id='word_1_204' title='bbox 291 1750 421 1802; x_wconf 86' lang='lat' dir='ltr'>ejus.”</span> <span class='ocrx_word' id='word_1_205' title='bbox 493 1750 702 1792; x_wconf 89' lang='lat' dir='ltr'>Creditur</span> <span class='ocrx_word' id='word_1_206' title='bbox 738 1753 857 1806; x_wconf 89' lang='lat' dir='ltr'>quod</span> <span class='ocrx_word' id='word_1_207' title='bbox 896 1753 1008 1796; x_wconf 87' lang='lat' dir='ltr'>haec</span> <span class='ocrx_word' id='word_1_208' title='bbox 1047 1753 1167 1795; x_wconf 58' lang='lat' dir='ltr'>dieta</span> <span class='ocrx_word' id='word_1_209' title='bbox 1204 1756 1293 1796; x_wconf 90' lang='lat' dir='ltr'>sint</span> <span class='ocrx_word' id='word_1_210' title='bbox 1334 1756 1390 1796; x_wconf 92' lang='lat' dir='ltr'>de</span> <span class='ocrx_word' id='word_1_211' title='bbox 1429 1756 1777 1809; x_wconf 84' lang='lat' dir='ltr'>Hierosolymae</span> 
     </span>
     <span class='ocr_line' id='line_1_26' title="bbox 290 1812 1776 1873; baseline 0.005 -20"><span class='ocrx_word' id='word_1_212' title='bbox 290 1812 597 1855; x_wconf 62' lang='lat' dir='ltr'>destructione</span> <span class='ocrx_word' id='word_1_213' title='bbox 620 1829 646 1855; x_wconf 90' lang='lat' dir='ltr'>a</span> <span class='ocrx_word' id='word_1_214' title='bbox 669 1815 914 1866; x_wconf 85' lang='lat' dir='ltr'>Romanis;</span> <span class='ocrx_word' id='word_1_215' title='bbox 947 1817 1027 1857; x_wconf 91' lang='lat' dir='ltr'>sed</span> <span class='ocrx_word' id='word_1_216' title='bbox 1049 1831 1076 1857; x_wconf 90' lang='lat' dir='ltr'>a</span> <span class='ocrx_word' id='word_1_217' title='bbox 1097 1817 1284 1870; x_wconf 88' lang='lat' dir='ltr'>singulis</span> <span class='ocrx_word' id='word_1_218' title='bbox 1306 1818 1350 1858; x_wconf 91' lang='lat' dir='ltr'>in</span> <span class='ocrx_word' id='word_1_219' title='bbox 1372 1818 1451 1859; x_wconf 94' lang='lat' dir='ltr'>illo</span> <span class='ocrx_word' id='word_1_220' title='bbox 1474 1820 1623 1872; x_wconf 89' lang='lat' dir='ltr'>capite</span> <span class='ocrx_word' id='word_1_221' title='bbox 1646 1827 1776 1873; x_wconf 84' lang='lat' dir='ltr'>patet</span> 
     </span>
     <span class='ocr_line' id='line_1_27' title="bbox 289 1876 1775 1936; baseline 0.005 -20"><span class='ocrx_word' id='word_1_222' title='bbox 289 1877 409 1929; x_wconf 93' lang='lat' dir='ltr'>quod</span> <span class='ocrx_word' id='word_1_223' title='bbox 435 1877 491 1917; x_wconf 90' lang='lat' dir='ltr'>de</span> <span class='ocrx_word' id='word_1_224' title='bbox 516 1876 822 1919; x_wconf 62' lang='lat' dir='ltr'>destrmstione</span> <span class='ocrx_word' id='word_1_225' title='bbox 844 1879 1064 1920; x_wconf 89' lang='lat' dir='ltr'>ecclesiae</span> <span class='ocrx_word' id='word_1_226' title='bbox 1086 1881 1131 1920; x_wconf 92' lang='lat' dir='ltr'>in</span> <span class='ocrx_word' id='word_1_227' title='bbox 1157 1880 1244 1921; x_wconf 85' lang='lat' dir='ltr'>fine</span> <span class='ocrx_word' id='word_1_228' title='bbox 1267 1881 1359 1933; x_wconf 85' lang='lat' dir='ltr'>ejus</span> <span class='ocrx_word' id='word_1_229' title='bbox 1386 1888 1562 1934; x_wconf 82' lang='lat' dir='ltr'>agatur,</span> <span class='ocrx_word' id='word_1_230' title='bbox 1589 1889 1638 1923; x_wconf 89' lang='lat' dir='ltr'>ut</span> <span class='ocrx_word' id='word_1_231' title='bbox 1664 1897 1775 1936; x_wconf 92' lang='lat' dir='ltr'>quo-</span> 
     </span>
     <span class='ocr_line' id='line_1_28' title="bbox 289 1941 1774 1997; baseline 0.005 -18"><span class='ocrx_word' id='word_1_232' title='bbox 289 1953 376 1993; x_wconf 91' lang='lat' dir='ltr'>que</span> <span class='ocrx_word' id='word_1_233' title='bbox 397 1941 516 1993; x_wconf 87' lang='lat' dir='ltr'>apud</span> <span class='ocrx_word' id='word_1_234' title='bbox 537 1941 828 1990; x_wconf 82' lang='lat' dir='ltr'>Mattlzaeum,</span> <span class='ocrx_word' id='word_1_235' title='bbox 853 1956 950 1996; x_wconf 90' lang='lat' dir='ltr'>cap.</span> <span class='ocrx_word' id='word_1_236' title='bbox 969 1944 1095 1983; x_wconf 84' lang='lat' dir='ltr'>xxiv.</span> <span class='ocrx_word' id='word_1_237' title='bbox 1119 1957 1146 1983; x_wconf 92' lang='lat' dir='ltr'>a</span> <span class='ocrx_word' id='word_1_238' title='bbox 1167 1945 1310 1997; x_wconf 91' lang='lat' dir='ltr'>primo</span> <span class='ocrx_word' id='word_1_239' title='bbox 1331 1959 1462 1985; x_wconf 88' lang='lat' dir='ltr'>versu</span> <span class='ocrx_word' id='word_1_240' title='bbox 1483 1945 1541 1985; x_wconf 92' lang='lat' dir='ltr'>ad</span> <span class='ocrx_word' id='word_1_241' title='bbox 1565 1946 1774 1987; x_wconf 90' lang='lat' dir='ltr'>ultimum</span> 
     </span>
     <span class='ocr_line' id='line_1_29' title="bbox 290 2006 1775 2059; baseline 0.005 -20"><span class='ocrx_word' id='word_1_242' title='bbox 290 2011 387 2048; x_wconf 86' lang='lat' dir='ltr'>(quae</span> <span class='ocrx_word' id='word_1_243' title='bbox 402 2012 510 2041; x_wconf 90' lang='lat' dir='ltr'>omnia</span> <span class='ocrx_word' id='word_1_244' title='bbox 524 2013 555 2040; x_wconf 89' lang='lat' dir='ltr'>in</span> <span class='ocrx_word' id='word_1_245' title='bbox 569 2013 706 2041; x_wconf 83' lang='lat' dir='ltr'>Arcanis</span> <span class='ocrx_word' id='word_1_246' title='bbox 724 2014 907 2042; x_wconf 79' lang='lat' dir='ltr'>Caelestibus</span> <span class='ocrx_word' id='word_1_247' title='bbox 921 2015 1077 2052; x_wconf 87' lang='lat' dir='ltr'>explicata</span> <span class='ocrx_word' id='word_1_248' title='bbox 1091 2017 1178 2053; x_wconf 85' lang='lat' dir='ltr'>sunt)</span> <span class='ocrx_word' id='word_1_249' title='bbox 1196 2018 1204 2044; x_wconf 88' lang='lat'>:</span> <span class='ocrx_word' id='word_1_250' title='bbox 1237 2006 1317 2045; x_wconf 78' lang='lat' dir='ltr'>sed</span> <span class='ocrx_word' id='word_1_251' title='bbox 1339 2020 1480 2059; x_wconf 78' lang='lat' dir='ltr'>usque</span> <span class='ocrx_word' id='word_1_252' title='bbox 1503 2019 1593 2046; x_wconf 82' lang='lat' dir='ltr'>non</span> <span class='ocrx_word' id='word_1_253' title='bbox 1616 2007 1775 2047; x_wconf 75' lang='lat' dir='ltr'>Obstat</span> 
     </span>
     <span class='ocr_line' id='line_1_30' title="bbox 290 2063 1775 2120; baseline 0.005 -18"><span class='ocrx_word' id='word_1_254' title='bbox 290 2063 395 2116; x_wconf 91' lang='lat' dir='ltr'>quin</span> <span class='ocrx_word' id='word_1_255' title='bbox 421 2077 500 2116; x_wconf 91' lang='lat' dir='ltr'>per</span> <span class='ocrx_word' id='word_1_256' title='bbox 524 2063 601 2103; x_wconf 88' lang='lat' dir='ltr'>illa</span> <span class='ocrx_word' id='word_1_257' title='bbox 627 2065 765 2105; x_wconf 88' lang='lat' dir='ltr'>verba</span> <span class='ocrx_word' id='word_1_258' title='bbox 791 2065 834 2104; x_wconf 89' lang='lat' dir='ltr'>in</span> <span class='ocrx_word' id='word_1_259' title='bbox 857 2079 991 2106; x_wconf 88' lang='lat' dir='ltr'>sensu</span> <span class='ocrx_word' id='word_1_260' title='bbox 1017 2065 1197 2107; x_wconf 87' lang='lat' dir='ltr'>litterae</span> <span class='ocrx_word' id='word_1_261' title='bbox 1223 2067 1505 2120; x_wconf 85' lang='lat' dir='ltr'>intelligatur</span> <span class='ocrx_word' id='word_1_262' title='bbox 1526 2066 1775 2109; x_wconf 63' lang='lat' dir='ltr'>destructio</span> 
     </span>
     <span class='ocr_line' id='line_1_31' title="bbox 291 2125 1776 2182; baseline 0.004 -17"><span class='ocrx_word' id='word_1_263' title='bbox 291 2125 652 2178; x_wconf 83' lang='lat' dir='ltr'>Hierosolymae‚</span> <span class='ocrx_word' id='word_1_264' title='bbox 692 2133 739 2167; x_wconf 90' lang='lat' dir='ltr'>at</span> <span class='ocrx_word' id='word_1_265' title='bbox 778 2127 854 2167; x_wconf 88' lang='lat' dir='ltr'>illa</span> <span class='ocrx_word' id='word_1_266' title='bbox 891 2127 1138 2169; x_wconf 72' lang='lat' dir='ltr'>destruffio</span> <span class='ocrx_word' id='word_1_267' title='bbox 1175 2130 1550 2182; x_wconf 86' lang='lat' dir='ltr'>repraesentabat</span> <span class='ocrx_word' id='word_1_268' title='bbox 1587 2137 1634 2171; x_wconf 90' lang='lat' dir='ltr'>et</span> <span class='ocrx_word' id='word_1_269' title='bbox 1672 2131 1776 2171; x_wconf 91' lang='lat' dir='ltr'>inde</span> 
     </span>
     <span class='ocr_line' id='line_1_32' title="bbox 290 2187 1775 2246; baseline 0.005 -19"><span class='ocrx_word' id='word_1_270' title='bbox 290 2187 574 2240; x_wconf 88' lang='lat' dir='ltr'>significabat</span> <span class='ocrx_word' id='word_1_271' title='bbox 602 2188 956 2231; x_wconf 69' lang='lat' dir='ltr'>destru&amp;i0nem</span> <span class='ocrx_word' id='word_1_272' title='bbox 989 2191 1209 2232; x_wconf 86' lang='lat' dir='ltr'>ecclesiae</span> <span class='ocrx_word' id='word_1_273' title='bbox 1241 2193 1284 2232; x_wconf 91' lang='lat' dir='ltr'>in</span> <span class='ocrx_word' id='word_1_274' title='bbox 1317 2191 1404 2233; x_wconf 89' lang='lat' dir='ltr'>fine</span> <span class='ocrx_word' id='word_1_275' title='bbox 1435 2192 1558 2245; x_wconf 85' lang='lat' dir='ltr'>ejus;</span> <span class='ocrx_word' id='word_1_276' title='bbox 1597 2193 1775 2246; x_wconf 87' lang='lat' dir='ltr'>singula</span> 
     </span>
    </p>
   </div>
   <div class='ocr_carea' id='block_1_7' title="bbox 289 2251 1774 2367">
    <p class='ocr_par' dir='ltr' id='par_1_7' title="bbox 289 2251 1774 2367">
     <span class='ocr_line' id='line_1_33' title="bbox 289 2251 1774 2308; baseline 0.005 -18"><span class='ocrx_word' id='word_1_277' title='bbox 289 2251 333 2291; x_wconf 89' lang='lat' dir='ltr'>in</span> <span class='ocrx_word' id='word_1_278' title='bbox 370 2251 448 2291; x_wconf 91' lang='lat' dir='ltr'>illo</span> <span class='ocrx_word' id='word_1_279' title='bbox 484 2253 633 2305; x_wconf 89' lang='lat' dir='ltr'>capite</span> <span class='ocrx_word' id='word_1_280' title='bbox 670 2253 713 2293; x_wconf 92' lang='lat' dir='ltr'>in</span> <span class='ocrx_word' id='word_1_281' title='bbox 751 2267 884 2294; x_wconf 89' lang='lat' dir='ltr'>sensu</span> <span class='ocrx_word' id='word_1_282' title='bbox 922 2254 1138 2307; x_wconf 86' lang='lat' dir='ltr'>spirituali</span> <span class='ocrx_word' id='word_1_283' title='bbox 1175 2254 1382 2308; x_wconf 66' lang='lat' dir='ltr'>spectata</span> <span class='ocrx_word' id='word_1_284' title='bbox 1413 2257 1457 2296; x_wconf 92' lang='lat' dir='ltr'>id</span> <span class='ocrx_word' id='word_1_285' title='bbox 1490 2256 1774 2297; x_wconf 85' lang='lat' dir='ltr'>confirmant.</span> 
     </span>
     <span class='ocr_line' id='line_1_34' title="bbox 290 2313 685 2367; baseline 0.005 -13"><span class='ocrx_word' id='word_1_286' title='bbox 290 2313 428 2367; x_wconf 89' lang='lat' dir='ltr'>Apud</span> <span class='ocrx_word' id='word_1_287' title='bbox 440 2358 443 2361; x_wconf 63' lang='grc'><em>,</em></span> <span class='ocrx_word' id='word_1_288' title='bbox 453 2314 685 2364; x_wconf 83' lang='lat' dir='ltr'>Davidem,</span> 
     </span>
    </p>
   </div>
   <div class='ocr_carea' id='block_1_8' title="bbox 363 2409 1777 2500">
    <p class='ocr_par' dir='ltr' id='par_1_8' title="bbox 363 2409 1777 2500">
     <span class='ocr_line' id='line_1_35' title="bbox 363 2409 1777 2450; baseline 0.005 -10"><span class='ocrx_word' id='word_1_289' title='bbox 363 2409 460 2441; x_wconf 89' lang='lat' dir='ltr'>Deus</span> <span class='ocrx_word' id='word_1_290' title='bbox 475 2410 632 2442; x_wconf 89' lang='lat' dir='ltr'>deseruit</span> <span class='ocrx_word' id='word_1_291' title='bbox 649 2417 685 2442; x_wconf 90' lang='lat' dir='ltr'>et</span> <span class='ocrx_word' id='word_1_292' title='bbox 702 2411 923 2450; x_wconf 86' lang='lat' dir='ltr'>ignominiae</span> <span class='ocrx_word' id='word_1_293' title='bbox 941 2412 1086 2444; x_wconf 90' lang='lat' dir='ltr'>tradidit</span> <span class='ocrx_word' id='word_1_294' title='bbox 1103 2422 1180 2450; x_wconf 81' lang='lat' dir='ltr'>nos,</span> <span class='ocrx_word' id='word_1_295' title='bbox 1194 2423 1259 2445; x_wconf 89' lang='lat' dir='ltr'>nec</span> <span class='ocrx_word' id='word_1_296' title='bbox 1277 2414 1388 2446; x_wconf 87' lang='lat' dir='ltr'>exivit</span> <span class='ocrx_word' id='word_1_297' title='bbox 1405 2415 1441 2445; x_wconf 91' lang='lat' dir='ltr'>in</span> <span class='ocrx_word' id='word_1_298' title='bbox 1460 2415 1676 2447; x_wconf 86' lang='lat' dir='ltr'>exercitibus</span> <span class='ocrx_word' id='word_1_299' title='bbox 1693 2426 1777 2448; x_wconf 86' lang='lat' dir='ltr'>nos-</span> 
     </span>
     <span class='ocr_line' id='line_1_36' title="bbox 462 2454 1775 2500; baseline 0.005 -16"><span class='ocrx_word' id='word_1_300' title='bbox 462 2454 548 2488; x_wconf 79' lang='lat' dir='ltr'>tris:</span> <span class='ocrx_word' id='word_1_301' title='bbox 577 2455 706 2485; x_wconf 85' lang='lat' dir='ltr'>reverti</span> <span class='ocrx_word' id='word_1_302' title='bbox 726 2455 811 2486; x_wconf 83' lang='lat' dir='ltr'>fecit</span> <span class='ocrx_word' id='word_1_303' title='bbox 836 2465 902 2486; x_wconf 90' lang='lat' dir='ltr'>nos</span> <span class='ocrx_word' id='word_1_304' title='bbox 922 2462 1116 2487; x_wconf 86' lang='lat' dir='ltr'>retrorsum</span> <span class='ocrx_word' id='word_1_305' title='bbox 1141 2458 1187 2488; x_wconf 89' lang='lat' dir='ltr'>ab</span> <span class='ocrx_word' id='word_1_306' title='bbox 1210 2457 1314 2488; x_wconf 88' lang='lat' dir='ltr'>hoste</span> <span class='ocrx_word' id='word_1_307' title='bbox 1333 2458 1406 2498; x_wconf 88' lang='lat' dir='ltr'>(Ps.</span> <span class='ocrx_word' id='word_1_308' title='bbox 1423 2458 1507 2489; x_wconf 85' lang='lat' dir='ltr'>xliv.</span> <span class='ocrx_word' id='word_1_309' title='bbox 1529 2467 1577 2496; x_wconf 91' lang='lat'>10,</span> <span class='ocrx_word' id='word_1_310' title='bbox 1598 2467 1635 2489; x_wconf 90' lang='lat'>11</span> <span class='ocrx_word' id='word_1_311' title='bbox 1657 2457 1715 2500; x_wconf 72' lang='lat' dir='ltr'>[B.</span> <span class='ocrx_word' id='word_1_312' title='bbox 1730 2461 1775 2492; x_wconf 84' lang='lat' dir='ltr'>A.</span> 
     </span>
    </p>
   </div>
   <div class='ocr_carea' id='block_1_9' title="bbox 462 2494 601 2538">
    <p class='ocr_par' dir='ltr' id='par_1_9' title="bbox 462 2494 601 2538">
     <span class='ocr_line' id='line_1_37' title="bbox 462 2494 601 2538; baseline 0.014 -11"><span class='ocrx_word' id='word_1_313' title='bbox 462 2506 492 2537; x_wconf 89' lang='lat'>9,</span> <span class='ocrx_word' id='word_1_314' title='bbox 513 2494 601 2538; x_wconf 85' lang='lat' dir='ltr'>1o]):</span> 
     </span>
    </p>
   </div>
   <div class='ocr_carea' id='block_1_10' title="bbox 289 2585 1775 2954">
    <p class='ocr_par' dir='ltr' id='par_1_10' title="bbox 289 2585 1775 2954">
     <span class='ocr_line' id='line_1_38' title="bbox 289 2585 1775 2643; baseline 0.005 -18"><span class='ocrx_word' id='word_1_315' title='bbox 289 2585 408 2638; x_wconf 90' lang='lat' dir='ltr'>quod</span> <span class='ocrx_word' id='word_1_316' title='bbox 433 2589 458 2605; x_wconf 88' lang='lat'><strong>“</strong></span> <span class='ocrx_word' id='word_1_317' title='bbox 476 2585 598 2626; x_wconf 92' lang='lat' dir='ltr'>Deus</span> <span class='ocrx_word' id='word_1_318' title='bbox 625 2600 715 2627; x_wconf 92' lang='lat' dir='ltr'>non</span> <span class='ocrx_word' id='word_1_319' title='bbox 738 2587 930 2627; x_wconf 88' lang='lat' dir='ltr'>exiverit</span> <span class='ocrx_word' id='word_1_320' title='bbox 956 2587 1000 2627; x_wconf 88' lang='lat' dir='ltr'>in</span> <span class='ocrx_word' id='word_1_321' title='bbox 1026 2589 1300 2630; x_wconf 88' lang='lat' dir='ltr'>exercitibus</span> <span class='ocrx_word' id='word_1_322' title='bbox 1326 2591 1493 2631; x_wconf 87' lang='lat' dir='ltr'>nostris</span> <span class='ocrx_word' id='word_1_323' title='bbox 1507 2590 1526 2605; x_wconf 90' lang='lat'>’‘</span> <span class='ocrx_word' id='word_1_324' title='bbox 1549 2591 1775 2643; x_wconf 85' lang='lat' dir='ltr'>significat</span> 
     </span>
     <span class='ocr_line' id='line_1_39' title="bbox 290 2648 1772 2705; baseline 0.005 -18"><span class='ocrx_word' id='word_1_325' title='bbox 290 2648 410 2701; x_wconf 91' lang='lat' dir='ltr'>quod</span> <span class='ocrx_word' id='word_1_326' title='bbox 447 2661 537 2688; x_wconf 90' lang='lat' dir='ltr'>non</span> <span class='ocrx_word' id='word_1_327' title='bbox 576 2656 751 2690; x_wconf 89' lang='lat' dir='ltr'>tutatus</span> <span class='ocrx_word' id='word_1_328' title='bbox 791 2650 848 2690; x_wconf 87' lang='lat' dir='ltr'>sit</span> <span class='ocrx_word' id='word_1_329' title='bbox 889 2649 1004 2697; x_wconf 93' lang='lat' dir='ltr'>illos,</span> <span class='ocrx_word' id='word_1_330' title='bbox 1044 2652 1146 2704; x_wconf 88' lang='lat' dir='ltr'>quia</span> <span class='ocrx_word' id='word_1_331' title='bbox 1181 2652 1225 2692; x_wconf 90' lang='lat' dir='ltr'>in</span> <span class='ocrx_word' id='word_1_332' title='bbox 1265 2653 1387 2693; x_wconf 85' lang='lat' dir='ltr'>salsis</span> <span class='ocrx_word' id='word_1_333' title='bbox 1427 2653 1532 2694; x_wconf 87' lang='lat' dir='ltr'>mali</span> <span class='ocrx_word' id='word_1_334' title='bbox 1569 2654 1772 2705; x_wconf 83' lang='lat' dir='ltr'>fuerunt3</span> 
     </span>
     <span class='ocr_line' id='line_1_40' title="bbox 293 2711 1775 2769; baseline 0.006 -19"><span class='ocrx_word' id='word_1_335' title='bbox 293 2711 590 2751; x_wconf 83' lang='lat' dir='ltr'>“exercitus”</span> <span class='ocrx_word' id='word_1_336' title='bbox 626 2713 744 2752; x_wconf 90' lang='lat' dir='ltr'>enim</span> <span class='ocrx_word' id='word_1_337' title='bbox 783 2719 888 2752; x_wconf 89' lang='lat' dir='ltr'>sunt</span> <span class='ocrx_word' id='word_1_338' title='bbox 929 2712 1040 2753; x_wconf 89' lang='lat' dir='ltr'>falsa</span> <span class='ocrx_word' id='word_1_339' title='bbox 1081 2714 1211 2755; x_wconf 88' lang='lat' dir='ltr'>mali:</span> <span class='ocrx_word' id='word_1_340' title='bbox 1259 2730 1394 2769; x_wconf 88' lang='lat' dir='ltr'>quare</span> <span class='ocrx_word' id='word_1_341' title='bbox 1432 2717 1570 2757; x_wconf 83' lang='lat' dir='ltr'>etiam</span> <span class='ocrx_word' id='word_1_342' title='bbox 1611 2718 1775 2759; x_wconf 84' lang='lat' dir='ltr'>dicitur</span> 
     </span>
     <span class='ocr_line' id='line_1_41' title="bbox 290 2773 1773 2833; baseline 0.005 -20"><span class='ocrx_word' id='word_1_343' title='bbox 290 2773 410 2826; x_wconf 91' lang='lat' dir='ltr'>quod</span> <span class='ocrx_word' id='word_1_344' title='bbox 444 2777 560 2814; x_wconf 90' lang='lat' dir='ltr'>“eos</span> <span class='ocrx_word' id='word_1_345' title='bbox 592 2774 837 2815; x_wconf 86' lang='lat' dir='ltr'>deseruerit</span> <span class='ocrx_word' id='word_1_346' title='bbox 876 2782 922 2816; x_wconf 90' lang='lat' dir='ltr'>et</span> <span class='ocrx_word' id='word_1_347' title='bbox 960 2776 1233 2828; x_wconf 88' lang='lat' dir='ltr'>ignominiae</span> <span class='ocrx_word' id='word_1_348' title='bbox 1267 2779 1542 2827; x_wconf 82' lang='lat' dir='ltr'>tradiderit,’&#39;</span> <span class='ocrx_word' id='word_1_349' title='bbox 1573 2786 1619 2820; x_wconf 89' lang='lat' dir='ltr'>et</span> <span class='ocrx_word' id='word_1_350' title='bbox 1651 2781 1773 2833; x_wconf 88' lang='lat' dir='ltr'>quod</span> 
     </span>
     <span class='ocr_line' id='line_1_42' title="bbox 292 2836 1772 2897; baseline 0.006 -22"><span class='ocrx_word' id='word_1_351' title='bbox 292 2837 491 2877; x_wconf 89' lang='lat' dir='ltr'>“reverti</span> <span class='ocrx_word' id='word_1_352' title='bbox 517 2836 671 2878; x_wconf 85' lang='lat' dir='ltr'>fecerit</span> <span class='ocrx_word' id='word_1_353' title='bbox 703 2852 781 2878; x_wconf 88' lang='lat' dir='ltr'>eos</span> <span class='ocrx_word' id='word_1_354' title='bbox 813 2838 870 2878; x_wconf 88' lang='lat' dir='ltr'>ab</span> <span class='ocrx_word' id='word_1_355' title='bbox 896 2838 1030 2880; x_wconf 90' lang='lat' dir='ltr'>hoste</span> <span class='ocrx_word' id='word_1_356' title='bbox 1046 2839 1080 2891; x_wconf 90' lang='lat'>;”</span> <span class='ocrx_word' id='word_1_357' title='bbox 1120 2841 1302 2882; x_wconf 86' lang='lat' dir='ltr'>“hostis</span> <span class='ocrx_word' id='word_1_358' title='bbox 1315 2842 1333 2857; x_wconf 82' lang='lat'>”</span> <span class='ocrx_word' id='word_1_359' title='bbox 1360 2849 1429 2883; x_wconf 90' lang='lat' dir='ltr'>est</span> <span class='ocrx_word' id='word_1_360' title='bbox 1458 2842 1626 2883; x_wconf 87' lang='lat' dir='ltr'>malum</span> <span class='ocrx_word' id='word_1_361' title='bbox 1652 2843 1772 2897; x_wconf 90' lang='lat' dir='ltr'>quod</span> 
     </span>
     <span class='ocr_line' id='line_1_43' title="bbox 290 2898 962 2954; baseline 0.006 -16"><span class='ocrx_word' id='word_1_362' title='bbox 290 2898 347 2939; x_wconf 88' lang='lat' dir='ltr'>ab</span> <span class='ocrx_word' id='word_1_363' title='bbox 371 2898 556 2940; x_wconf 84' lang='lat' dir='ltr'>inferno.</span> <span class='ocrx_word' id='word_1_364' title='bbox 617 2900 753 2954; x_wconf 89' lang='lat' dir='ltr'>Apud</span> <span class='ocrx_word' id='word_1_365' title='bbox 780 2901 962 2951; x_wconf 80' lang='lat' dir='ltr'>Joelem,</span> 
     </span>
    </p>
   </div>
  </div>
 </body>
</html>
