1962 3334
269 264 375 307 1616
692 275 1027 310 APOCALYPSIS
1058 278 1374 318 EXPLICATA„

261 401 341 441 per
368 387 668 429 “mensuras‘'
699 388 758 430 ibi
789 389 1067 443 significatur
1097 391 1227 445 quale
1259 392 1303 432 in
1336 392 1457 433 omni
1490 392 1751 447 complexu.-

261 450 400 504 Apud
425 451 594 501 Mosen,

327 539 436 571 “Non
455 540 591 572 facietis
610 541 879 581 perversitatem
898 543 932 574 in
950 542 1092 583 judicio,
1108 543 1142 574 in
1161 554 1337 581 mensura,
1357 544 1391 575 in
1411 545 1579 585 pondere,
1597 551 1633 578 et
1649 546 1687 579 in
1703 546 1755 578 di-

436 584 643 622 mensione:
673 585 782 616 librae
802 586 970 625 justitiae,
991 587 1127 627 lapides
1147 587 1316 627 justitiae,
1337 589 1430 629 epha
1447 588 1615 630 justitiae,
1636 596 1671 621 et
1690 590 1751 621 hin

433 627 590 668 justitiae
607 629 672 659 erit
689 629 791 660 vobis
803 628 821 640 ’⁷
838 630 960 669 (Levit.
978 631 1047 662 xix.
1066 638 1117 669 35,
1137 632 1191 671 36)
1206 641 1213 670 ;

259 710 377 764 apud
405 710 613 760 eundem,

325 788 343 801 ‘⁴
354 786 436 818 Non
452 793 571 819 erunt.
586 788 637 819 ‚in
655 787 774 819 loculo
788 794 849 819 tuo
866 789 997 820 diversi
1011 790 1157 829 lapides,
1173 800 1325 830 magnus
1340 797 1375 822 et
1392 801 1522 832 parvus
1536 801 1543 831 ;
1564 802 1636 824 non
1651 799 1754 826 erunt

438 856 445 863 .
461 831 511 862 ,in
531 831 639 862 domo
657 837 716 862 tua
733 832 895 864 diversae
914 834 1036 873 ephae,
1055 843 1187 873 magna
1204 841 1238 866 et
1256 844 1366 874 parva
1381 844 1388 874 ;
1414 836 1502 875 lapis
1523 835 1700 876 perfe6kus
1718 843 1754 869 et

431 874 589 915 justitiae
609 875 676 906 erit
697 876 770 914 tibi,
791 877 884 917 epha
900 875 1061 917 perfeeta
1085 884 1119 908 et
1138 877 1296 918 justitiae
1317 879 1382 910 erit
1406 879 1470 910 tibi
1481 878 1499 891 ''
1519 879 1654 919 (Deutr.
1672 890 1753 913 xxv.

435 919 555 959 13-15)
569 928 576 957 ;

257 1008 303 1043 et
329 1002 447 1055 apud
473 1001 760 1052 Ezechielem,

323 1082 490 1167 “Lance3
510 1083 679 1124 justitiae,
701 1090 736 1115 et
760 1084 875 1125 ephah
895 1084 1065 1125 justitiae,
1089 1091 1125 1117 et
1148 1086 1234 1117 bath
1253 1086 1411 1127 justitiae
1431 1088 1498 1119 erit
1517 1087 1649 1120 vobis''
1668 1088 1751 1129 (xlv.

434 1135 474 1158 10
499 1138 505 1159 :

257 1215 377 1269 quod
397 1229 476 1268 per
494 1215 575 1256 has
591 1219 616 1236 “
630 1229 861 1257 mensuras
873 1216 892 1232 ’'
907 1223 952 1258 et
971 1231 1049 1270 per
1065 1218 1175 1259 haec
1194 1222 1218 1239 “
1232 1220 1432 1272 pondera
1444 1219 1463 1235 ‘’
1477 1220 1753 1273 significetur

256 1280 513 1320 aestimatio
539 1280 601 1320 rei
627 1281 874 1321 secundum
900 1281 1032 1335 quale
1059 1282 1151 1322 veri
1178 1289 1224 1323 et
1251 1283 1370 1332 boni,
1395 1283 1598 1324 videatur
1620 1298 1751 1338 supra

256 1352 302 1390 (1¹·
321 1350 372 1392 37
379 1352 432 1392 3)-

335 1410 558 1464 630[a].
589 1421 696 1459 [Vers.
714 1422 757 1460 2.]
793 1411 872 1451 “Et
903 1412 1066 1459 atr-ium,
1102 1413 1210 1466 quod
1239 1417 1361 1453 extra
1395 1415 1595 1466 templum,
1625 1414 1753 1468 rejice

257 1471 388 1518 foras,
413 1475 458 1511 et
483 1485 534 1511 ne
562 1471 664 1511 illud
682 1471 1104 1525 metiar-123.'¹—Quod
1128 1473 1351 1526 significet
1383 1474 1503 1526 quod
1520 1481 1751 1515 externum

266 1532 409 1582 Verbi,
431 1540 474 1574 et
497 1533 598 1574 inde
621 1533 820 1575 ecclesiae
843 1541 886 1574 et
908 1534 1063 1583 cultus,
1088 1549 1171 1574 non
1196 1535 1518 1587 explorandum
1543 1536 1617 1585 sit,
1642 1550 1750 1577 con-

253 1602 348 1637 stat
380 1611 439 1637 ex
467 1596 796 1650 significatione
826 1597 1002 1645 “atrii,'’
1029 1598 1148 1651 quod
1176 1599 1232 1639 sit
1260 1605 1499 1639 externum
1526 1598 1680 1647 Verbi,
1704 1605 1751 1640 et

253 1661 356 1701 inde
395 1660 612 1701 ecclesiae
650 1667 696 1702 et
734 1660 906 1702 cultus:
950 1661 1069 1714 quod
1104 1661 1333 1702 “atrium'’
1364 1662 1475 1703 haec
1513 1661 1748 1715 significet,

253 1730 323 1765 est
355 1724 458 1777 quia
485 1723 745 1777 “templum
759 1724 777 1739 ’'
803 1724 1027 1777 significat
1053 1724 1227 1765 caelum
1261 1732 1307 1765 et
1339 1725 1576 1766 ecclesiam
1603 1725 1750 1779 quoad

255 1786 468 1827 Divinum
500 1786 687 1835 Verum,
721 1794 853 1840 prout
890 1788 934 1828 in
972 1788 1185 1840 superiori
1218 1787 1408 1828 articulo
1445 1786 1614 1828 dietum
1653 1795 1749 1839 est;

251 1850 355 1890 inde
380 1850 620 1899 “atrium‚’'
638 1851 757 1904 quod
779 1854 950 1891 “extra
972 1850 1224 1903 templum''
1247 1865 1323 1891 seu
1346 1857 1452 1891 ante
1475 1851 1609 1892 facies
1632 1857 1748 1892 tem-

252 1914 327 1966 pli,
360 1913 586 1967 significat
623 1914 813 1966 primum
846 1928 923 1954 seu
956 1913 1162 1954 ultimum
1195 1913 1381 1954 caelum.
1443 1914 1561 1954 Nam
1595 1917 1749 1955 “tem-

253 1977 408 2031 plum'’
431 1979 474 2018 in
497 1991 545 2017 se
569 1975 823 2029 speetatum
847 1977 1071 2030 significat
1095 1977 1244 2017 caelos
1262 1978 1511 2029 superiores
1528 1991 1550 2027 ;-
1570 1991 1746 2030 nempe,

253 2040 518 2094 “adytum,”
544 2041 617 2081 ubi
643 2054 746 2081 arca
777 2040 981 2089 foederis,
1009 2039 1292 2093 significabat
1319 2042 1526 2080 intimum
1552 2054 1629 2081 seu
1656 2047 1746 2081 ter-

251 2105 362 2145 tium
382 2104 571 2152 caelum,
595 2103 856 2156 “templum
876 2110 1008 2143 extra
1030 2103 1218 2155 adytum
1234 2102 1252 2118 '⁹
1268 2103 1549 2156 significabat
1572 2103 1746 2144 caelum

252 2166 447 2206 medium
474 2180 552 2206 seu
583 2167 844 2215 secundum,
873 2166 975 2206 inde
1004 2166 1239 2207 “atrium”
1264 2166 1546 2219 significabat
1573 2166 1745 2207 caelum

252 2229 459 2270 ultimum
486 2243 563 2270 seu
590 2230 806 2282 primum;
840 2236 887 2270 et
913 2229 1033 2282 quod
1061 2229 1283 2282 significat
1306 2229 1495 2278 caelum,
1520 2229 1604 2270 hoc
1631 2222 1742 2283 quoss

251 2307 337 2347 que
364 2292 590 2346 significat
617 2293 871 2341 ecclesiam,
900 2306 1003 2333 nam
1036 2293 1228 2333 ecclesia
1259 2299 1329 2333 est
1356 2292 1530 2333 caelum
1563 2292 1744 2333 Domini

250 2358 294 2396 in
321 2358 477 2406 terris;
516 2363 562 2397 et
594 2357 715 2410 quod
747 2355 971 2409 significat
998 2356 1251 2403 ecclesiam,
1278 2356 1363 2396 hoc
1395 2369 1571 2409 quoque
1603 2356 1741 2408 signi-

254 2419 359 2460 ficat
377 2419 593 2469 Verbum,
613 2426 659 2460 et
682 2434 858 2473 quoque
882 2419 1066 2467 cultum,
1091 2433 1194 2459 nam
1213 2419 1414 2459 Verbum
1437 2428 1505 2459 est
1534 2419 1743 2459 Divinum

252 2483 423 2524 Verum
451 2497 509 2523 ex
533 2497 621 2536 quo
648 2483 822 2523 caelum
850 2489 895 2523 et
922 2482 1129 2530 ecclesia,
1158 2488 1204 2523 et
1232 2482 1378 2522 cultus
1401 2488 1471 2522 est
1498 2482 1743 2522 secundum

253 2546 465 2587 Divinum
484 2546 656 2586 Verum
674 2546 793 2599 quod
816 2553 886 2586 est
905 2545 1132 2586 Verbum:
1166 2545 1268 2585 inde
1287 2551 1357 2585 est
1376 2545 1494 2598 quod
1515 2548 1539 2565 “
1553 2545 1712 2585 atrium
1727 2544 1745 2559 ’'

250 2608 473 2662 significet
496 2616 739 2649 externum
763 2623 840 2649 seu
863 2608 1068 2648 ultimum
1092 2608 1203 2648 caeli
1230 2614 1276 2648 et
1303 2607 1536 2655 ecclesiae,
1561 2614 1606 2648 et
1633 2621 1743 2660 quo-

250 2686 335 2726 que
367 2678 607 2713 externum
640 2686 718 2712 seu
749 2671 956 2712 ultimum
990 2671 1129 2712 Verbi
1161 2677 1207 2711 et
1240 2670 1399 2711 cultus.
1462 2670 1664 2711 Verbum
1697 2677 1743 2711 et

250 2734 397 2775 cultus
429 2741 534 2775 sunt
565 2748 745 2787 prorsus
777 2736 891 2775 sicut
924 2741 994 2775 est
1026 2734 1198 2774 caelum
1231 2740 1276 2774 et
1309 2733 1526 2783 ecclesia;
1564 2746 1667 2773 nam
1699 2734 1742 2773 in

250 2798 405 2839 Verbo
427 2804 532 2837 sunt
559 2803 651 2837 tres
677 2796 878 2837 distinffi
905 2811 1061 2837 sensus
1088 2797 1202 2837 sicut
1225 2803 1328 2837 sunt
1356 2803 1447 2837 tres
1470 2795 1606 2837 caeli:
1641 2809 1741 2836 sen-

250 2875 323 2901 sus
349 2861 545 2909 intimus,
574 2861 646 2913 qui
673 2867 861 2901 vocatur
886 2874 1043 2900 sensus
1071 2860 1291 2908 caelestis,
1320 2866 1389 2900 est
1415 2873 1494 2912 pro
1521 2859 1647 2899 caelo
1674 2859 1740 2898 in-

250 2925 362 2966 timo
393 2938 470 2964 seu
501 2924 666 2974 tertio;
703 2936 860 2964 sensus
893 2924 1078 2973 medius,
1105 2923 1178 2976 qui
1209 2929 1396 2964 vocatur
1426 2935 1582 2963 sensus
1614 2922 1739 2974 spiri-
