1962 3334
569 279 676 312 CAP.
698 278 780 319 XL,
803 277 942 310 VERs.
964 255 1110 309 8:41«.
1131 266 1292 321 654[²]·
1515 282 1518 286 ⁴
1563 276 1672 320 '1745

188 407 269 448 per
300 393 476 434 “feram
515 390 770 432 arundinis”
801 389 1079 443 significatur
1115 387 1291 430 affefflo
1332 402 1410 429 seu
1451 387 1673 440 cupiditas

189 457 287 498 falsi
313 456 433 510 quod
454 469 513 496 ex
535 453 790 496 scientificis
812 452 1029 494 sensualis
1050 452 1257 500 hominis,
1281 465 1395 504 quae
1418 457 1521 491 sunt
1546 450 1674 491 falla-

71 500 76 518 λ’
135 526 138 529 “
189 520 311 570 ciae;
351 532 465 572 quae
499 517 834 570 “congregatio
872 514 1084 556 fortium”
1114 521 1335 555 vocantur
1365 515 1467 567 quia
1498 513 1675 554 fortiter

189 582 460 635 persuadent
476 595 487 631 3
513 587 559 621 et
576 581 678 634 quia
694 580 959 632 dispergunt
977 591 1084 618 vera
1099 577 1331 626 ecclesiae,
1351 577 1512 617 dicitur
1531 580 1557 596 ‘⁴
1570 576 1673 617 Dis·

189 645 328 698 persit
354 643 580 697 populos.”
638 642 777 696 Apud
801 641 1063 690 Hosclzeam,

254 731 362 765 “Erit
393 732 563 773 Ephraim
594 732 684 763 sicut
714 730 878 762 columba
901 730 1020 768 stulta,
1045 739 1118 760 non
1144 739 1225 761 cor:
1259 729 1465 770 Aegyptum
1489 735 1675 766 vocarunt,

361 775 549 816 Assyriam
562 775 752 806 abiverunt
764 785 771 806 ε
781 800 789 806 .
802 799 811 806 .
825 799 833 805 .
846 784 928 806 .vae
942 773 1011 804 illis
1028 773 1111 814 quia
1126 773 1286 813 divagati
1299 779 1383 804 sunt
1395 783 1417 803 a
1429 772 1499 810 Me,
1513 773 1676 803 devasta-

363 820 414 851 tio
434 819 504 850 illis
528 819 610 859 quia
626 817 858 858 praevaricati
877 823 962 848 sunt
980 824 1105 848 eontra
1122 816 1219 848 Mez.
1233 841 1242 848 .
1255 841 1263 848 .
1277 817 1420 847 ,cadent
1439 816 1559 856 gladio
1579 816 1676 856 prin-

363 863 460 902 cipes
484 872 619 899 eorum,
643 871 687 893 ex
710 861 957 901 indignatione
981 861 1124 900 linguae
1148 869 1293 898 eorum;
1324 860 1412 891 haec
1440 859 1675 891 subsannatio

363 915 487 937 eorum
504 906 540 936 in
561 912 656 936 terra
671 905 828 945 Aegypti
839 904 858 916 ”
875 904 946 944 (vii.
966 912 1015 942 11,
1035 912 1084 942 13,
1105 903 1177 943 16):

189 993 338 1046 agitur
361 992 421 1032 ibi
446 992 502 1032 de
527 991 734 1044 superbia
759 990 950 1038 Israelis,
974 1003 1052 1043 per
1076 1003 1210 1043 quam
1236 989 1511 1042 significatur
1535 989 1676 1030 fastus

189 1055 394 1108 propriae
414 1054 745 1107 intelligentiae
766 1054 810 1093 in
832 1052 996 1093 talibus
1017 1067 1130 1106 quae
1152 1059 1255 1093 sunt
1278 1052 1520 1093 ecclesiae:
1554 1053 1675 1107 quod

189 1131 269 1170 per
301 1117 639 1170 “Aegyptum''
670 1115 1195 1169 significetur-naturalis
1230 1115 1367 1156 homo
1406 1122 1453 1156 et
1489 1116 1677 1156 scientia

189 1180 296 1233 ejus,
323 1187 505 1225 constat
530 1194 589 1221 ex
613 1194 682 1228 eo,
710 1179 829 1232 quod
855 1192 933 1232 per
960 1179 1329 1231 “Ephraimum,”
1355 1179 1411 1219 de
1442 1193 1530 1232 quo
1557 1179 1676 1232 apud

189 1244 308 1284 hunc
339 1244 607 1296 prophetam
649 1242 839 1283 multum
870 1242 1031 1294 agitur,
1064 1241 1338 1294 significetur
1368 1240 1675 1283 intellectuale

189 1303 411 1345 ecclesiae
452 1310 500 1345 et
538 1316 697 1344 verum
741 1301 977 1343 doctrinae
1020 1302 1116 1355 ejus
1158 1303 1204 1342 in
1247 1302 1444 1343 naturali
1464 1317 1473 1352 ;
1518 1314 1623 1351 (quod
1645 1315 1678 1343 id

189 1383 247 1412 per
269 1371 287 1382 ¹¹
298 1374 451 1412 Ephraim
462 1374 479 1383 ''
502 1374 706 1412 significetur,
726 1374 871 1402 videatur
891 1382 997 1410 supra.
1017 1382 1048 1402 n.
1071 1372 1191 1413 440;)
1235 1376 1374 1415 quare
1416 1376 1497 1416 per
1533 1368 1558 1383 ‘⁶
1572 1362 1675 1403 Erit

189 1425 406 1478 Ephraim
427 1424 636 1465 columba
660 1424 815 1472 stulta,
839 1437 929 1464 non
962 1423 1077 1474 cor,”
1100 1422 1379 1476 significatur
1404 1424 1525 1477 quod
1558 1438 1676 1465 nunc

190 1500 280 1528 non
302 1485 607 1528 intellectuale
629 1487 731 1540 quia
753 1500 844 1527 non
866 1499 1034 1534 verum,
1060 1499 1141 1526 nec
1160 1484 1336 1527 affectio
1358 1487 1449 1527 veri
1471 1493 1517 1527 et
1540 1487 1645 1528 boni
1665 1502 1675 1537 ;

190 1563 270 1602 per
298 1549 418 1604 quod
446 1549 750 1603 “Aegyptum
778 1550 1039 1590 vocaverint
1071 1556 1117 1589 et
1144 1548 1381 1601 Assyriam
1415 1550 1677 1598 abiverint‚”

124 1641 129 1645 ῃ
190 1611 466 1666 significatur
495 1612 614 1665 quod
655 1611 831 1652 fiderint
869 1611 1125 1652 scientificis
1157 1612 1371 1652 naturalis
1403 1612 1595 1653 hominis
1630 1619 1677 1654 et

189 1675 293 1715 inde
318 1675 749 1722 ratiocinationibus,
777 1688 890 1727 quae
915 1674 1100 1714 fallunt:
1137 1674 1277 1714 “Vae
1308 1674 1394 1714 illis
1425 1676 1527 1728 quia
1552 1675 1676 1716 diva-

190 1738 286 1790 gati
321 1744 425 1778 sunt
461 1751 488 1778 a
523 1737 628 1778 Me”
666 1737 889 1790 significat
930 1738 1208 1777 aversionem
1244 1751 1271 1777 a
1306 1738 1420 1777 veris
1460 1752 1573 1791 quae
1617 1752 1677 1779 ex

190 1799 346 1841 Verbo
363 1815 384 1851 ;,
408 1804 436 1821 “
452 1800 706 1841 devastatio
723 1799 808 1839 illis
826 1800 927 1852 quia
945 1801 1237 1852 praevaricati
1260 1806 1364 1841 sunt
1382 1808 1542 1841 contra
1564 1800 1679 1848 Me.'’

191 1862 414 1916 significat
445 1863 803 1916 deprivationem
830 1864 974 1902 omnis
1005 1863 1099 1903 veri
1132 1870 1317 1915 propter
1346 1865 1677 1914 recessionem;

194 1926 398 1967 “cadent
429 1925 583 1979 gladio
608 1926 835 1978 principes
861 1925 1047 1966 eorum”
1072 1925 1294 1978 significat
1320 1927 1440 1979 quod
1472 1928 1679 1979 primaria

190 2002 296 2029 vera
310 1989 598 2029 destruentur
612 2002 689 2041 per
703 1988 814 2028 salsa
830 2003 838 2038 ;
865 1992 891 2008 ‘¹
902 2002 960 2028 ex
977 1989 1288 2041 indignatione
1304 1989 1485 2042 linguae
1496 2003 1648 2030 eorum
1667 2004 1677 2040 ;

157 2080 161 2083 -
190 2050 306 2092 haec
331 2051 625 2092 subsannatio
650 2064 804 2091 eorum
831 2052 875 2091 in
902 2057 1022 2091 terra
1046 2050 1290 2104 Aegypti,”
1312 2051 1534 2104 significat
1560 2053 1677 2094 vitu—

191 2114 472 2166 perationem
509 2111 741 2154 dochinae
776 2127 835 2153 ex
873 2113 1063 2154 naturali
1098 2114 1292 2163 homine,
1325 2121 1371 2155 et
1407 2115 1533 2167 hujus
1569 2129 1677 2157 con-

190 2182 429 2229 temptum.
488 2175 627 2229 Apud
655 2176 861 2224 eundem,

257 2267 277 2280 “
290 2265 428 2303 Israel„
442 2291 450 2298 .
463 2291 471 2298 .
485 2272 676 2298 ‚scortatus
690 2267 755 2297 sub
775 2265 854 2297 Deo
873 2272 960 2303 tuo„
976 2291 983 2297 .
996 2291 1004 2298 .
1019 2276 1107 2297 .non
1125 2267 1335 2298 habitabunt
1351 2267 1386 2298 in
1399 2273 1493 2299 terra
1507 2267 1678 2310 Jehovae,

365 2316 401 2341 et
424 2317 620 2341 revertetur
646 2309 814 2349 Ephraim
842 2307 911 2350 [in]
933 2310 1148 2350 Aegyptum,
1168 2317 1203 2341 et
1226 2311 1262 2341 in
1286 2311 1437 2351 Assyria
1456 2311 1679 2343 immundum

365 2353 554 2384 comedent
571 2364 595 2384 ε.
610 2378 617 2384 .
631 2377 639 2384 .
654 2362 748 2384 ‚ecce
768 2353 956 2384 abiverunt
981 2363 1064 2393 prae
1083 2354 1330 2385 devastatione
1346 2363 1353 2391 ;
1382 2354 1569 2395 Aegyptus
1593 2365 1679 2387 con-

365 2397 528 2436 gregabit
546 2406 619 2434 eos,
642 2396 754 2436 Moph
775 2396 923 2436 sepeliet
946 2406 1019 2432 eos.
1040 2397 1275 2428 desiderabile
1293 2405 1442 2438 argento
1462 2408 1584 2430 eorum
1604 2409 1680 2431 car-

364 2440 454 2471 duus
471 2440 668 2480 possidebit
683 2449 726 2470 ea
740 2449 746 2476 ;
773 2440 876 2479 spina
893 2440 929 2470 in
946 2440 1108 2471 tentoriis
1125 2450 1248 2471 eorum
1261 2440 1280 2452 '¹
1296 2442 1355 2480 (ix.
1376 2450 1403 2480 1,
1421 2450 1451 2480 3,
1471 2442 1524 2481 6):

191 2527 341 2580 agitur
374 2527 419 2567 in
455 2533 556 2568 toto
592 2527 668 2568 illo
704 2528 851 2580 capite
888 2527 944 2568 de
978 2527 1213 2570 intellectu
1248 2529 1388 2571 Verbi
1425 2531 1675 2584 deperdito,

193 2589 266 2642 qui
297 2589 367 2630 hic
398 2596 467 2630 est
502 2589 758 2642 “Ephraim
776 2590 809 2630 :'’
855 2590 1031 2631 “Israel
1063 2598 1288 2633 scortatus
1319 2594 1401 2634 sub
1437 2594 1537 2635 Deo
1569 2596 1678 2636 tuo'’

193 2651 416 2704 significat
446 2652 728 2693 falsificatum
762 2666 915 2693 verum
950 2653 1117 2704 Verbi;
1162 2658 1291 2696 “non
1327 2656 1596 2699 habitabunt
1633 2660 1676 2699 in

193 2720 312 2755 terra
346 2714 576 2767 Jehovae”
612 2715 833 2768 significat
875 2729 964 2756 non
1006 2716 1092 2757 illis
1128 2718 1267 2758 vitam
1307 2718 1413 2760 boni
1453 2721 1595 2773 qualis
1632 2722 1676 2762 in

194 2776 346 2827 caelo;
392 2781 475 2818 “et
511 2785 759 2818 revertetur
796 2778 1011 2831 Ephraim
1045 2780 1088 2819 in
1124 2779 1422 2833 Aegyptum”
1454 2783 1676 2836 significat

193 2837 474 2880 intellectum
510 2841 600 2880 veri
637 2841 934 2893 deperditum,
975 2842 1093 2883 unde
1134 2845 1362 2885 naturales
1399 2844 1502 2886 facti
1543 2854 1674 2897 sunt;

196 2904 280 2943 “et
312 2902 355 2942 in
383 2901 570 2955 Assyria
595 2903 871 2943 immundum
903 2905 1144 2946 comedent
1157 2905 1176 2920 '¹
1202 2906 1424 2958 significat
1456 2909 1675 2950 rationale
