1962 3334
275 258 378 311 1898
683 267 1016 304 APOCALYPSIS
1046 272 1346 306 EXPLICATA.

267 380 325 421 sit
356 394 470 434 quae
502 381 782 434 significatur
815 398 894 437 per
927 384 1164 434 “foedus,’‘
1190 393 1400 427 constare
1433 387 1571 428 etiam
1604 394 1758 442 potest

267 458 325 484 ex
357 444 534 495 allatis;
577 446 698 499 quod
731 460 899 501 nempe
931 448 989 488 sit
1026 449 1142 490 sicut
1179 449 1329 490 solent
1361 450 1543 491 foedera
1579 465 1678 492 esse
1713 453 1758 493 in

267 508 448 556 mundo,
476 521 639 561 nempe
666 523 692 549 a
718 517 849 562 parte
876 511 1004 551 unius
1032 518 1078 552 et
1104 526 1130 552 a
1155 519 1284 565 parte
1314 514 1514 561 alterius,
1555 514 1759 555 similiter

265 570 446 611 foedera
488 585 602 624 quae
646 572 868 613 Dominus
910 575 1068 627 pangit
1110 588 1211 615 cum
1253 575 1521 624 hominibus,
1561 583 1691 618 erunt
1731 591 1758 618 a

265 640 394 686 parte
427 635 610 675 Domini
642 641 689 676 et
726 650 751 676 a
789 643 917 690 parte
950 637 1210 689 hominum;
1252 639 1372 691 quod
1404 645 1534 679 erunt
1572 653 1597 680 a
1629 646 1757 693 parte

264 697 485 750 utrinque,
507 704 576 738 est
600 705 786 752 propter
805 698 1182 752 conjunctionem.
1228 699 1313 740 Illa
1326 715 1439 754 quae
1462 715 1487 741 a
1510 708 1638 755 parte
1661 702 1756 744 Do-

264 760 371 800 mini
398 766 542 809 erant,
572 768 882 802 memorantur
907 762 951 802 in
979 763 1128 816 capite
1155 764 1473 816 praecedente,

336 854 440 896 Quod
466 865 595 895 nempe
615 857 802 887 benedicet
826 857 909 896 pani
934 857 1076 889 illorum
1101 864 1136 888 et
1159 858 1260 898 aquis
1286 858 1437 896 illorum,
1459 859 1552 899 quod
1575 860 1756 892 amovebit

436 900 592 937 morbos,
611 900 704 940 quod
722 901 923 940 possessuri
944 901 1015 932 sint
1031 907 1161 932 terram
1181 901 1361 932 Canaanis
1381 911 1402 932 a
1421 903 1510 933 mari
1531 902 1626 943 Suph
1644 913 1755 945 usque

436 942 481 974 ad
498 942 644 974 fluvium
665 943 882 983 Euphratem
902 944 1036 984 (Exod.,
1054 954 1128 985 cap.
1146 945 1240 976 xxiii.
1259 946 1396 985 25—31):

260 1034 306 1069 et
343 1029 402 1070 ibi
439 1044 517 1084 per
545 1031 852 1073 “benedicere
890 1034 994 1086 pani
1038 1039 1084 1074 et
1126 1033 1283 1087 aquis’'
1319 1034 1362 1074 in
1404 1048 1539 1075 sensu
1575 1035 1754 1077 interno

259 1093 479 1144 spirituali
497 1094 776 1147 significatur
794 1094 1075 1137 fructificatio
1097 1096 1204 1137 boni
1228 1103 1274 1137 et
1297 1097 1616 1151 multiplicatio
1634 1100 1751 1150 veri;

262 1156 458 1208 “panis''
504 1157 733 1210 significat
779 1172 913 1199 omne
958 1159 1127 1200 bonum
1174 1159 1287 1200 caeli
1333 1166 1379 1200 et
1425 1160 1659 1209 ecclesiae,
1706 1168 1753 1202 et

261 1219 472 1272 “aquae”
506 1217 658 1261 omnia
690 1235 796 1261 vera
828 1221 945 1262 illius
977 1222 1108 1262 boni:
1150 1236 1228 1276 per
1259 1226 1509 1264 “amovere
1541 1224 1753 1265 morbos”

258 1281 536 1334 significatur
561 1297 793 1325 removere
826 1285 946 1326 mala
977 1292 1023 1326 et
1055 1285 1168 1326 falsa
1199 1300 1314 1339 quae
1345 1287 1402 1327 ab
1433 1287 1618 1335 inferno,
1647 1301 1751 1329 nam

259 1344 370 1385 haec
409 1351 514 1387 sunt
551 1347 695 1387 morbi
732 1348 776 1387 in
814 1348 1035 1401 spirituali
1072 1362 1230 1389 sensu:
1279 1355 1325 1390 et
1367 1363 1446 1403 per
1485 1351 1752 1403 “possidere

259 1413 426 1448 terram
459 1423 484 1449 a
517 1410 626 1450 mari
664 1409 788 1463 Suph
827 1411 884 1451 ad
917 1411 1096 1452 fluvium
1129 1412 1412 1465 Euphratem
1425 1412 1444 1427 ’'
1476 1413 1753 1466 significatur

257 1470 450 1511 ecclesia
483 1485 583 1512 cum
616 1474 738 1513 omni
773 1472 868 1525 ejus
900 1475 1186 1522 extensione,
1219 1489 1333 1528 quae
1371 1489 1397 1515 a
1434 1475 1632 1516 Domino
1663 1476 1750 1517 illis

259 1533 331 1586 qui
370 1533 459 1587 Ipsi
496 1549 574 1588 per
611 1535 826 1576 Divinum
858 1536 1029 1577 Verum
1068 1537 1413 1590 conjunguntur.
1476 1538 1561 1578 Illa
1597 1545 1749 1580 autem

256 1610 370 1649 quae
402 1611 427 1637 a
459 1605 588 1651 parte
620 1599 815 1639 hominis
842 1606 987 1648 erunt,
1016 1607 1324 1641 memorantur
1350 1601 1393 1641 in
1421 1601 1562 1642 tribus
1589 1603 1748 1655 capiti-

256 1660 337 1699 bus
371 1674 485 1714 quae
517 1662 811 1714 praecedunt,
846 1676 897 1703 ac
936 1663 980 1702 in
1018 1676 1152 1716 supra
1183 1663 1326 1704 allato
1364 1663 1466 1704 loco
1498 1665 1541 1704 in
1575 1678 1750 1706 summa

256 1722 572 1776 intelliguntur
598 1739 676 1778 per
704 1725 880 1766 “verba
904 1725 1106 1778 Jehovae
1137 1732 1182 1766 et
1205 1726 1410 1778 judicia,”
1436 1740 1549 1780 quae
1580 1727 1746 1777 Moses,

255 1785 539 1827 descendens
575 1802 599 1828 e
638 1787 798 1828 Monte
837 1787 971 1835 Sinai,
1011 1789 1286 1829 renuntiavit
1324 1789 1506 1842 popu10,
1540 1789 1597 1830 ad
1633 1804 1748 1844 quae

255 1848 446 1901 populus
479 1864 566 1891 una
597 1865 710 1892 voce
743 1851 872 1900 dixit,
910 1850 1113 1892 “Omnia
1149 1852 1287 1892 verba
1322 1866 1436 1906 quae
1469 1853 1646 1894 locutus
1677 1861 1747 1895 est

253 1910 475 1962 Jehovah,
521 1913 735 1954 faciemus
777 1920 823 1955 et
865 1914 1258 1955 auscultabimus.”
1335 1916 1446 1955 Inde
1488 1922 1584 1956 erat
1626 1917 1746 1970 quod

256 1973 409 2015 Moses
442 1975 643 2017 diviserit
675 1977 942 2030 sanguinem
974 1977 1246 2026 holocausti,
1281 1991 1332 2018 ac
1366 1978 1599 2019 dimidium
1636 1978 1743 2031 ejus,

254 2037 374 2089 quod
406 2044 503 2079 erat
540 2053 620 2092 pro
654 2039 866 2088 Domino,
900 2039 1128 2093 reliquerit
1160 2041 1204 2080 in
1237 2041 1498 2089 crateribus,
1532 2048 1579 2082 et
1616 2042 1744 2092 dimi-

254 2100 375 2140 dium
413 2100 504 2153 ejus
537 2103 750 2154 sparserit
787 2116 919 2155 super
955 2102 1184 2156 populum.
1249 2102 1381 2155 Quod
1418 2117 1496 2157 per
1533 2104 1744 2145 Divinum

253 2162 424 2203 Verum
447 2163 525 2204 fiat
549 2163 805 2217 conjunctio
829 2165 1011 2205 Domini
1034 2179 1135 2206 cum
1159 2166 1428 2215 hominibus,
1448 2166 1586 2207 etiam
1609 2166 1743 2207 intel-⁶

255 2225 408 2278 ligitur
434 2240 512 2279 per
541 2228 846 2280 “sanguinem
859 2227 878 2244 ''
903 2228 1021 2281 apud
1046 2227 1384 2281 Evangelz'stas,

328 2321 433 2363 Jesus
452 2322 656 2362 “accipiens
674 2323 838 2363 poculum
843 2348 934 2361 .....
945 2322 1058 2365 [dedit
1075 2321 1172 2364 illis,]
1192 2324 1323 2362 dicens,
1344 2323 1459 2355 Bibite
1476 2334 1521 2355 ex
1541 2333 1584 2355 eo
1601 2333 1742 2362 omnes;

427 2365 483 2396 hic
508 2373 562 2396 est
587 2367 732 2406 sanguis
757 2377 867 2404 meus,
894 2367 950 2398 ille
976 2367 1060 2398 novi
1085 2367 1238 2398 foederis
1252 2367 1269 2378 '’
1292 2367 1436 2407 (Matth.
1457 2367 1550 2398 xxvi.
1572 2365 1640 2409 27[,
1662 2365 1743 2408 28];

427 2409 539 2440 Alarc.
557 2410 627 2441 xiv.
646 2408 734 2448 (¹123,
753 2418 815 2449 24;
839 2411 922 2442 Luc.
940 2411 1022 2442 xxii.
1042 2412 1116 2451 2o):

253 2496 324 2537 hic
358 2498 541 2550 sanguis
578 2504 767 2539 vocatur
801 2500 1023 2551 “sanguis
1059 2500 1164 2539 novi
1200 2498 1431 2547 foederis,'’
1463 2499 1566 2552 quia
1599 2502 1741 2539 “san-

251 2563 348 2612 guis
361 2559 379 2575 ’⁹
406 2560 631 2612 significat
665 2561 876 2602 Divinum
904 2561 1074 2602 Verum
1107 2563 1358 2615 procedens
1391 2576 1416 2602 a
1449 2562 1660 2610 Domino,
1688 2574 1739 2603 ac

253 2625 278 2640 ‘⁶
294 2620 452 2660 fOCdUS
466 2620 484 2635 ”
515 2621 898 2673 COnjunffilonem.
958 2633 1070 2671 (Quod
1084 2631 1100 2641 ¹¹
1112 2634 1240 2670 sanguis
1252 2633 1267 2642 ’¹
1284 2634 1438 2670 significet
1453 2634 1605 2662 Divinum
1619 2634 1740 2662 Verum

249 2685 426 2721 procedens
441 2694 459 2713 a
476 2685 627 2719 Domino,
643 2690 804 2723 receptum
826 2687 867 2714 ab
879 2687 1019 2721 homine,
1035 2687 1179 2715 videatur
1192 2695 1299 2723 supra,
1314 2695 1344 2715 n.
1368 2687 1459 2727 329.
1474 2675 1578 2727 476;
1602 2691 1633 2714 et
1652 2687 1740 2723 quod

250 2734 267 2744 ‘¹
279 2737 388 2765 bibere
400 2737 416 2746 ''
433 2738 587 2774 significet
603 2739 751 2775 recipere,
768 2740 972 2777 appropriare
987 2739 1055 2774 sibi,
1072 2744 1102 2768 et
1121 2740 1165 2768 sic
1178 2740 1338 2777 conjungi,
1355 2739 1449 2768 etiam
1462 2747 1567 2776 supra,
1580 2747 1611 2768 n.
1627 2727 1738 2780 617.)

251 2780 468 2822 Similiter
493 2782 611 2834 apud
640 2782 921 2833 Saclzarz'am,

316 2871 334 2884 ‘⁸
347 2870 415 2902 Per
431 2871 640 2926 sanguinem
658 2871 812 2904 foederis
830 2873 889 2911 tui,
907 2873 1066 2904 emittam
1084 2870 1224 2904 vinctos
1246 2879 1325 2904 tuos
1345 2882 1364 2903 e
1384 2872 1499 2910 fovea,
1518 2871 1553 2903 in
1575 2881 1642 2913 qua
1662 2880 1734 2902 non

425 2924 516 2955 aqua
563 2915 620 2955 (ix.
642 2916 714 2955 11):
