1962 3334
655 287 772 322 ,CAR
795 287 859 328 x.,
881 287 1022 319 VERs.
1041 277 1191 319 6.-Ν,
1212 276 1309 318 όια
1627 287 1733 332 1531

245 400 291 455 in
315 400 489 450 Verbo,
515 399 778 453 significent
798 406 961 440 status.
1021 410 1101 447 (Sed
1114 410 1166 439 De
1184 410 1347 447 Tempore
1360 413 1392 438 et
1407 405 1458 439 De
1473 410 1690 447 Temporibus
1704 409 1738 438 in

247 463 376 494 Mundo
389 464 550 502 Spirituali
565 465 710 493 videatur
728 465 761 492 in
780 472 878 501 opere
892 464 944 492 De
961 464 1052 493 Caelo
1069 466 1101 492 et
1118 463 1255 502 Inferna,
1275 472 1307 492 n.
1324 463 1482 500 162—169;
1505 468 1538 492 et
1557 463 1608 492 De
1628 463 1739 492 Muta-

245 517 385 546 tiom‘bus
398 518 506 547 Status
519 518 729 555 Angelorum,
743 526 775 546 n.
793 515 980 554 154—161.)*
1031 505 1262 558 Quoniam
1287 518 1368 558 per
1391 509 1418 526 “
1430 512 1614 558 tempus
1626 505 1646 520 ”
1667 507 1737 545 in·-

245 568 512 622 telliguntur
532 569 608 609 illa
625 582 738 622 quae
755 569 974 620 temporis
995 574 1100 608 sunt
1121 568 1166 607 in
1183 567 1353 607 mundo
1375 567 1583 615 naturali,
1606 573 1738 620 prout

185 652 190 657 ·
216 642 226 659 ⁸
246 644 359 685 quae
381 633 487 672 anni
506 638 553 673 et
579 645 693 685 quae
715 632 802 671 diei
828 638 947 679 sunt,
973 630 1108 684 (quae
1135 637 1239 679 sunt
1261 631 1367 671 anni
1391 637 1497 671 sunt
1522 631 1739 671 sementis

246 701 294 736 et
324 696 498 744 messis,
531 702 577 736 et
609 709 723 748 quae
754 695 840 734 diei
871 700 976 734 sunt
1008 707 1140 734 mane
1171 700 1217 734 et
1249 693 1473 747 vespera,)
1507 707 1587 746 per
1610 693 1738 741 haec,

240 771 360 812 quae
386 759 602 811 temporis
627 765 746 805 sunt,
771 758 1085 803 describuntur
1109 757 1248 802 etiam
1274 763 1424 797 status
1449 756 1668 797 ecclesiae
1693 757 1739 797 in

246 819 429 871 Verbo;
461 834 541 873 per
562 825 588 841 “
603 819 888 861 sementem”
909 820 1175 860 describitur
1199 825 1246 860 et
1268 818 1547 872 significatur
1567 820 1739 860 instau-

245 884 361 924 ratio
381 884 613 932 ecclesiae,
628 897 708 936 per
725 887 751 903 “
763 896 957 924 messem
969 882 988 897 ”
1004 881 1287 923 fructificatio
1308 882 1414 935 ejus,
1437 895 1516 934 per
1534 886 1560 902 ‘⁴
1574 895 1707 923 mane
1719 881 1740 897 ”

244 947 436 1000 primum
462 953 642 999 tempus
677 946 783 998 ejus,
817 953 863 987 et
895 959 976 998 per
1007 945 1312 986 “meridiem''
1343 945 1402 986 ad
1433 950 1707 998 “vesperam
1720 944 1740 960 ”

246 1010 579 1062 progressivum
611 1009 729 1061 ejus;
772 1010 816 1050 hi
852 1015 1001 1049 status
1033 1008 1264 1050 naturales
1295 1009 1434 1049 etiam
1473 1022 1740 1062 correspon-

246 1072 357 1114 dent
381 1073 684 1125 spiritualibus
709 1073 783 1126 qui
805 1079 909 1112 sunt
932 1078 1080 1113 status
1102 1071 1216 1112 caeli
1237 1077 1285 1112 et
1311 1071 1543 1112 ecclesiae.
1604 1070 1741 1124 Quod

245 1134 483 1186 ecclesiam
516 1130 698 1182 attinet,
725 1136 837 1175 haec
869 1135 971 1175 illos
1003 1141 1154 1176 status
1183 1134 1306 1176 subit
1336 1136 1380 1175 in
1412 1136 1654 1183 communi,
1687 1148 1740 1176 ac

246 1199 548 1252 unusquisque
572 1198 710 1239 homo
731 1198 951 1239 ecclesiae
977 1199 1021 1238 in
1047 1198 1318 1251 particulari.
1379 1196 1579 1252 Quisque
1603 1198 1741 1239 homo

245 1261 464 1302 ecclesiae
485 1275 513 1301 a
537 1263 679 1314 prima
700 1275 779 1301 sua
801 1267 954 1302 aetate
981 1262 1119 1302 etiam
1141 1262 1432 1314 inauguratur
1454 1262 1498 1301 in
1521 1260 1623 1301 illos
1645 1268 1740 1301 sta—

245 1331 345 1375 tus;
371 1331 419 1365 at
441 1338 542 1365 cum
560 1324 658 1364 finis
680 1324 897 1366 ecclesiae
920 1331 1006 1372 est,
1026 1331 1135 1365 tunc
1157 1337 1247 1365 non
1270 1323 1464 1377 amplius
1485 1324 1741 1377 inaugurari

246 1393 414 1441 potest,
447 1401 538 1428 non
570 1389 688 1428 enim
721 1388 880 1440 recipit
913 1387 1126 1428 Divinum
1158 1387 1347 1436 Verum,
1379 1387 1460 1427 sed
1491 1387 1565 1428 vel
1597 1386 1741 1439 rejicit

244 1449 370 1499 illud,
392 1450 465 1491 vel
491 1452 709 1504 pervertit
731 1451 869 1501 illud;
901 1451 1006 1492 inde
1029 1464 1120 1491 non
1146 1451 1187 1491 ei
1211 1457 1282 1491 est
1304 1450 1523 1491 sementis
1548 1456 1595 1490 et
1621 1463 1740 1490 mes-

245 1513 320 1562 sis,
351 1513 437 1554 hoc
469 1521 554 1562 est,
587 1515 856 1554 instauratio
888 1520 934 1555 et
965 1512 1264 1562 fru&ificati0‚
1298 1526 1381 1554 nec
1418 1520 1489 1554 est
1530 1526 1663 1553 mane
1694 1520 1741 1554 et

245 1589 448 1630 vespera,
480 1577 567 1618 hoc
598 1585 683 1625 est,
711 1590 802 1617 non
833 1578 873 1617 ei
905 1583 975 1617 est
1006 1577 1180 1617 initium
1213 1583 1261 1617 et
1292 1577 1655 1629 progressivum:
1697 1576 1742 1616 hi

245 1640 392 1682 status
405 1640 720 1694 intelliguntur
733 1647 779 1681 et
794 1639 1106 1693 significantur
1119 1653 1198 1693 per
1212 1643 1238 1660 ‘⁸
1252 1647 1461 1693 tempora
1471 1639 1491 1654 ”
1505 1640 1549 1680 in
1564 1639 1740 1689 Verbo;

246 1709 294 1750 et
323 1704 426 1757 quia
449 1704 494 1745 in
524 1702 614 1744 fine
636 1703 854 1744 ecclesiae
879 1703 942 1743 illi
967 1710 1115 1744 status
1140 1703 1259 1756 apud
1290 1703 1497 1743 homines
1522 1702 1742 1743 ecclesiae

246 1773 442 1814 cessant,
468 1766 571 1807 ideo
600 1766 671 1807 hic
697 1766 860 1807 dicitur
885 1766 1007 1819 quod
1034 1770 1163 1807 “non
1190 1766 1274 1807 erit
1306 1772 1486 1818 tempus
1511 1765 1742 1818 amplius,’'

246 1843 327 1887 per
350 1830 471 1883 quod
503 1830 656 1883 itaque
683 1829 963 1882 significatur
988 1830 1110 1883 quod
1142 1843 1232 1869 non
1266 1829 1450 1870 ulterius
1481 1827 1743 1870 intellectus

90 1888 111 1903 ”
171 1896 174 1898 ’
248 1892 398 1934 Divini
419 1892 530 1933 Veri
552 1906 630 1933 seu
651 1892 807 1940 Verbi,
831 1893 1019 1945 proinde
1045 1906 1135 1933 non
1157 1892 1316 1946 aliquis
1338 1899 1486 1933 status
1507 1891 1742 1933 ecclesiae.

103 1958 111 1971 ‘
183 1947 189 1951 ’
244 1954 401 1997 ‘Simile
426 1955 705 2009 significatur
730 1969 810 2008 per
837 1960 1057 2008 “tempus
1069 1955 1089 1970 ”
1115 1956 1234 2009 apud
1258 1954 1543 2004 Ezechielem,

258 2078 261 2083 .
314 2054 334 2068 “
344 2050 493 2091 Malum,
519 2063 631 2084 unum
655 2053 789 2084 malum
815 2062 895 2084 ecce
919 2053 1029 2090 venit,
1055 2052 1137 2084 finis
1160 2053 1270 2090 venit,
1294 2053 1394 2084 venit
1422 2052 1526 2090 finis;
1557 2053 1744 2093 evigilavit

420 2107 528 2138 super
546 2103 592 2135 te,
606 2106 688 2128 ecce
708 2097 808 2128 venit
821 2106 927 2128 mane
941 2106 1050 2137 super
1062 2103 1108 2134 te,
1121 2097 1300 2128 habitator
1316 2103 1442 2134 terrae,
1458 2097 1558 2128 venit
1570 2103 1712 2137 tempus
1723 2095 1742 2108 ¹’

421 2141 493 2180 (vii.
513 2142 610 2180 5-7):

247 2228 359 2271 haec
395 2243 572 2283 quoque
612 2229 668 2270 de
705 2235 830 2269 statu
868 2228 1087 2269 ecclesiae
1126 2227 1246 2270 dicta
1279 2235 1412 2279 sunt;
1451 2228 1551 2270 finis
1584 2229 1742 2282 prioris

248 2287 466 2334 ecclesiae
488 2294 677 2346 primum
700 2293 979 2340 describitur,
999 2298 1045 2333 et
1066 2293 1332 2333 instauratio
1354 2306 1499 2334 novae
1521 2292 1741 2334 ecclesiae

249 2362 437 2409 postea3
482 2356 581 2397 finis
617 2357 775 2410 prioris
813 2355 1031 2396 ecclesiae
1068 2368 1147 2408 per
1181 2355 1307 2404 haec,
1342 2355 1551 2396 “Malum
1589 2369 1740 2404 unum,

249 2419 415 2460 malum
440 2433 546 2460 ecce
571 2420 711 2467 venit,
738 2418 836 2459 finis
863 2419 1001 2466 venit,
1029 2419 1154 2459 venit
1186 2417 1283 2458 finis
1301 2417 1336 2469 ;'’
1366 2419 1633 2459 instauratio
1658 2432 1740 2459 no-

249 2496 332 2524 vae
357 2482 574 2541 ecclesiae
606 2496 686 2535 per
712 2483 843 2530 haec,·
870 2481 1028 2522 “Ecce
1054 2482 1179 2522 venit
1205 2495 1338 2522 mane
1369 2495 1502 2535 super
1527 2489 1587 2531 te,
1614 2482 1742 2533 habi·

249 2552 373 2588 tator
387 2553 547 2594 terrae,
565 2547 688 2586 venit
704 2552 882 2598 tempus
899 2545 933 2596 ;''
957 2549 981 2565 “
994 2541 1157 2585 mane'”
1170 2545 1392 2598 significat
1410 2553 1581 2586 statum
1597 2559 1741 2586 novae

250 2621 328 2649 seu
363 2609 619 2650 incohantis
655 2608 888 2656 ecclesiae,
926 2621 977 2648 ac
1019 2607 1266 2660 “tempus'’
1304 2608 1527 2662 significat
1569 2615 1741 2649 statum

250 2673 582 2724 progressivum
619 2671 725 2724 ejus,
758 2671 944 2724 proinde
986 2670 1130 2711 simile
1171 2671 1291 2724 quod
1332 2684 1411 2724 per
1444 2674 1739 2712 “sementem

251 2738 299 2772 et
328 2732 566 2781 messem,”
597 2738 695 2774 tum
726 2747 806 2786 per
840 2732 1115 2773 “meridiem
1145 2738 1192 2773 et
1221 2745 1462 2786 vesperam
1475 2732 1496 2747 ”
1527 2743 1577 2781 (ut
1598 2743 1737 2782 supra);

271 2868 275 2871 γ
315 2885 339 2906 ⁴
370 2885 496 2930 [Nou
518 2896 567 2920 Ex
590 2885 1016 2929 MAR01N2:—]Videatur
1038 2887 1098 2918 ubi
1123 2887 1249 2919 dicitur
1272 2888 1366 2929 quod
1387 2888 1480 2920 “erit
1499 2889 1642 2929 quando
1666 2898 1739 2920 non

252 2930 328 2964 dies
345 2941 409 2964 nec
425 2931 530 2964 nox.”
548 2930 706 2975 [(Jerem.
723 2932 844 2964 xxxiii.
862 2939 926 2969 202
955 2930 1052 2962 Sach.
1066 2931 1135 2963 xiv.
1148 2928 1207 2973 7.)]
