1864 3314
787 291 1125 323 APOCALYPSIS.
1596 293 1612 322 1
1621 292 1700 334 323

658 716 1031 778 CAPUT
1118 715 1261 776 IX.

218 988 429 1169 ET
453 989 647 1052 quintus
670 988 872 1052 angelus
897 987 1088 1042 clanxit,
1108 998 1157 1035 et
1180 988 1280 1035 vidi
1304 986 1492 1034 stellam
1517 1005 1545 1034 e
1570 986 1704 1035 caelo

431 1065 675 1128 delapsam
718 1066 765 1112 in
806 1076 1001 1115 terram.
1043 1075 1094 1112 et
1138 1064 1250 1111 data
1296 1064 1340 1111 ei
1382 1063 1530 1111 clavis
1571 1064 1705 1126 putei

431 1141 604 1204 abyssi.

288 1235 330 1266 2.
379 1219 442 1264 Et
477 1218 664 1280 aperuit
699 1227 899 1280 puteum
935 1216 1115 1279 abyssi,
1149 1227 1199 1264 et
1234 1216 1450 1263 ascendit
1481 1216 1640 1263 fumus
1675 1233 1704 1263 e

219 1305 369 1358 puteo
401 1295 522 1342 sicut
553 1294 711 1340 fumus
739 1293 942 1340 fornacis
975 1310 1200 1356 magnae,
1230 1303 1280 1340 et
1311 1293 1595 1340 obscuratus
1628 1303 1706 1340 est

219 1371 292 1418 sol
315 1381 365 1418 et
388 1387 472 1418 aer
495 1387 523 1417 e
549 1370 680 1416 fumo
704 1370 850 1432 putei.

288 1462 330 1507 3.
379 1447 442 1493 Et
470 1464 498 1494 e
527 1446 659 1492 fumo
689 1446 947 1493 exiverunt
962 1445 1187 1493 ‘locustae
1218 1446 1266 1492 in
1295 1456 1488 1499 terram,
1514 1455 1564 1492 et
1591 1445 1706 1492 data

219 1522 304 1571 illis
327 1534 543 1586 potestas
568 1523 689 1569 sicut
713 1522 896 1569 habent
920 1532 1215 1584 potestatem
1240 1522 1414 1584 scorpii
1438 1532 1610 1569 terrae.

285 1615 330 1658 4.
379 1599 442 1645 Et
458 1597 641 1645 dic‘ium
667 1598 755 1645 illis
780 1615 841 1645 ne
861 1597 1113 1645 laederent
1130 1615 1332 1662 gramen
1352 1609 1523 1651 terrae,
1544 1615 1706 1660 neque

219 1674 365 1722 ullum
390 1675 556 1727 viride,
583 1691 744 1737 neque
770 1674 914 1720 ullam
939 1675 1180 1727 arborem,
1201 1674 1290 1720 nisi
1315 1674 1536 1721 homines
1560 1674 1704 1727 solos,

221 1751 497 1814 quicunque
523 1768 619 1797 non
645 1751 881 1797 haberent
904 1749 1110 1813 sigillum
1137 1750 1234 1797 Dei
1260 1751 1307 1797 in
1333 1751 1568 1797 frontibus
1592 1751 1706 1797 suis.

289 1828 332 1874 5.
381 1827 443 1873 Et
467 1826 632 1873 datum
659 1826 743 1872 illis
768 1837 821 1872 ut
846 1843 942 1873 non
968 1826 1246 1873 occiderent
1270 1826 1386 1878 illos,
1412 1826 1501 1873 sed
1525 1837 1577 1873 ut
1600 1843 1704 1873 cru-

220 1903 399 1950 ciarent
414 1920 608 1949 menses
624 1894 837 1965 quinque
855 1919 863 1955 ;
901 1912 950 1948 et
965 1902 1198 1949 cruciatus
1217 1902 1402 1949 illarum
1418 1902 1541 1949 sicut
1555 1902 1703 1949 cruci-

220 1989 329 2026 atus
353 1979 523 2041 scorpii
549 1996 656 2025 cum
682 1978 887 2040 percutit
911 1978 1175 2025 hominem.

287 2058 330 2102 6.
379 2055 441 2101 Et
477 2055 523 2101 in
561 2055 731 2101 diebus
768 2054 856 2100 illis
892 2065 1128 2116 quaerent
1159 2054 1384 2101 homines
1417 2065 1623 2102 mortem
1657 2066 1708 2103 et

220 2147 317 2178 non
343 2131 591 2177 invenient
616 2130 756 2182 illam,
782 2140 832 2176 et
860 2130 1057 2192 cupient
1081 2130 1203 2177 mori
1232 2141 1282 2177 et
1310 2130 1461 2194 fugiet
1489 2148 1619 2178 mors
1644 2132 1706 2178 ab

221 2205 323 2254 illis.

289 2295 330 2341 7.
380 2282 443 2328 Et
465 2282 799 2329 similitudines
829 2281 1120 2329 locustarum
1150 2282 1330 2330 similes
1358 2283 1497 2346 equis
1526 2283 1705 2346 paratis

219 2358 281 2405 ad
299 2358 490 2412 bellum,
511 2369 560 2405 et
583 2376 730 2420 super
749 2358 981 2420 capitibus
1001 2357 1182 2405 illarum
1207 2359 1328 2406 sicut
1346 2376 1555 2406 coronae
1575 2359 1703 2406 simi-

219 2431 288 2483 les
312 2453 456 2489 auro;
493 2446 543 2482 et
566 2435 710 2482 facies
737 2435 918 2482 illarum
943 2435 1064 2482 sicut
1087 2435 1231 2482 facies
1256 2436 1523 2483 hominum.

288 2513 331 2558 8.
380 2511 444 2557 Et
472 2511 720 2558 habebant
749 2510 943 2573 capillos
976 2511 1097 2558 sicut
1129 2511 1325 2574 capillos
1355 2511 1625 2566 mulierum,
1655 2522 1706 2559 et

219 2587 396 2634 dentes
422 2586 604 2633 illarum
630 2588 750 2634 sicut
774 2586 972 2634 leonum
999 2599 1150 2635 erant.

287 2677 331 2720 9.
381 2662 443 2708 Et
474 2662 720 2710 habebant
749 2663 973 2710 thoraces
1005 2663 1128 2710 sicut
1161 2664 1383 2711 thoraces
1413 2663 1619 2718 ferreos;
1656 2675 1706 2711 et

220 2754 318 2784 vox
347 2737 531 2785 alarum
565 2738 745 2786 illarum
779 2739 900 2785 sicut
929 2756 1025 2786 vox
1058 2756 1282 2786 curruum
1313 2757 1550 2802 equorum
1584 2740 1702 2787 mul-

219 2824 379 2860 torum
404 2815 694 2861 currentium
722 2815 768 2861 in
794 2814 989 2862 bellum.

293 2905 363 2936 10.
413 2889 475 2936 Et
509 2890 754 2937 habebant
790 2891 966 2937 caudas
1002 2891 1180 2939 similes
1216 2892 1432 2954 scorpiis,
1467 2903 1516 2939 et
1551 2891 1700 2939 aculei
