1962 3334
566 236 672 281 cAP.
695 248 779 289 xr,
800 247 940 280 VERs.
963 238 1111 280 8.--N.
1132 210 1303 292 652[b],
1569 245 1675 289 1703

48 407 58 420 k
91 352 125 407 ,¹
175 359 501 416 'significantur
535 374 643 402 vera
673 347 928 402 *doctrinae
955 359 1204 401 secundum
1240 363 1390 399 status
1426 354 1676 398 affeffionis

149 439 157 454 ’
179 430 238 466 ”et
259 425 563 479 perceptionis
584 423 763 465 illorum
788 424 861 477 qui
882 423 941 463 ab
962 422 1170 469 ecclesia,
1193 428 1240 463 et
1262 435 1342 476 per
1365 419 1675 472 “Hierosoly-

189 499 311 528 mam
326 487 347 502 ”
371 486 650 540 significatur
674 486 869 527 ecclesia
894 485 1043 539 quoad
1070 483 1340 531 doetrinam
1368 484 1471 524 ideo
1496 483 1674 529 dicitur,

192 549 481 591 “Discurrite
507 563 587 603 per
616 549 794 603 plateas
827 547 1191 600 Hierosolymae,
1219 554 1267 588 et
1298 547 1453 587 videte
1485 552 1533 586 et
1564 558 1675 598 cog-

189 613 381 661 noscite,
408 619 455 654 et
480 613 682 666 quaerite
706 612 751 652 in
777 612 887 652 vicis
918 610 1011 664 ejus
1028 610 1063 662 ;”
1088 617 1135 652 et
1160 611 1373 664 quoniam
1397 613 1423 630 “
1430 609 1644 663 judicium
1656 608 1677 622 ’⁹

190 675 477 729 praedicatur
489 675 546 716 de
560 675 690 723 veris,
705 675 809 728 quia
826 688 886 715 ex
904 673 1080 727 legibus
1095 679 1142 714 et
1157 673 1427 726 praeceptis,
1443 685 1558 726 quae
1571 678 1676 712 sunt

189 751 310 787 vera,
329 737 379 779 fit
397 750 533 778 omne
544 736 773 790 judicium,
789 743 837 778 et
854 737 956 790 quia
973 749 1053 789 per
1068 739 1095 756 “
1107 736 1350 776 veritatem
1362 735 1381 750 ”
1398 733 1678 788 significatur

189 813 344 841 verum
365 798 598 841 doctrinae
622 805 670 841 et
695 798 812 849 fidei,
835 799 938 840 ideo
963 799 1140 847 dicitur,
1167 798 1242 838 “si
1268 798 1509 839 inveniatis
1534 797 1676 837 virum

187 863 265 916 qui
289 863 348 903 sit
373 862 542 903 faciens
561 861 789 915 judicium,
815 868 863 903 et
889 874 1110 915 quaerens
1135 861 1379 901 veritatem
1396 860 1431 900 :”
1462 873 1541 914 per
1570 859 1676 899 “vi-

191 924 302 966 cos’'
331 925 375 966 in
412 925 563 979 specie
598 924 908 978 significantur
938 923 1094 976 anguli
1130 923 1265 971 urbis,
1298 923 1363 964 ita
1398 923 1562 976 plagae
1603 922 1678 962 ubi

190 987 430 1038 habitant;
471 994 519 1028 et
555 988 659 1041 quia
693 987 881 1041 quisque
912 986 1092 1027 habitat
1130 986 1174 1026 in
1206 985 1388 1026 urbibus
1427 986 1472 1026 in
1509 984 1678 1025 mundo

190 1049 408 1103 spirituali
434 1049 680 1091 secundum
702 1048 988 1090 affectionem
1011 1049 1119 1090 boni
1144 1055 1191 1089 et
1218 1049 1559 1102 perceptionem
1584 1047 1678 1088 veri

191 1112 363 1153 claram
391 1119 439 1153 et
469 1113 723 1160 obscuram,
755 1112 859 1152 ideo
890 1125 969 1165 per
1001 1110 1196 1152 “vicos’‘
1227 1110 1541 1164 significantur
1570 1123 1679 1150 vera

191 1180 240 1216 et
274 1175 395 1215 bona
424 1174 672 1216 secundum
703 1174 897 1228 cujusvis
926 1172 1213 1215 affeffionem
1244 1180 1292 1214 et
1324 1173 1678 1227 perceptionem.

191 1237 331 1291 Apud
354 1237 558 1286 Esaiam,

253 1324 471 1368 “Rejedlufn
485 1333 541 1358 est
559 1333 656 1358 retro
668 1326 851 1367 judicium,
864 1333 900 1359 et
915 1326 1056 1367 justitia
1072 1337 1092 1358 e
1108 1327 1309 1368 longinquo
1321 1326 1440 1358 stetit:
1469 1335 1552 1357 nam
1571 1326 1681 1367 impe·

365 1371 418 1411 git
433 1371 470 1402 in
487 1371 608 1412 platea
623 1371 769 1409 veritas,
785 1377 822 1402 et
837 1369 1013 1402 rectitudo
1031 1380 1104 1402 non
1122 1377 1242 1411 potest
1258 1370 1381 1401 venire
1391 1369 1410 1381 ’¹
1427 1367 1538 1409 (mlix.
1559 1371 1631 1408 14):

192 1473 273 1515 per
295 1458 544 1512 “judicium
555 1458 576 1474 ‘⁹
596 1465 644 1500 et
668 1458 924 1512 “justitiam
935 1459 955 1474 ”
976 1460 1021 1500 in
1043 1459 1201 1500 Verbo
1223 1458 1505 1512 significatur
1525 1472 1679 1500 verum

193 1529 241 1564 et
270 1522 469 1572 bonum;
502 1522 623 1575 quod
649 1535 740 1562 non
771 1522 849 1563 illa
879 1523 984 1570 sint,
1012 1521 1293 1574 significatur
1318 1535 1397 1575 per
1421 1521 1543 1574 quod
1571 1526 1680 1563 “re-

184 1582 359 1638 jthum
383 1585 443 1625 sit
473 1591 596 1626 retro
621 1584 851 1637 judicium,
878 1592 926 1626 et
952 1585 1129 1638 justitia
1159 1599 1184 1626 e
1216 1584 1467 1638 longinquo
1499 1585 1629 1626 stetit
1645 1585 1681 1625 :'’

193 1647 314 1701 quod
353 1660 380 1687 a
415 1648 531 1688 veris
571 1645 806 1688 doarinae
842 1648 1168 1696 aberraverint,
1205 1654 1253 1689 et
1287 1648 1407 1701 quod
1445 1648 1550 1688 inde
1590 1661 1680 1688 non

192 1723 350 1752 verum
389 1710 435 1750 in
474 1711 585 1757 vita,
624 1711 745 1764 quod
786 1717 857 1751 est
900 1711 1069 1751 bonum
1107 1711 1243 1757 vitae,
1288 1709 1567 1763 significatur
1603 1724 1683 1763 per

193 1773 315 1827 quod
339 1773 617 1826 “impegerit
642 1773 687 1813 in
713 1773 867 1826 platea
887 1774 1068 1822 veritas,
1094 1779 1143 1814 ut
1168 1771 1394 1813 rectitudo
1418 1786 1509 1813 non
1535 1773 1679 1826 possit

193 1835 346 1877 venire
362 1834 397 1886 ;”
436 1849 571 1876 omne
612 1835 731 1876 enim
768 1836 937 1876 bonum
971 1836 1094 1876 vitae
1130 1842 1422 1888 comparatur
1457 1849 1536 1889 per
1574 1849 1683 1876 vera

193 1896 440 1947 doetrinae,
464 1912 524 1939 ex
551 1898 620 1938 his
646 1899 766 1939 enim
792 1898 926 1939 discit
952 1898 1091 1939 homo
1113 1899 1343 1952 quomodo
1364 1896 1560 1939 victurus
1581 1905 1679 1940 est:

194 1961 300 2016 quia
330 1961 553 2015 “platea'’
583 1960 809 2014 significat
849 1961 922 2001 ubi
961 1974 1116 2002 verum
1157 1961 1341 2010 ducem,
1374 1961 1477 2002 ideo
1516 1961 1682 2002 dicitur

195 2024 437 2078 “Impegit
461 2024 507 2064 in
532 2023 687 2077 platea
707 2023 915 2064 veritas.’'
972 2023 1113 2078 Apud
1137 2023 1334 2072 Nahum,

261 2118 334 2151 “In
350 2118 480 2160 plateis
496 2118 745 2150 insaniverunt
757 2128 891 2157 currus,
905 2119 1150 2151 discurrerunt
1166 2119 1203 2150 in
1217 2119 1306 2151 vicis
1317 2118 1336 2130 ’¹
1351 2119 1400 2159 (ii.
1414 2127 1431 2159 5
1450 2117 1511 2161 [Β.
1524 2120 1569 2151 A.
1586 2117 1659 2161 4]);

196 2214 301 2269 quia
337 2228 418 2268 per
450 2214 675 2260 “currus’ff
712 2213 1024 2267 significantur
1062 2212 1330 2255 doctrinalia
1368 2214 1476 2262 veri,
1514 2221 1562 2255 et
1606 2229 1686 2268 per

201 2276 451 2332 “plateas”
486 2283 534 2318 et
574 2277 767 2318 “vicos’'
798 2277 1045 2317 secundum
1082 2276 1276 2329 cujusvis
1313 2275 1599 2318 affe-&ionem
1636 2284 1684 2318 et

197 2338 544 2392 perceptionem
577 2348 771 2386 (utsupra),
799 2337 902 2378 ideo
932 2338 1112 2383 dicitur.
1133 2337 1227 2378 “In
1257 2337 1425 2391 plateis
1454 2338 1684 2379 insanive-

198 2405 303 2440 runt
334 2412 501 2447 currus,
534 2399 839 2440 discurrerunt
870 2399 919 2439 in
950 2399 1061 2439 vicis
1077 2398 1112 2449 ;‘’
1142 2412 1224 2452 per
1251 2399 1515 2440 “insanire”
1545 2401 1684 2453 signi-

197 2460 358 2502 ficatur
386 2461 500 2502 falsa
530 2462 680 2502 dicere
711 2475 832 2506 vera.
868 2468 915 2502 et
946 2475 1026 2515 per
1059 2461 1376 2503 “discurrere”
1406 2462 1686 2515 significatur

198 2523 417 2565 aberrare.
478 2524 531 2564 In
556 2524 693 2565 Libro
717 2524 943 2572 Judicum,

266 2614 286 2627 ‘⁴
299 2612 341 2644 In
357 2613 485 2644 diebus
501 2612 613 2654 Jaelis
627 2619 816 2644 cessarunt
829 2613 909 2644 viae
929 2619 1057 2644 euntes
1071 2613 1230 2650 semitas,
1244 2613 1387 2645 iverunt
1399 2614 1477 2645 vias
1494 2621 1684 2652 tortuosas,

372 2663 570 2694 cessarunt,
587 2657 656 2687 vici
679 2657 715 2687 in
735 2656 870 2687 israele
887 2662 1072 2688 cessarunt
1082 2656 1100 2668 '¹
1117 2658 1163 2696 (v.
1180 2657 1211 2695 6,
1226 2657 1276 2697 7):

199 2745 312 2787 haec
339 2745 382 2786 in
409 2744 600 2787 Cantico
624 2745 832 2786 Deborae
858 2752 904 2786 et
932 2745 1138 2794 Barachi,
1161 2746 1206 2786 in
1230 2760 1320 2800 quo
1342 2747 1492 2800 agitur
1517 2747 1573 2788 de
1599 2747 1679 2788 de-

200 2807 424 2850 solatione
450 2809 543 2849 veri
574 2809 617 2848 in
650 2807 859 2856 ecclesia,
886 2815 934 2849 et
966 2814 1129 2862 postea
1158 2809 1215 2850 de
1246 2810 1534 2850 restitutione
1561 2809 1683 2861 ejus;

200 2869 424 2912 desolatio
449 2870 715 2912 describitur
745 2884 825 2924 per
852 2869 1136 2912 “Cessarunt
1162 2871 1276 2921 viae,
1304 2878 1465 2913 euntes
1491 2873 1675 2913 semitas
