1962 3334
222 268 328 318 1418
640 274 970 308 APOCALYPSIS
1003 277 1298 310 EXPLICATA.

224 387 479 436 “suffitus‚’‘
496 388 570 441 qui
593 402 726 441 super
747 388 826 428 illo
848 388 981 429 altari
999 388 1182 438 fiebant,
1203 389 1520 443 significabant
1538 388 1711 431 cultum

217 464 276 491 ex
308 451 429 491 bono
462 451 695 503 spirituali,
729 464 781 492 ac
820 452 1099 493 auditionem
1137 459 1183 493 et
1221 453 1531 506 receptionem
1563 452 1656 505 ejus
1687 466 1713 494 a

217 512 418 553 DOminO
449 523 504 559 (de
524 532 589 560 qua
607 532 640 552 re
659 524 805 552 videatur
822 533 928 561 supra,
948 533 980 554 n.
1003 524 1147 565 324[b],
1165 525 1263 566 491.
1283 525 1380 566 492,
1400 526 1514 566 494).
1574 513 1711 567 QUOd

177 627 180 629 Δ
219 573 402 614 “altare
445 573 722 615 suffimenti”
759 574 1080 628 significaverit
1124 575 1337 615 Divinum
1380 575 1627 629 spirituale,
1665 581 1712 616 et

216 637 335 689 quod
357 640 381 656 ·‘
396 636 647 678 suffitiones
660 637 679 652 ''
697 651 830 691 super
846 638 926 679 illo
944 635 1297 691 significaverint
1316 638 1488 679 cultum
1511 652 1570 679 ex
1591 638 1713 679 bono

217 700 451 752 spirituali,
491 714 542 741 ac
581 701 860 742 auditionem
898 708 944 742 et
982 703 1292 756 receptionem
1333 709 1513 755 gratam
1554 701 1647 755 ejus
1687 715 1713 742 a

218 763 430 812 Domino,
460 771 671 805 constare
704 772 859 818 potest
891 779 917 806 a
949 765 1288 806 constructione
1320 766 1438 806 illius
1470 766 1640 815 altaris,
1668 766 1712 806 in

217 841 304 880 qua
326 827 504 880 singula
526 828 936 880 repraesentabant
963 835 1010 869 et
1033 829 1352 882 significabant
1377 829 1467 869 illa.
1530 828 1711 869 Descri-

216 890 337 930 bitur
363 889 642 931 construftio
665 891 759 944 ejus
786 892 850 932 ita
876 892 995 945 apud
1020 891 1189 940 Mosen,

283 986 434 1018 “Facies
454 987 566 1019 altare
583 987 776 1019 suffitionis
791 988 984 1019 suffimenti
1004 998 1011 1026 ;
1035 998 1079 1019 ex
1096 988 1204 1028 lignis
1222 988 1380 1020 schittim
1395 988 1505 1019 facies
1523 988 1609 1020 illud
1626 997 1633 1025 ;
1653 997 1713 1019 cu-

391 1032 485 1062 bitus
506 1031 694 1071 longitudo
715 1032 803 1072 ejus,
824 1038 859 1063 et
883 1032 1024 1063 cubitus
1044 1033 1195 1063 latitudo
1215 1033 1317 1072 ejus;
1346 1033 1558 1073 quadratum
1579 1031 1656 1069 erit,
1677 1037 1712 1063 et

391 1075 462 1106 duo
488 1075 596 1106 cubiti
621 1076 772 1106 altitudo
797 1075 897 1115 ejus;
926 1086 970 1106 ex
995 1076 1057 1107 illo
1083 1085 1217 1107 cornua
1236 1076 1326 1116 ejus.
1375 1075 1419 1106 Et
1443 1076 1599 1107 obduces
1623 1075 1710 1106 illud

391 1128 479 1150 auro
499 1127 599 1158 pur0,
618 1117 752 1150 tedium
773 1119 860 1159 ejus,
879 1119 1033 1159 parietes
1054 1119 1131 1159 ejus
1151 1120 1390 1156 circumcirca,
1412 1125 1447 1150 et
1466 1129 1601 1150 cornua
1620 1119 1710 1159 ejus,

392 1168 426 1193 et
450 1162 560 1194 facies
585 1163 617 1193 ei
642 1163 792 1194 limbum
813 1163 890 1194 auri
914 1163 1163 1194 circumcirca:
1194 1169 1229 1194 et
1253 1164 1343 1194 duos
1363 1163 1518 1194 annulos
1542 1162 1653 1194 facies
1678 1162 1711 1194 ei

391 1206 502 1237 desub
527 1206 639 1237 limbo
664 1206 753 1246 ejus,
774 1216 882 1247 super
901 1207 1039 1238 duabus
1064 1207 1173 1238 costis
1197 1207 1286 1247 ejus,
1308 1207 1417 1238 facies
1442 1216 1550 1246 super
1569 1206 1711 1237 duobus

393 1250 563 1281 lateribus
581 1250 670 1290 ejus,
689 1256 724 1281 et
743 1250 811 1282 erit
830 1250 876 1281 ad
895 1251 1119 1290 receptacula
1137 1249 1310 1289 vectibus,
1328 1251 1373 1281 ad
1391 1250 1607 1290 portandum
1626 1249 1713 1281 illud

392 1294 427 1324 in
447 1293 526 1325 illis.
576 1294 620 1324 Et
636 1294 748 1325 facies
765 1292 886 1325 veetes
906 1304 951 1325 ex
967 1294 1074 1334 lignis
1093 1294 1259 1332 schittim,
1278 1300 1313 1325 et
1333 1294 1490 1325 obduces
1510 1293 1592 1325 illos
1610 1303 1709 1325 aurO.

394 1337 438 1368 Et
461 1337 563 1368 dabis
589 1337 675 1368 illud
701 1344 784 1369 ante
804 1338 934 1375 velum,
955 1338 1049 1378 quod
1069 1348 1177 1377 super
1197 1348 1280 1369 arca
1299 1338 1508 1375 testimonii,
1529 1343 1612 1368 ante
1632 1347 1712 1377 pro-

393 1381 613 1421 pitiatorium
631 1382 726 1421 quod
744 1391 850 1421 super
863 1382 1080 1419 testimonio,
1099 1391 1168 1422 quo
1185 1382 1399 1412 conveniam
1417 1387 1451 1412 te
1469 1381 1529 1412 ibi.
1578 1380 1622 1412 Et
1639 1380 1711 1412 suf-

393 1425 452 1455 flet
472 1434 579 1464 super
598 1424 659 1455 illo
680 1425 829 1456 Aharon
850 1425 1091 1456 suffimentum
1112 1431 1312 1456 aromatum
1334 1425 1370 1456 in
1391 1434 1507 1462 mane,
1525 1424 1561 1455 in
1582 1434 1711 1461 mane:

393 1468 429 1499 in
447 1468 660 1499 adornando
675 1468 841 1500 lucernas
858 1469 974 1500 suffiet
991 1469 1076 1500 illud
1092 1478 1098 1504 :
1119 1475 1154 1500 et
1171 1469 1206 1499 in
1223 1469 1419 1500 ascendere
1436 1468 1601 1499 faciendo
1615 1468 1713 1499 Aha-

393 1521 457 1543 ron
475 1512 639 1543 lucernas
657 1512 751 1543 inter
768 1522 936 1552 vesperas
954 1513 1069 1544 suffiet
1090 1512 1197 1550 illud;
1222 1513 1465 1543 suffimentum
1483 1512 1567 1552 juge
1587 1521 1710 1542 coram

392 1555 555 1597 Jehovah
580 1556 617 1586 in
641 1556 895 1595 generationes
915 1562 1064 1587 vestras,
1113 1556 1195 1587 Non
1219 1556 1414 1587 ascendere
1438 1555 1580 1587 facietis
1604 1565 1712 1595 super

393 1599 455 1630 illo
473 1599 715 1630 suffimentum
733 1599 902 1638 alienum,
921 1605 956 1631 et
972 1599 1222 1631 holocaustum
1239 1605 1274 1630 et
1294 1600 1484 1634 mincham,
1503 1605 1539 1630 et
1555 1599 1710 1630 libamen

393 1653 466 1674 non
487 1643 646 1674 libabitis
667 1653 773 1683 super
794 1653 847 1674 eo.
897 1643 941 1674 Et
960 1643 1118 1683 expiabit
1138 1643 1287 1674 Aharon
1312 1652 1419 1683 super
1442 1642 1612 1674 cornibus
1633 1642 1712 1682 ejus

394 1687 505 1718 seme-l
527 1687 562 1718 in
587 1697 686 1718 anno
711 1687 754 1718 de
774 1687 950 1727 sanguine
970 1687 1106 1727 peccati
1126 1687 1392 1726 expiationum:
1421 1686 1533 1718 semel
1554 1686 1590 1717 in
1615 1695 1712 1717 anno

394 1731 553 1770 expiabit
577 1740 684 1770 super
709 1731 771 1761 illo
797 1731 832 1761 in
857 1731 1110 1770 generationes
1132 1737 1288 1762 vestras:
1320 1728 1484 1762 sanctum
1504 1728 1711 1761 sancitorum

393 1775 459 1805 hoc
475 1773 664 1816 Jehovae''
681 1773 804 1814 (Exod.
823 1784 904 1806 xxx.
927 1774 1043 1814 1-10):

219 1869 339 1923 quod
372 1869 550 1923 singula
581 1869 693 1910 haec
727 1870 783 1910 de
815 1869 947 1910 altari
979 1869 1057 1910 illo
1090 1870 1133 1910 in
1166 1883 1301 1910 sensu
1332 1870 1511 1910 interno
1542 1868 1711 1921 signifi-

219 1940 325 1974 cent
352 1933 524 1979 cultum
547 1947 606 1974 ex
633 1933 754 1974 bono
777 1933 1011 1986 spirituali,
1036 1933 1155 1986 quod
1183 1938 1254 1973 est
1280 1933 1448 1972 bonum
1475 1931 1712 1973 charitatis

220 2010 328 2049 erga
354 1997 626 2049 proximum,
655 2002 703 2037 ut
736 2002 782 2037 et
815 1996 1093 2036 auditionem
1120 2002 1166 2036 et
1198 1996 1507 2048 receptionem
1533 2001 1711 2048 gratam

220 2072 247 2098 a
286 2058 501 2106 Domino,
534 2058 744 2097 videatur
779 2058 823 2097 in
853 2057 1055 2097 Arcanis
1089 2056 1365 2098 Caelestibus
1396 2067 1712 2105 (n.10176-10213),

221 2119 294 2160 ubi
321 2119 398 2159 illa
423 2120 467 2159 in
494 2120 607 2160 serie
633 2118 865 2172 explicata
890 2125 1008 2159 sunt.

298 2187 436 2241 568.
458 2197 565 2235 [Vm.
583 2197 644 2235 14]
667 2186 903 2227 “Dicentem
919 2190 1037 2227 sexto
1051 2187 1198 2240 angelo
1215 2186 1471 2239 (suihabebat
1485 2185 1715 2226 tubam,''-

221 2248 355 2302 Quod
382 2247 606 2302 significet
633 2249 685 2289 de
699 2255 913 2300 perverso
939 2255 1062 2288 statu
1086 2247 1286 2288 ecclesiae
1309 2247 1354 2287 in
1380 2247 1477 2299 ip50
1488 2247 1586 2301 fine
1605 2247 1711 2301 ejus,

221 2318 405 2353 constat
438 2326 496 2352 ex
529 2311 860 2364 significatione
897 2311 1124 2359 “dicere,”
1157 2311 1275 2364 quod
1308 2311 1399 2351 sint
1435 2310 1513 2350 illa
1544 2324 1657 2364 quae
1690 2324 1714 2351 e

221 2375 349 2416 caelo
375 2375 577 2416 revelata
604 2381 723 2423 sunt,
748 2381 794 2415 et
821 2388 934 2428 quae
962 2388 1077 2415 nunc
1105 2380 1378 2427 sequuntur3
1412 2379 1458 2413 et
1485 2387 1546 2413 ex
1572 2373 1712 2426 signi-

220 2438 431 2479 ficatione
462 2438 621 2478 “sexti
654 2437 804 2490 angeli
831 2437 1042 2478 habentis
1070 2436 1266 2485 tubam,''
1293 2436 1413 2490 quod
1445 2436 1503 2476 sit
1530 2436 1586 2476 de
1613 2450 1714 2489 per-

221 2513 354 2539 verso
380 2505 506 2539 statu
531 2499 756 2539 ecclesiae
782 2499 827 2538 in
858 2498 958 2551 ipso
983 2497 1071 2538 fine
1102 2497 1210 2550 ejus.
1270 2508 1383 2544 (Quod
1398 2508 1477 2537 haec
1491 2504 1714 2545 per“sextum

221 2563 370 2600 angelum
386 2563 587 2600 clangentem
599 2562 615 2571 ''
629 2562 855 2600 significentur,
870 2566 1015 2591 constare
1027 2566 1131 2600 potest
1146 2571 1185 2590 ex
1198 2561 1257 2590 illis
1270 2570 1352 2598 quae
1366 2570 1441 2590 mox
1454 2570 1560 2598 supra,
1573 2569 1604 2590 n.
1622 2549 1715 2602 566,

222 2612 307 2641 dieta
321 2611 419 2649 sunt.)

300 2657 519 2711 569[a.]
551 2657 706 2709 &Solve
727 2660 904 2710 quatuor·
923 2656 1094 2709 anyelos
1120 2655 1272 2695 vinctos
1293 2655 1349 2694 ad
1365 2655 1509 2694 {lumen
1528 2667 1718 2708 maynum

222 2716 701 2770 Euphratem,''—Quod
741 2715 966 2769 significet
1010 2715 1378 2756 ratiocinationes
1420 2727 1476 2754 ex
1501 2713 1715 2766 fallaciis

222 2793 333 2832 quae
362 2778 562 2819 sensuali
587 2778 766 2826 leontini,
800 2791 883 2818 non
914 2783 1111 2829 receptas
1137 2776 1284 2828 prius,
1314 2781 1497 2816 constat
1529 2789 1589 2816 ex
1620 2775 1711 2827 sig-

224 2841 482 2882 nificatione
511 2840 815 2894 “angelorum
841 2840 899 2881 ad
930 2840 1094 2880 flumen
1127 2837 1450 2892 Euphratem,’'
1476 2837 1595 2892 quod
1621 2837 1712 2878 sint

224 2903 602 2944 ratiocinationes
632 2916 691 2943 ex
721 2901 915 2942 fallaciis
940 2914 1056 2955 quae
1087 2900 1284 2941 sensuali
1316 2900 1487 2940 homini
1519 2909 1573 2949 (de
1587 2917 1652 2947 qua
1666 2917 1713 2938 se·
