1962 3334
594 275 699 308 CAP.
723 275 806 315 1x.,
829 274 966 307 VERS.
990 273 1136 306 2.—N.
1163 263 1326 318 537[b].
1596 273 1702 315 1333

221 387 342 440 apud
369 399 472 427 eum
502 391 687 426 maneat
706 399 714 425 Ξ
748 396 818 433 (sed
836 396 915 425 haec
933 396 1058 434 plenius
1076 395 1233 433 explicata
1245 394 1413 423 videantur
1430 393 1462 422 in
1477 393 1614 422 Arcanis
1632 393 1706 422 Cae-

219 457 627 494 1estibus.n.9084-9089:)
666 446 737 486 hic
766 444 969 485 “fovea”
996 444 1143 484 simile
1172 442 1401 496 significat
1430 442 1552 495 quod
1579 446 1701 495 “pu-

219 507 359 548 teusss’
418 506 632 548 Similiter
657 506 775 560 apud
799 505 1092 554 Matthaeum,

287 601 310 616 ‘¹
321 601 438 633 Duces
454 602 551 633 caeci
567 611 756 632 caecorum
771 611 778 636 :
803 601 947 642 quando
958 610 1085 632 caecus
1098 609 1243 632 caecum
1257 599 1364 637 ducit,
1380 599 1488 630 ambo
1506 599 1543 630 in
1560 598 1702 630 foveam

390 645 552 676 incidunt
562 644 580 655 ''
592 645 663 684 (xv.
681 653 740 683 14;
765 645 848 676 Luc.
863 645 909 676 vi.
925 645 1000 684 39):

217 738 331 780 haec
358 739 580 780 Dominus
605 739 723 779 dixit
749 738 806 778 ad
833 737 1011 778 Scribas
1036 744 1083 778 et
1110 737 1386 784 Pharisaeos,
1414 737 1487 790 qui
1518 736 1703 776 tametsi

217 802 448 843 habebant
472 802 688 849 Verbum,
713 802 786 841 ubi
809 802 959 841 omnia
982 800 1145 840 Divina
1166 813 1274 840 vera
1296 806 1415 847 sunt,
1435 813 1574 852 usque
1592 798 1701 838 nihil

216 865 309 905 veri
346 864 670 905 intellexerunt
688 878 697 914 ;
741 870 787 904 et
825 864 927 916 quia
958 863 1185 903 docebant
1222 862 1348 910 falsa,
1381 868 1427 902 et
1464 854 1640 914 quoque
1676 875 1702 901 a

216 927 384 980 populo
398 928 697 968 credebantur
709 926 835 974 falsa,
851 933 1072 966 vocantur
1089 930 1114 945 ‘⁴
1126 925 1262 966 duces
1278 926 1399 966 caeci
1414 937 1650 965 caecorum
1666 923 1702 964 :”

220 990 411 1030 “caeci’‘
435 991 479 1030 in
506 990 660 1030 Verbo
686 990 894 1030 dicuntur
919 989 992 1042 qui
1024 1002 1115 1029 non
1146 988 1409 1040 intelligunt
1435 1000 1617 1036 verum;
1654 994 1701 1027 et

216 1053 319 1105 quia
343 1052 539 1093 “fovea'‘
564 1051 787 1105 significat
813 1051 987 1099 falsum,
1011 1051 1174 1091 dicitur
1198 1051 1318 1104 quod
1344 1050 1479 1090 ambo
1505 1051 1549 1090 in
1575 1049 1700 1090 illam

215 1115 432 1156 incidant.
492 1114 630 1167 Apud
655 1114 887 1162 Davidem,

284 1210 424 1250 “Eripe
441 1220 498 1241 me
514 1220 534 1241 e
551 1211 626 1241 luto
643 1220 687 1241 ne
700 1211 932 1250 submergam
956 1209 1088 1249 eripiar
1103 1209 1148 1239 ab
1165 1209 1332 1240 osoribus
1349 1208 1450 1245 meis,
1468 1214 1503 1239 et
1519 1218 1538 1239 e
1556 1208 1703 1248 profun-

389 1254 558 1285 ditatibus
577 1263 748 1294 aquarum
764 1263 771 1290 ;
801 1263 846 1284 ne
870 1254 996 1284 obruat
1015 1262 1072 1284 me
1092 1250 1218 1283 fluc'tus
1238 1261 1422 1292 aquarum,
1446 1261 1560 1292 neque
1580 1253 1704 1283 absor-

389 1298 471 1328 beat
488 1307 544 1328 me
564 1297 800 1337 profunditas,
822 1306 887 1327 nec
907 1296 1050 1328 claudat
1069 1305 1177 1336 super
1193 1305 1250 1327 me
1267 1301 1394 1335 puteus
1411 1305 1453 1326 os
1470 1304 1574 1326 suum
1585 1295 1603 1306 ”
1620 1294 1698 1335 (Ps.

389 1340 472 1372 lxix.
495 1349 545 1379 15,
568 1341 608 1371 16
626 1338 685 1382 [B.
698 1341 744 1372 Α.
764 1349 814 1378 14,
831 1337 920 1381 15]):

216 1434 336 1487 quod
370 1433 601 1487 “puteus’'
632 1433 855 1486 significet
887 1433 1106 1474 infernum
1138 1433 1211 1473 ubi
1243 1439 1289 1473 et
1321 1433 1439 1473 unde
1471 1432 1595 1480 falsa,
1629 1432 1701 1473 hic

217 1497 452 1538 manifeste
475 1503 602 1550 patet
621 1511 630 1546 ;
663 1510 766 1537 nam
790 1497 952 1536 dicitur
970 1500 1066 1537 “ne
1088 1496 1271 1536 claudat
1294 1509 1427 1548 super
1444 1509 1515 1536 me
1538 1502 1701 1549 puteus

216 1573 268 1599 os
293 1559 459 1607 suum‚”
481 1559 567 1600 hoc
594 1566 678 1606 est,
704 1573 759 1599 ne
785 1559 1003 1599 infernum
1029 1559 1147 1599 unde
1173 1558 1298 1606 falsa,
1322 1572 1401 1598 seu
1427 1571 1483 1598 ne
1508 1557 1620 1598 falsa
1645 1558 1703 1598 ab

216 1621 388 1662 inferno
419 1635 490 1662 me
521 1628 669 1662 totum
696 1628 902 1674 occupet,
931 1628 979 1662 ut
1013 1635 1102 1661 non
1134 1621 1350 1661 evadam:
1390 1634 1468 1673 per
1495 1621 1701 1673 “eripere

217 1697 242 1724 e
268 1683 364 1724 luto
390 1698 445 1724 ne
471 1685 733 1737 submergar
745 1685 764 1699 ‘’
786 1684 1064 1737 significatur
1089 1699 1112 1724 e
1139 1684 1260 1724 malo
1286 1683 1384 1724 salsi
1411 1697 1466 1724 ne
1493 1697 1699 1736 peream:

220 1747 417 1799 “eripiar
447 1747 504 1786 ab
535 1747 750 1794 osoribus,
784 1754 830 1787 et
863 1761 886 1787 e
918 1747 1297 1800 profunditatibus
1329 1746 1583 1800 aquarum,”
1609 1748 1700 1800 sig—

217 1808 369 1849 nificat
392 1809 567 1849 liberari
594 1822 619 1849 a
645 1809 773 1848 malis
797 1816 842 1849 et
869 1809 990 1849 falsis
1013 1823 1128 1862 quae
1150 1809 1207 1848 ab
1233 1809 1413 1849 infernis
1434 1823 1443 1858 ;
1479 1809 1702 1849 “osores”

217 1878 322 1912 sunt
345 1871 463 1911 mala
486 1872 604 1919 inde,
624 1879 670 1912 et
700 1876 724 1892 “
741 1872 1022 1925 profunditas
1044 1885 1258 1924 aquarum
1273 1870 1292 1886 ''
1310 1878 1414 1912 sunt
1436 1871 1548 1912 falsa
1570 1872 1698 1912 inde:

219 1937 314 1974 “ne
344 1934 584 1974 absorbeat
618 1947 688 1974 me
714 1934 992 1986 profunditas
1005 1934 1024 1949 ’'
1050 1933 1274 1986 significat
1301 1948 1357 1974 ne
1382 1934 1601 1974 infernum
1627 1935 1701 1975 ubi

216 1996 328 2036 falsa
353 1996 472 2045 mali,
501 2010 579 2036 seu
605 2010 659 2037 ne
685 1996 797 2037 falsa
823 1996 928 2036 mali
960 2010 1073 2049 quae
1098 1996 1155 2036 ab
1180 1996 1365 2037 inferno.
1426 1996 1564 2049 Apud
1590 2010 1699 2037 eun-

217 2059 336 2108 dem,

285 2155 308 2169 ‘⁴
321 2154 497 2186 Blandum
514 2155 651 2186 faciunt
674 2162 713 2186 ut
732 2156 861 2195 butyra
878 2165 919 2186 os
937 2165 1052 2191 suum,
1072 2161 1108 2186 et
1126 2165 1205 2186 cum
1224 2155 1487 2196 appropinquat
1506 2165 1568 2186 cor
1584 2155 1701 2196 cujus-

389 2199 456 2235 vis,
476 2199 599 2229 mollia
618 2205 701 2230 sunt
718 2200 827 2229 verba
850 2199 928 2238 ejus
948 2208 1033 2238 prae
1054 2198 1147 2235 oleo,
1167 2208 1245 2229 cum
1267 2199 1329 2229 illa
1348 2197 1461 2230 stricti
1481 2199 1591 2238 gladii
1605 2208 1628 2234 ;.
1643 2224 1651 2230 .
1664 2224 1672 2230 .
1687 2224 1695 2230 .

389 2249 425 2273 et
435 2242 501 2278 Tu,
518 2242 625 2279 Deus,
639 2242 787 2282 dejicies
804 2252 867 2273 eos
884 2242 920 2272 in
939 2248 1083 2282 puteum
1100 2242 1227 2273 foveae
1238 2242 1255 2253 ’'
1269 2242 1343 2282 (Ps.
1357 2242 1404 2274 lv.
1419 2240 1505 2280 [¹122,
1520 2250 1562 2281 24
1577 2240 1637 2284 [B.
1650 2244 1697 2274 A.

391 2294 443 2323 21,
460 2283 551 2326 23]):

216 2382 327 2423 haec
351 2381 470 2423 dicta
491 2389 594 2423 sunt
618 2383 673 2423 de
696 2383 782 2423 illis
805 2383 877 2435 qui
900 2381 1112 2423 simulant
1135 2381 1394 2423 affectiones
1417 2383 1573 2431 bonas,
1593 2383 1698 2423 dum

217 2445 459 2499 loquuntur
479 2446 590 2486 salsa
617 2461 694 2499 per
720 2460 832 2499 quae
860 2446 1107 2486 seducunt:
1144 2446 1396 2486 “blandum
1418 2447 1561 2487 facere
1584 2447 1698 2487 sicut

216 2508 379 2560 butyra
405 2522 454 2548 os
480 2522 606 2548 suum
619 2509 638 2523 '’
665 2508 887 2561 significat
914 2508 1172 2548 simulatum
1203 2509 1370 2549 bonum
1398 2523 1475 2562 per
1500 2507 1698 2549 affectio-

217 2584 323 2620 nes;
350 2571 581 2623 “butyra'’
596 2571 819 2624 significat
836 2571 1001 2611 bonum
1013 2570 1259 2612 affectionis
1273 2579 1518 2612 externae:
1546 2572 1697 2612 “mol-

217 2633 276 2673 lia
298 2640 400 2674 sunt
422 2634 558 2674 verba
581 2634 672 2686 ejus
696 2648 800 2687 prae
824 2633 925 2673 oleo
936 2633 956 2647 ”
978 2633 1232 2686 significant
1255 2634 1442 2683 similia;
1478 2634 1664 2675 “oleum
1679 2635 1699 2649 ''

217 2702 287 2736 est
318 2696 484 2736 bonum
515 2695 761 2736 affectionis
793 2697 1022 2736 internae:
1067 2700 1204 2736 “curn
1242 2696 1319 2737 illa
1350 2695 1491 2738 striffi
1524 2697 1662 2750 gladii
1678 2697 1697 2711 ”

217 2758 470 2811 significant
508 2772 608 2799 cum
645 2766 797 2799 tamen
839 2766 941 2799 sunt
983 2758 1093 2799 falsa
1130 2760 1409 2799 destruentia
1446 2760 1613 2800 bonum
1650 2766 1696 2801 et

217 2834 368 2861 verum
388 2835 396 2871 ;
432 2821 606 2874 “gladii
625 2821 766 2862 stricti
781 2822 797 2835 ”
817 2828 919 2862 sunt
943 2822 1054 2862 falsa
1071 2822 1376 2863 destruentia:
1414 2828 1438 2842 ‘⁴
1452 2822 1534 2869 Tu,
1557 2823 1694 2869 Deus,

217 2883 396 2936 dejicies
427 2898 503 2924 eos
535 2885 578 2924 in
611 2891 794 2938 puteum
827 2884 1021 2933 foveae,'‘
1050 2885 1272 2938 significat
1303 2886 1347 2925 in
1379 2885 1596 2926 infernum
1624 2885 1698 2926 ubi
