1962 3334
306 325 322 355 Ι
333 317 413 368 564
715 323 1049 357 APOCALYPSIS
1080 325 1380 358 EXPLICATA.

301 441 389 479 “ut
420 437 535 479 sciat
561 438 804 491 reprobare
831 438 999 480 malum
1032 445 1079 481 et
1111 439 1279 493 eligere
1311 439 1522 489 bonum,”
1548 440 1668 494 quod
1701 455 1790 482 non

300 503 440 543 scitur
462 516 542 555 per
564 502 805 543 comedere
832 502 1044 555 butyrum
1068 510 1114 544 et
1139 503 1254 544 mel:
1300 503 1379 544 sed
1407 517 1485 556 per
1510 504 1791 557 “butyrum''

269 585 275 590 ·
299 564 578 619 significatur
595 564 842 618 jucundum
865 566 971 607 boni
994 566 1251 620 spirituali5‚
1276 573 1322 607 et
1351 581 1429 620 per
1455 567 1614 608 “mel''
1631 567 1791 620 jucun-

299 629 406 668 dum
433 628 539 669 boni
566 628 811 679 naturalis;
849 630 1037 683 proinde
1064 644 1142 683 per
1168 630 1245 670 illa
1272 629 1553 682 significatur
1579 629 1792 670 Divinum

300 691 536 745 spirituale
568 698 615 733 et
654 692 867 733 Divinum
900 693 1122 741 naturale,
1156 694 1220 734 ita
1254 693 1398 746 Ipsius
1432 692 1693 733 Humanum
1725 694 1792 734 in-

302 756 441 796 terius
483 761 529 796 et
571 756 786 796 exterius.
847 755 982 809 Quod
1031 756 1292 796 Humanum
1341 756 1524 796 Domini
1566 756 1623 797 sit
1673 757 1793 810 quod

302 817 588 871 intelligitur,
613 825 798 860 constat
823 833 883 860 ex
911 833 965 860 eo
988 820 1108 873 quod
1131 820 1308 860 dicatur
1329 819 1449 873 quod
1475 819 1659 872 “Virgo
1683 833 1792 860 con-

304 881 440 933 cipiet
468 887 514 922 et
542 882 686 935 pariet
715 882 878 922 Filium
896 882 930 933 ;”
962 888 1007 923 et
1031 882 1151 935 quod
1180 882 1391 922 Divinum
1415 883 1486 930 sit,
1511 896 1571 922 ex
1594 896 1649 923 eo
1671 882 1792 935 quod

301 944 492 993 dicatur,
521 944 621 986 “Et
644 945 828 986 vocabit
853 958 1020 986 nomen
1044 945 1188 998 Ipsius
1212 944 1335 985 Deus
1359 945 1593 985 nobiscum
1611 944 1645 995 ;”
1674 948 1793 984 “vo-

303 1020 406 1047 care
446 1021 613 1048 nomen
629 1007 648 1023 '’
685 1007 912 1061 significat
949 1008 1096 1061 quale,
1135 1007 1206 1048 hic
1249 1007 1380 1061 quale
1419 1007 1647 1062 Divinum,
1687 1020 1792 1047 nam

303 1071 541 1112 vocabitur
561 1074 586 1091 ‘⁴
600 1071 722 1111 Deus
741 1071 1014 1112 nobiscum.”
1075 1071 1157 1112 Per
1177 1075 1201 1091 ‘⁴
1215 1071 1427 1123 butyrum
1445 1077 1492 1111 et
1515 1070 1605 1111 mel
1617 1070 1636 1086 ”
1654 1071 1792 1111 etiam

300 1133 549 1187 jucundum
568 1134 674 1175 boni
698 1134 939 1188 spiritualis
962 1140 1008 1175 et
1032 1133 1249 1175 naturalis
1267 1133 1546 1187 significatur
1563 1135 1608 1174 in
1631 1134 1793 1175 eodem

306 1198 456 1251 capite
482 1211 561 1251 per
592 1197 720 1247 haec,

367 1301 573 1385 “Bmynim
594 1307 629 1332 et
652 1301 723 1332 mel
742 1300 908 1333 comedet
927 1301 1046 1332 omnis
1067 1300 1231 1332 residuus
1251 1300 1286 1331 in
1307 1299 1432 1332 terra''
1453 1298 1583 1342 ([Esai.
1601 1297 1680 1341 vii.]
1702 1309 1794 1332 vers.

478 1353 518 1376 22
543 1356 550 1377 :

303 1458 384 1498 per
414 1443 684 1484 “residuos’'
711 1443 1029 1496 intelliguntur
1055 1444 1128 1497 qui
1160 1443 1346 1484 interius
1373 1449 1419 1484 et
1451 1456 1630 1496 quoque
1662 1448 1796 1483 exte-

302 1509 393 1549 rius
431 1508 538 1548 boni
575 1521 601 1548 a
637 1507 836 1547 Domino
875 1513 995 1555 sunt,
1034 1507 1223 1560 proinde
1261 1507 1334 1560 qui
1370 1506 1590 1559 recipiunt
1627 1505 1795 1546 bonum

303 1571 558 1625 procedens
585 1585 611 1611 a
639 1570 839 1611 Domino
871 1571 915 1610 in
941 1571 1084 1620 veris;
1122 1570 1361 1610 beatitudo
1388 1569 1492 1610 inde
1523 1569 1690 1610 interni
1718 1583 1795 1609 seu

304 1634 548 1688 spiritualis
575 1634 785 1682 hominis,
810 1640 906 1675 tum
934 1647 1111 1687 quoque
1138 1634 1317 1674 externi
1340 1647 1418 1673 seu
1445 1632 1677 1681 naturalis,
1703 1633 1795 1685 sig-

304 1698 512 1755 nificatur
538 1712 616 1752 per
645 1698 897 1750 “butyrum
924 1703 970 1738 et
994 1696 1121 1737 mel.''
1181 1696 1320 1750 Apud
1346 1695 1551 1745 Hiobum,

371 1806 588 1838 “Venenum
607 1805 773 1846 aspidum
791 1811 905 1844 suget,
920 1805 1058 1836 occidet
1073 1814 1154 1836 eum
1173 1804 1297 1844 lingua
1311 1804 1454 1844 viperae
1468 1813 1475 1841 ;
1496 1813 1541 1835 ne
1555 1803 1676 1834 videat
1690 1803 1797 1841 rivos,
1824 1830 1836 1833 fl

480 1850 630 1881 flumina
646 1849 861 1880 torrentium
879 1849 996 1880 mellis
1015 1855 1051 1880 et
1068 1848 1214 1889 butyri''
1232 1849 1301 1888 (xx.
1322 1848 1370 1885 16,
1392 1848 1461 1886 17):

305 1955 421 1995 haec
441 1953 560 1995 dicta
579 1961 684 1995 sunt
707 1954 762 1995 de
785 1953 1050 2007 hypocritiS‚
1072 1953 1145 2006 qui
1167 1953 1283 1993 bene
1306 1959 1351 1993 et
1370 1951 1536 1993 blande
1555 1951 1798 2006 loquuntur

307 2019 364 2059 de
391 2018 506 2066 Deo,
535 2018 592 2058 de
619 2018 844 2071 proximO,
874 2017 1018 2071 deque
1047 2016 1175 2057 caelo
1202 2023 1248 2056 et
1276 2015 1483 2064 ecclesia,
1513 2029 1614 2056 cum
1641 2021 1797 2056 tamen

307 2095 488 2135 prorsus
520 2081 651 2122 aliter
677 2081 914 2133 cogitant;
956 2086 1002 2121 et
1034 2080 1137 2133 quia
1170 2093 1248 2132 per
1279 2079 1322 2119 id
1356 2079 1486 2119 dolos
1519 2076 1707 2119 ne&unt
1740 2078 1797 2118 ad

307 2145 561 2198 captandos
584 2145 773 2192 animos,
800 2144 986 2184 tametsi
1008 2142 1225 2183 infernale
1249 2148 1413 2195 gerunt
1441 2142 1591 2189 corde,
1617 2141 1794 2188 dicitur,

308 2208 590 2248 “Venenum
616 2207 822 2260 aspidum
854 2213 1002 2259 suget,
1032 2206 1212 2246 occidet
1245 2218 1346 2245 eum
1380 2204 1533 2257 lingua
1564 2205 1744 2257 viperae
1763 2203 1797 2244 :'’

305 2272 426 2326 quod
453 2271 539 2311 illis
571 2284 662 2310 non
694 2270 876 2323 aliquod
899 2269 1144 2322 jucundum
1171 2268 1278 2309 boni
1306 2267 1524 2308 naturalis
1556 2281 1639 2308 nec
1667 2268 1794 2320 spiri-

308 2335 444 2376 tualis
477 2335 548 2383 sit,
583 2332 854 2386 intelligitur
885 2346 964 2386 per
998 2336 1091 2373 “ne
1129 2331 1282 2372 videat
1315 2331 1448 2379 rivos,
1483 2330 1665 2371 flumina
1701 2337 1795 2371 tor-

306 2399 501 2439 rentium
534 2397 681 2438 mellis
714 2403 760 2437 et
792 2396 942 2448 butyri
964 2395 998 2446 ;'’
1039 2409 1117 2449 per
1152 2394 1340 2435 “rivos''
1372 2393 1689 2446 intelliguntur
1720 2393 1798 2434 illa

306 2475 420 2516 quae
447 2460 781 2513 intelligentiae
813 2465 946 2509 sunt;
985 2472 1064 2512 per
1093 2457 1313 2498 “flumina
1345 2458 1616 2498 torrentium
1650 2456 1796 2497 mellis

307 2532 355 2566 et
386 2525 536 2577 butyri
549 2523 567 2538 '’
593 2523 671 2563 illa
703 2537 816 2576 quae
849 2522 953 2562 inde
985 2519 1233 2562 affeffionis
1265 2527 1311 2561 et
1343 2521 1508 2560 amoris
1536 2526 1655 2568 sunt,
1684 2533 1798 2572 quae

307 2594 412 2628 sunt
444 2589 541 2640 ipsa
568 2586 766 2639 jucunda
797 2586 920 2626 vitae
952 2584 1190 2625 caelestis:
1235 2596 1370 2623 omne
1398 2583 1644 2635 jucundum
1676 2583 1797 2622 vitae

308 2664 497 2692 manens
523 2651 566 2690 in
590 2656 826 2691 aeternum
853 2654 924 2689 est
942 2647 1187 2701 jucundum
1214 2646 1320 2686 boni
1347 2652 1393 2686 et
1419 2646 1512 2686 veri
1538 2644 1796 2699 spiritualis,

307 2721 354 2756 et
391 2714 494 2754 inde
527 2713 774 2765 jucundum
816 2712 922 2752 boni
963 2717 1010 2751 et
1048 2710 1142 2750 veri
1180 2709 1424 2759 naturalis;
1472 2714 1520 2749 at
1553 2708 1798 2761 jucundum

307 2777 640 2831 hypocriticum
668 2782 738 2816 est
756 2774 1003 2828 jucundum
1031 2773 1238 2814 naturale
1266 2778 1524 2825 separatum
1552 2785 1577 2812 a
1598 2770 1797 2824 jucundo

307 2839 540 2894 spirituali,
569 2839 647 2879 sed
675 2839 717 2878 id
739 2837 984 2891 jucundum
1007 2837 1198 2877 vertitur
1223 2836 1266 2875 in
1294 2835 1440 2875 altera
1462 2835 1556 2874 vita
1581 2835 1625 2874 in
1652 2834 1795 2874 dirum

307 2902 538 2944 infernale.
601 2901 734 2954 Quod
758 2915 836 2954 per
856 2900 1107 2952 “butyrum
1126 2905 1172 2939 et
1192 2898 1281 2938 mel
1297 2897 1315 2912 ”
1334 2897 1405 2938 hic
1425 2910 1507 2938 nec
1531 2895 1795 2948 intelligan-

309 2973 381 3007 tur
403 2967 614 3019 butyrum
638 2971 683 3006 et
708 2964 811 3013 mel,
832 2969 1016 3005 constat
1037 2977 1047 3014 ;
1081 2962 1262 3003 ubinam
1282 2961 1400 3002 enim
1424 2961 1467 3000 in
1491 2959 1660 3000 mundo
1683 2959 1796 2999 dan·
