1962 3334
617 258 725 302 car.
748 258 811 299 Χ..
833 258 973 291 vens,
1001 236 1172 290 11.-N'.
1193 246 1375 302 624[d].
1629 246 1737 300 1587

429 382 497 405 uos
512 372 657 410 malum.
673 382 715 403 ac
732 371 890 412 gladium
906 371 1110 412 famemque
1125 380 1198 402 non
1215 369 1415 402 videbimus
1429 378 1439 408 ;
1462 369 1525 401 sed
1544 368 1736 410 prophetae

425 422 529 448 eruut
547 417 585 448 in
603 421 762 454 ventum,
779 425 845 447 nec
863 415 1012 447 verbum
1028 415 1065 446 in
1082 415 1126 446 iis
1135 413 1156 426 ''
1172 414 1219 454 (v.
1238 422 1289 452 12,
1307 413 1383 454 13);

250 491 370 547 apud
394 492 602 541 eundem,

316 566 430 600 “Misi
451 567 496 599 ad
519 577 583 599 eos
601 577 728 599 omnes
752 577 877 599 servos
900 576 1003 599 meos
1026 566 1230 607 prophetas,
1247 565 1406 607 quotidie
1429 563 1680 596 matutiuando
1702 569 1738 596 et

425 611 601 642 mittendo
610 610 630 623 ”
649 611 721 651 (vii.
742 611 819 650 25);

251 685 373 740 apud
397 686 606 735 eundem,

315 762 402 796 “Sic
418 763 507 796 dixit
522 763 684 806 Jehovah
702 763 861 796 Zebaoth
879 769 1005 796 contra
1021 764 1223 805 prophetas,
1242 761 1334 796 Ecce
1356 763 1434 804 Ego
1452 763 1576 796 cibans
1591 771 1655 795 eos
1676 763 1740 794 ab·

423 807 556 839 sinthio
573 814 609 839 et
630 808 761 848 potabo
778 817 842 839 eos
858 807 960 848 aquis
977 807 1089 847 fellis3
1114 806 1199 848 quia
1218 817 1243 838 3
1262 806 1445 848 prophetis
1464 805 1738 847 Hierosolyma:

424 849 535 882 exivit
555 850 752 892 hypocrisis
774 850 811 882 in
833 849 1035 882 universam
1057 833 1223 883 tenant.
1280 859 1342 882 .ne
1367 849 1539 882 attendite
1562 850 1610 881 ad
1629 850 1739 881 verba

424 894 612 969 ἓᾟὲζωω
616 893 1256 979 “m10quffi'm'22‘333‘2‘5012551ffl’
1241 903 1259 925 ⁵
1271 893 1449 978 (ffiussg
1462 903 1540 977 ἶὲῗξ
1562 902 1737 924 '¹⁵¹⁰”em

252 1011 373 1066 apud
397 1012 606 1061 eundem,

317 1087 546 1129 “Prophetae
564 1088 625 1130 qui
642 1089 784 1121 fuerunt
801 1095 883 1121 ante
901 1099 960 1121 me
979 1095 1015 1120 et
1036 1094 1119 1121 ante
1141 1094 1177 1120 te
1198 1098 1221 1120 a
1242 1088 1393 1126 saeculo,
1411 1087 1665 1129 prophetarunt
1682 1097 1741 1119 su-

425 1141 490 1172 per
506 1137 619 1164 ten-as
640 1132 781 1170 multas,
799 1138 836 1164 et
857 1142 965 1173 super
986 1142 1098 1172 regna
1118 1142 1253 1172 magna
1271 1132 1317 1164 de
1339 1131 1443 1169 bello,
1462 1137 1499 1163 et
1519 1131 1564 1163 de
1586 1131 1683 1162 malo
1704 1138 1741 1163 et

425 1174 471 1206 de
496 1181 615 1215 poste:
643 1176 816 1216 propheta
841 1175 902 1216 qui
927 1175 1115 1216 prophetat
1139 1175 1184 1207 de
1210 1185 1308 1216 pace,
1330 1185 1411 1207 cum
1433 1173 1572 1206 venerit
1592 1175 1740 1206 verbum

425 1218 628 1259 prophetae.
646 1225 881 1260 cognoscetur
899 1219 1072 1260 propheta
1089 1219 1185 1260 quod
1202 1217 1339 1250 miserit
1355 1217 1466 1250 eum''
1485 1217 1584 1250 Deus
1605 1216 1740 1259 (xxviii.

426 1262 459 1301 8,
475 1260 528 1303 9);

248 1344 367 1398 apud
390 1343 683 1392 Mamaeum,

315 1419 419 1452 “Vae
431 1420 535 1452 vobis
544 1419 563 1431 ”
577 1420 788 1460 hypocritae
803 1426 840 1452 et
858 1419 1075 1458 Pharisaei,“
1083 1420 1166 1461 quia
1178 1419 1375 1451 aedificatis
1387 1419 1576 1460 sepulchra
1588 1419 1742 1459 prophe-

422 1469 549 1500 tarum,
566 1469 602 1494 et
617 1464 756 1495 ornatis
775 1470 1012 1495 monumenta
1026 1464 1216 1503 justorum,
1234 1469 1271 1495 et
1289 1463 1419 1501 dicitis,
1436 1463 1474 1494 Si
1490 1463 1686 1494 fuissemus
1703 1463 1740 1494 in

422 1507 550 1538 diebus
566 1513 707 1547 patrum
725 1514 942 1546 nostrorum,
956 1517 1029 1538 non
1046 1506 1242 1538 fuissemus
1254 1506 1447 1547 participes
1460 1516 1585 1538 eorum
1603 1506 1640 1537 in
1657 1516 1742 1537 san-

421 1550 532 1590 guiue
559 1550 837 1590 prophetarum:
869 1550 991 1591 itaque
1019 1550 1204 1581 testamini
1228 1556 1356 1581 contra
1378 1556 1521 1581 vosmet
1544 1549 1641 1590 quod
1669 1548 1735 1581 filii

422 1593 504 1625 sitis
520 1603 645 1625 eorum
658 1594 936 1634 quiocciderunt
949 1594 1155 1634 prophetas.
1185 1618 1194 1625 .
1207 1618 1215 1625 .
1229 1618 1237 1625 .
1251 1618 1260 1625 .
1269 1593 1378 1624 Mitto
1391 1594 1437 1624 ad
1449 1603 1515 1624 vos
1532 1594 1738 1633 prophetas,

422 1637 607 1712 sapientes
636 1643 673 1668 et
700 1637 859 1674 scribas;
889 1637 965 1677 jam
995 1647 1083 1668 vero
1110 1647 1155 1668 ex
1183 1637 1229 1668 iis
1258 1636 1430 1668 occidetis
1454 1643 1491 1668 et
1512 1636 1740 1676 crucifigetis

494 1686 550 1712 ‚ut
565 1680 687 1711 veniat
702 1690 812 1720 super
826 1690 893 1712 vos
906 1681 1025 1712 omnis
1036 1681 1191 1720 sanguis
1203 1680 1322 1730 justus
1334 1680 1472 1711 effusus
1484 1689 1594 1720 super
1605 1685 1739 1711 terram

423 1733 446 1754 3
450 1705 638 1764 sanguine
656 1724 782 1755 Abelis
798 1723 887 1764 justi
906 1734 1018 1764 usque
1037 1724 1084 1755 ad
1104 1724 1319 1764 sanguinem
1337 1723 1528 1755 Sachariae
1546 1723 1610 1754 filii
1629 1723 1742 1754 Bara-

425 1767 535 1804 chiae,
561 1776 665 1807 quem
695 1767 877 1798 occidistis
906 1767 1001 1798 inter
1028 1766 1215 1807 templum
1227 1774 1264 1798 et
1291 1767 1453 1798 altare..
1466 1791 1476 1799 .
1488 1791 1498 1799 .
1511 1765 1740 1808 Jerusalem.

422 1809 634 1851 Jerusalem,
653 1820 747 1851 quae
766 1811 900 1842 occidis
923 1811 1128 1851 prophetas,
1148 1816 1186 1842 et
1208 1810 1349 1851 lapidas
1367 1811 1501 1842 missos
1525 1811 1571 1842 ad
1594 1817 1646 1842 te.
1720 1809 1740 1822 ''

422 1854 534 1893 (xxiii.
553 1861 682 1893 29—37;
705 1854 790 1885 Luc.
807 1854 854 1885 xi.
871 1851 1047 1894 [¹:147-51)

248 1939 294 1981 ἰιι
323 1939 393 1980 his
423 1939 535 1980 locis
566 1946 756 1993 apparet
789 1940 906 1981 sicut
939 1953 1021 1993 per
1049 1939 1370 1993 “prophetas”
1400 1940 1539 1981 modo
1568 1939 1739 1981 intelli·

249 2009 416 2056 gantur
445 2002 711 2056 prophetae,
745 2016 824 2056 per
856 2016 970 2056 quos
1006 2002 1229 2056 jehovah,
1261 2003 1349 2044 hoc
1380 2010 1467 2051 est,
1500 2003 1737 2052 Dominus,

252 2065 431 2106 locutus
461 2071 559 2115 est;
604 2065 795 2118 proinde
825 2065 946 2118 quod
984 2065 1206 2106 Dominus
1242 2079 1322 2119 per
1354 2066 1599 2107 “occidere
1634 2080 1738 2120 pro-

252 2127 448 2182 phetas”
472 2125 654 2168 ¹²¹solum
680 2127 964 2168 intellexerit
992 2141 1152 2168 necem
1178 2142 1362 2169 eorum:
1400 2129 1479 2170 sed
1505 2129 1638 2169 simul
1669 2130 1738 2170 in-

249 2190 433 2232 tellexit
447 2191 721 2231 occisionem
738 2197 786 2231 et
804 2189 1160 2232 exstinctionem
1174 2191 1326 2232 Divini
1342 2189 1487 2233 ¹³¹Veri
1503 2193 1738 2234 oriundam

249 2266 310 2294 ex
330 2252 642 2293 falsificatione
659 2259 705 2294 et
723 2252 1059 2293 adulteratione
1077 2253 1244 2294 Verbi:
1278 2267 1383 2295 nam
1400 2268 1481 2307 per
1497 2269 1738 2308 personam

249 2322 297 2356 et
322 2315 416 2368 ejus
440 2314 715 2356 functionem
747 2316 791 2355 in
822 2329 957 2356 sensu
983 2316 1203 2369 spirituali
1235 2317 1508 2370 intelligitur
1538 2319 1635 2371 ipsa
1664 2333 1736 2359 res

249 2391 339 2432 qua
369 2391 561 2432 persona
590 2378 792 2431 fungitur
822 2385 869 2418 et
902 2391 1035 2431 quam
1062 2377 1275 2432 loquitur,
1302 2380 1366 2420 ita
1397 2394 1476 2433 per
1503 2381 1737 2435 “prophe-

252 2439 379 2482 tam'’
401 2439 612 2481 Divinum
633 2440 806 2482 Verum
828 2454 906 2481 seu
929 2440 1146 2490 Verbum,
1168 2455 1221 2482 ac
1243 2440 1450 2483 doctrina
1470 2443 1602 2494 inde;
1634 2445 1739 2497 quia

251 2501 420 2544 functio
450 2517 669 2556 personae
701 2516 836 2543 unam
867 2516 961 2543 rem
992 2516 1093 2544 cum
1130 2517 1323 2557 persona
1358 2507 1468 2559 agit,
1502 2506 1605 2547 ideo
1640 2508 1735 2560 ipsa

207 2581 209 2583 ’
249 2579 334 2614 res,
353 2579 487 2619 quam
506 2566 728 2619 propheta
745 2566 896 2614 docet,
917 2580 996 2619 per
1016 2566 1142 2607 illum
1164 2567 1462 2621 intelligitur:
1495 2583 1573 2622 per
1593 2573 1736 2610 “san—

252 2629 432 2682 guinem
450 2627 675 2669 effundere
691 2628 711 2643 ”
728 2630 866 2669 etiam
883 2628 1151 2681 intelligitur
1167 2630 1424 2672 adulterare
1442 2645 1549 2672 vera
1567 2631 1707 2673 Verbi
1724 2647 1734 2683 ;

249 2697 297 2731 et
327 2691 430 2744 quia
454 2704 567 2743 gens
597 2691 787 2743 Judaica
818 2691 923 2731 talis
955 2698 1069 2739 erat,
1092 2691 1195 2732 ideo
1225 2692 1402 2741 dicitur,
1433 2694 1734 2747 “Jerusalem,

247 2752 513 2806 Jerusalem,
549 2767 663 2807 quae
700 2754 869 2794 occidis
900 2753 1162 2807 prophetas,
1194 2762 1241 2795 et
1278 2755 1451 2808 lapidas
1483 2757 1645 2797 missos
1676 2757 1734 2798 ad

253 2815 341 2863 te,”
371 2829 451 2869 per
486 2829 600 2869 quae
635 2816 773 2856 verba
810 2817 853 2856 in
890 2830 1024 2856 sensu
1056 2817 1275 2870 spirituali
1311 2818 1583 2871 intelligitur
1612 2820 1733 2872 quod

250 2878 548 2932 exstinguant
580 2892 713 2930 omne
747 2878 960 2919 Divinum
986 2878 1157 2920 Verum
1188 2881 1308 2934 quod
1340 2895 1399 2921 ex
1426 2881 1582 2922 Verbo
1612 2882 1732 2936 apud
