1956 3328
285 272 391 315 1910
693 269 1026 302 APOCALYPSIS
1058 271 1358 303 EXPLICATA.

281 382 472 438 motus‚'’
491 383 628 423 etiam
652 383 748 423 visa
772 382 831 423 sit
852 383 1065 435 “grando
1089 383 1294 436 magna,”
1317 390 1386 424 est
1410 385 1512 438 quia
1533 385 1576 425 in
1601 385 1769 426 mundo

279 446 500 499 spirituali
533 451 754 499 apparent
788 447 940 486 omnia
976 460 1090 499 quae
1127 447 1171 486 in
1209 447 1378 487 mundo
1404 447 1618 496 naturali,
1653 449 1768 489 sicut

279 509 431 558 nimbi,
467 509 622 557 nubes,
658 508 850 561 pluviae,
886 509 964 548 nix
1001 515 1047 549 et
1080 510 1269 562 grando,
1304 524 1418 563 quae
1450 511 1630 563 quidem
1663 517 1768 551 sunt

277 572 570 625 apparentiae
594 572 672 612 sed
691 570 850 620 reales,
871 572 1086 612 oriundae
1109 587 1167 612 ex
1187 573 1600 626 correspondentiis
1621 588 1630 623 ;
1663 585 1768 614 nam

280 635 445 675 Divina
471 634 689 675 caelestia
715 641 760 674 et
789 634 1054 688 spiritualia,
1082 649 1195 688 quae
1228 637 1406 697 propria
1438 643 1541 676 sunt
1567 634 1768 677 affectio-

281 711 387 738 num
419 705 465 739 et
498 698 602 738 inde
635 699 983 751 cogitationum,
1017 699 1081 739 ita
1114 699 1219 739 boni
1251 700 1416 739 amoris
1448 706 1493 740 et
1526 700 1618 740 veri
1649 699 1767 740 illius

279 762 400 810 boni,
425 762 543 815 apud
571 761 774 814 angelos,
800 774 902 801 cum
925 761 1208 802 descendunt
1232 763 1276 802 in
1299 762 1537 815 sphaeram
1561 763 1767 816 proxime

275 826 543 874 inferiorem,
578 825 770 865 induunt
802 824 969 865 formas
1002 826 1275 866 naturalium
1314 826 1496 875 similes,
1530 839 1581 866 ac
1619 827 1683 866 ita
1719 839 1768 867 se

276 890 443 929 sistunt
476 900 628 928 coram
662 887 803 928 oculis
835 888 1080 938 videndas;
1124 889 1188 929 ita
1219 889 1469 929 formantur
1501 902 1768 942 correspon-

276 951 482 992 dentiae:
512 950 718 991 similiter
736 950 924 1004 fulgura,
945 952 1160 999 tonitrua,
1179 958 1224 992 et
1243 952 1419 1005 grando
1437 966 1445 1002 ;
1474 951 1585 992 haec
1605 964 1767 1005 nempe

278 1015 454 1067 grando
485 1014 703 1054 formatur
734 1028 793 1054 ex
831 1014 1013 1054 defluxu
1052 1014 1202 1055 Divini
1235 1015 1358 1064 Veri,
1393 1013 1466 1055 ubi
1503 1021 1612 1055 sunt.
1644 1015 1765 1066 mali,

275 1077 348 1130 qui
375 1091 453 1130 per
478 1078 715 1117 ratiocinia
741 1077 1020 1118 concludunt
1048 1078 1173 1126 falsa,
1203 1085 1249 1118 et
1282 1092 1361 1131 per
1392 1078 1469 1118 illa
1495 1079 1764 1131 impugnant

274 1154 380 1180 vera
406 1153 457 1180 ac
485 1140 726 1180 destruunt
754 1140 856 1180 illa:
896 1154 997 1180 cum
1030 1141 1148 1181 enim
1178 1141 1390 1181 Divinum
1417 1140 1587 1181 Verum
1614 1155 1637 1181 e
1664 1154 1767 1181 cae-

276 1203 329 1243 lis
356 1203 498 1244 influit
531 1205 574 1244 in
608 1203 848 1256 sphaeram
880 1218 995 1257 quae
1028 1211 1098 1244 est
1127 1205 1293 1244 circum
1326 1203 1470 1244 malos
1497 1210 1544 1244 et
1576 1211 1766 1257 apparet

275 1267 390 1307 sicut
418 1267 595 1307 nimbus
621 1267 815 1307 formata
847 1281 906 1307 ex
937 1267 1066 1307 malis
1093 1266 1404 1307 affectionibus
1431 1273 1477 1307 et
1509 1267 1613 1307 inde
1645 1266 1767 1307 falsis

275 1331 609 1383 cogitationum
636 1330 829 1379 illorum,
859 1337 966 1371 tunc
1000 1331 1197 1371 influxus
1230 1331 1305 1371 ille
1332 1332 1522 1371 vertitur
1553 1331 1597 1370 in
1628 1331 1765 1378 varia,

276 1407 327 1433 ac
355 1394 399 1433 in
425 1394 693 1446 grandinem
717 1394 835 1447 apud
862 1393 964 1433 illos
992 1395 1064 1447 qui
1092 1407 1150 1434 ex
1180 1393 1309 1433 malis
1335 1401 1381 1433 et
1409 1393 1530 1434 falsis
1557 1393 1766 1445 cogitant

275 1462 435 1497 contra
475 1457 595 1496 bona
635 1445 681 1497 et
722 1470 829 1497 vera
870 1456 983 1496 caeli
1021 1463 1066 1496 et
1105 1456 1339 1504 ecclesiae,
1380 1469 1431 1496 ac
1469 1455 1767 1496 vehementer

274 1520 544 1572 impugnant
577 1519 683 1560 illa:
728 1533 864 1560 causa
901 1525 971 1559 est
1004 1520 1106 1572 quia
1133 1517 1393 1559 affectiones
1426 1525 1471 1558 et
1504 1518 1608 1558 inde
1640 1519 1766 1571 cogi-

276 1583 476 1623 tationes
504 1582 698 1630 illorum,
727 1597 841 1636 quae
869 1589 972 1622 sunt
1000 1581 1098 1622 falsi
1130 1588 1290 1622 contra
1317 1596 1436 1630 vera,
1465 1587 1569 1621 sunt
1597 1581 1766 1635 absque

275 1646 398 1685 omni
430 1645 580 1686 calore
609 1645 825 1695 caelesti;
865 1646 968 1685 inde
1002 1645 1255 1685 concrescit
1289 1644 1452 1698 pluvia,
1481 1658 1595 1697 quae
1627 1645 1765 1684 etiam

277 1709 467 1749 subinde
505 1723 529 1750 e
567 1709 703 1749 caelis
741 1710 785 1749 in
822 1708 1030 1749 inferiora
1065 1707 1306 1756 delabitur,
1340 1708 1384 1748 in
1422 1708 1570 1748 nivem
1607 1713 1684 1748 aut
1722 1708 1766 1748 in

275 1773 558 1826 grandinem,
588 1779 634 1812 et
661 1771 838 1825 grando
865 1771 942 1811 illa
969 1771 1162 1811 destruit
1190 1772 1342 1811 omnia
1368 1784 1482 1824 quae
1513 1770 1632 1823 apud
1663 1769 1767 1810 illos

274 1837 421 1876 virent
455 1842 500 1876 et
534 1842 758 1884 crescunt,
788 1841 834 1876 et
866 1849 1044 1888 quoque
1076 1835 1386 1875 habitationes
1419 1834 1611 1882 illorum,
1639 1847 1766 1886 pror-

275 1912 349 1938 sus
387 1899 501 1939 sicut
540 1897 708 1951 legitur
746 1898 802 1938 de
840 1898 1060 1950 grandine
1098 1899 1142 1937 in
1180 1897 1428 1950 Aegypto:
1474 1910 1610 1937 causa
1645 1897 1767 1950 quod

275 1962 496 2010 destruat,
531 1968 600 2002 est
635 1962 738 2014 quia
767 1961 885 2001 “illa
917 1974 1030 2014 quae
1063 1961 1209 2000 virent
1243 1967 1289 2000 et
1322 1959 1563 2000 crescunt”
1595 1959 1765 2012 signifi-

274 2031 380 2065 cant
407 2039 514 2065 vera
540 2024 775 2073 ecclesiae,
803 2030 850 2064 et
880 2023 1259 2064 “habitationes’'
1283 2023 1403 2063 bona
1428 2022 1534 2075 ejus,
1563 2036 1676 2076 quae
1702 2022 1766 2063 illi

275 2087 395 2140 apud
422 2101 470 2127 se
497 2084 764 2128 destruunt:
804 2087 889 2127 hoc
923 2085 986 2135 fit,
1016 2093 1064 2126 ut
1098 2100 1231 2139 supra
1258 2084 1426 2126 dictum
1459 2092 1544 2134 est,
1573 2100 1632 2126 ex
1664 2099 1764 2126 cor-

274 2150 611 2203 respondentia.
679 2149 863 2191 Grando
894 2155 1085 2202 apparet
1118 2150 1256 2189 etiam
1290 2157 1505 2189 concreta
1537 2150 1580 2189 in
1613 2154 1766 2201 partes

275 2213 467 2266 majores
500 2219 546 2253 et
579 2213 777 2253 minores
809 2213 1057 2252 secundum
1090 2213 1458 2264 impugnationes
1485 2212 1692 2252 fortiores
1718 2217 1765 2252 et

278 2276 473 2317 leniores
495 2277 588 2316 veri
614 2290 693 2328 per
718 2275 859 2326 salsa;
893 2274 1085 2327 majores
1113 2281 1265 2328 partes
1292 2281 1514 2315 vocantur
1539 2275 1583 2314 in
1610 2273 1765 2315 Verbo

279 2339 491 2392 “lapides
523 2338 794 2392 grandiniS‚”
821 2339 925 2392 quia
957 2352 1036 2391 per
1065 2338 1308 2391 “lapides’'
1335 2339 1473 2378 etiam
1507 2336 1764 2390 significan·

276 2409 349 2444 tur
381 2402 504 2442 falsa.
567 2401 642 2442 Ex
680 2402 749 2442 his
787 2414 903 2441 nunc
943 2407 1154 2441 constare
1192 2406 1346 2453 potest
1385 2400 1502 2440 unde
1540 2405 1610 2440 est
1642 2399 1762 2452 quod

276 2478 355 2519 per
394 2464 699 2517 “grandinem
741 2463 986 2517 magnam'’
1027 2463 1306 2516 significetur
1346 2462 1506 2503 falsum
1547 2461 1762 2503 infernale

277 2527 517 2568 destruens
542 2541 648 2568 vera
674 2533 719 2568 et
746 2527 866 2568 bona
892 2526 1123 2568 ecclesiae.
