1962 3334
712 251 821 284 CAP.
844 250 908 292 x.,
929 249 1068 283 VERS.
1091 213 1239 294 7.—}1.
1261 207 1357 280 612.
1672 247 1776 292 1535

289 379 351 407 ex
371 364 588 428 opusculo
606 364 675 413 De
693 363 819 418 Equo
834 363 983 412 Albo,
1013 369 1060 404 et
1082 363 1126 404 in
1145 376 1280 416 opere
1300 362 1368 402 De
1387 360 1518 403 Caelo
1536 367 1579 401 et
1598 360 1780 412 Inferna

290 437 338 475 (n
354 438 412 476 1)·
403 460 412 477 ,
443 433 491 467 et
505 426 628 480 quod
641 439 760 467 nunc
778 425 879 466 finis
894 424 1119 466 ecclesiae
1136 424 1212 471 sit,
1228 424 1272 464 in
1287 422 1510 477 opusculo
1525 422 1594 462 De
1613 421 1780 464 Ultzmo

289 486 539 535 Juszczom
553 505 664 534 33-39
679 501 712 525 et
723 503 836 534 45-52
850 496 946 533 seq..)
1005 484 1131 526 Finis
1148 483 1372 525 ecclesiae
1393 483 1534 523 etiam
1555 472 1791 535 ἱῐιῒεΙΙίςί·

289 554 364 588 tur
402 560 482 600 per
522 546 836 600 “vesperam,'’
874 553 923 588 et
961 546 1185 587 adventus
1226 545 1411 586 Domini
1449 557 1530 597 per
1570 542 1778 591 “mane,’'

290 610 411 662 apud
434 609 676 659 Danielem,
1503 616 1507 619 ·
1638 614 1645 619 ·

382 699 402 712 “
413 697 534 739 Usque
549 697 595 730 ad
610 707 798 739 vesperam
817 704 854 730 et
869 707 985 736 mane,
1001 697 1056 729 bis
1073 697 1171 729 mille
1187 702 1348 729 trecenta
1356 695 1376 708 '’
1392 695 1477 736 (viii.
1498 693 1565 737 14[,
1579 691 1673 736 26]):

291 783 550 836 “vespera'’
586 783 810 837 significat
849 783 984 824 finem
1024 782 1244 824 ecclesiae
1284 781 1455 835 prioriS,
1496 787 1543 822 et
1577 779 1779 820 “mane”

288 845 535 887 adventum
561 846 743 887 Domini
773 853 820 887 et
850 847 1026 902 initium
1050 845 1270 886 ecclesiae
1301 858 1459 885 novae.
1519 842 1675 884 Simile
1699 855 1780 895 per

290 911 460 949 “mane
475 908 496 924 ”
520 909 639 962 apud
663 908 946 957 Ezechielem,

356 996 523 1029 “Malum
551 1007 632 1030 ecce
655 998 764 1036 venit,
788 998 868 1029 finis
891 998 1001 1036 venit,
1025 998 1125 1029 venit
1152 997 1244 1036 finis,
1267 997 1451 1038 evigilavit
1479 1006 1587 1037 super
1609 1002 1666 1033 te:
1697 1005 1779 1027 ecce

461 1042 569 1079 venit,
589 1042 688 1073 venit
711 1051 817 1073 mane
840 1051 948 1082 super
970 1049 1015 1080 te,
1038 1041 1219 1073 habitator
1242 1047 1367 1079 terrae,
1386 1040 1488 1072 venit
1510 1046 1652 1080 tempus
1661 1038 1681 1051 '¹
1704 1038 1778 1079 (vii.

463 1085 560 1124 5-7);

288 1180 368 1220 per
398 1166 570 1209 “finem
582 1167 602 1183 ”
633 1169 770 1209 etiam
805 1169 876 1209 hic
908 1167 1184 1222 significatur
1212 1167 1312 1208 finis
1344 1167 1579 1216 ecclesiae,
1612 1173 1659 1208 et
1699 1179 1780 1219 per

290 1233 458 1272 “mane
470 1230 491 1246 ”
506 1231 727 1271 adventus
750 1231 932 1272 Domini
953 1237 999 1272 et
1021 1231 1194 1272 initium
1216 1230 1435 1272 ecclesiae
1456 1243 1615 1271 novae.
1656 1229 1778 1270 Pari-

288 1299 359 1334 ter
381 1293 500 1346 apud
527 1293 805 1342 Sachariam,

354 1381 460 1414 “Erit
481 1382 559 1414 dies
581 1392 674 1414 unus
698 1383 757 1424 qui
780 1389 888 1414 notus
913 1383 980 1414 erit
1002 1382 1173 1425 Jehovae,
1191 1393 1264 1414 non
1288 1382 1365 1414 dies
1389 1392 1455 1414 nec
1479 1392 1562 1420 nox,
1578 1381 1663 1423 quia
1684 1381 1780 1413 circa

461 1432 601 1466 tempus
618 1436 789 1466 vesperae
805 1427 871 1458 erit
888 1426 948 1458 lux
959 1426 978 1438 '’
994 1426 1077 1467 (xiv.
1096 1428 1148 1466 7):

288 1531 368 1570 per
394 1517 551 1558 “diem
578 1531 714 1558 unum
739 1518 813 1571 qui
844 1524 979 1559 notus
1002 1517 1235 1570 jehovae”
1260 1517 1529 1571 intelligitur
1553 1517 1778 1558 adventus

60 1613 95 1622 ,,
289 1579 496 1631 Domini;
529 1593 608 1633 per
630 1584 846 1633 “tempus
867 1593 1082 1633 vesperae
1093 1580 1113 1595 ”
1133 1580 1402 1632 intelligitur
1423 1579 1521 1619 finis
1542 1578 1775 1625 ecclesiae,

54 1644 106 1693 ᾤ,
290 1643 470 1696 quando
501 1656 635 1684 omne
667 1639 878 1684 Divinum
904 1643 1075 1684 Verum
1101 1644 1390 1684 obscuratum
1414 1649 1461 1683 et
1492 1641 1778 1682 falsificatum

59 1703 106 1713 ’“
288 1711 387 1755 est;
432 1712 479 1746 et
515 1719 594 1758 per
625 1705 813 1747 “lucem
827 1706 847 1722 '’
878 1705 1157 1759 significatur
1188 1705 1400 1746 Divinum
1431 1704 1602 1745 Verum
1633 1705 1776 1744 mani-

288 1767 516 1809 festatum.
578 1769 706 1810 Haec
738 1782 856 1810 nova
891 1769 986 1816 lux,
1018 1782 1096 1809 seu
1131 1768 1242 1809 illud
1279 1781 1426 1815 mane,
1459 1767 1580 1821 quod
1613 1767 1657 1807 in
1689 1765 1776 1807 fine

288 1831 507 1872 ecclesiae
528 1833 777 1884 apparebit,
803 1831 1071 1884 intelligitur
1101 1832 1239 1872 etiam
1270 1831 1340 1871 hic
1372 1844 1452 1883 per
1475 1830 1777 1882 “mysterium

289 1894 375 1935 Dei
391 1894 511 1948 quod
528 1895 911 1935 consummabitur
927 1895 1041 1934 sicut
1059 1894 1391 1947 evangelizavit
1409 1894 1549 1934 servis
1565 1893 1655 1933 suis
1672 1905 1776 1945 pro·

57 1998 63 2000 .
288 1957 474 2010 phetis.’'
522 1957 575 1998 In
590 1957 742 1998 Verbo
760 1956 923 2009 pluries
940 1957 1102 1997 dicitur
1119 1961 1144 1976 ⁴⁴
1159 1956 1471 2009 evangelizare
1483 1956 1503 1970 ”
1516 1962 1563 1996 et
1583 1959 1608 1976 ‘⁴
1622 1955 1776 1996 Evan-

82 2046 101 2055 -
287 2020 494 2074 gelium,”
519 2027 566 2060 et
597 2033 675 2073 per
705 2019 815 2060 illud
846 2018 1122 2072 significetur
1151 2019 1376 2060 adventus
1408 2019 1605 2067 Domini,
1636 2025 1686 2060 ut
1716 2032 1777 2060 ex

60 2073 84 2085 ⁹
110 2093 112 2098 '
137 2096 139 2098 ·
287 2084 577 2138 sequentibus
602 2084 713 2124 locis
739 2089 948 2124 constare
974 2089 1130 2135 potest
1145 2082 1357 2135 t—Apud
1381 2082 1588 2131 Esaiam,

353 2180 495 2221 “Super
513 2186 672 2211 montem
692 2180 803 2211 altum
823 2179 977 2210 ascende
1001 2179 1075 2217 tibi,
1095 2178 1373 2218 evangelizatrix
1397 2178 1511 2217 Zion;
1539 2179 1671 2210 extolle
1695 2188 1775 2210 cum

460 2225 590 2255 virtute
610 2233 735 2254 vocem
752 2230 859 2261 tuam,
875 2222 1154 2262 evangelizatrix
1172 2221 1426 2263 Hierosolyma
1440 2232 1447 2259 ς
1455 2247 1552 2254 .....
1559 2222 1615 2254 dic
1630 2223 1776 2254 urbibus

460 2267 631 2309 Jehudae,
650 2266 740 2298 Ecce
766 2266 863 2298 Deus
883 2273 1012 2304 vester,
1032 2275 1113 2297 ecce
1135 2265 1311 2297 Dominus
1330 2265 1484 2307 Jehovih
1507 2266 1543 2297 in
1563 2266 1647 2297 forti
1666 2267 1775 2303 venit,

460 2317 496 2342 et
511 2311 694 2342 brachium
714 2310 800 2350 Ejus
813 2310 1057 2341 dominabitur
1071 2309 1144 2350 Ipsi
1157 2318 1182 2347 ;.
1195 2334 1204 2341 .
1216 2334 1225 2341 .
1239 2309 1346 2341 ,sicut
1364 2310 1493 2341 Pastor
1507 2319 1655 2350 gregem
1672 2319 1776 2341 suum

460 2360 582 2395 pascet
592 2353 610 2366 ''
626 2353 686 2394 (xl.
703 2354 823 2394 9-11):

69 2430 102 2493 J.
287 2439 408 2493 quod
432 2439 544 2480 haec
570 2439 626 2480 de
651 2439 852 2480 adventu
873 2438 1056 2479 Domini
1081 2436 1203 2479 dieta
1228 2439 1333 2488 sint,
1356 2440 1593 2481 manifeste
1619 2447 1775 2493 patet;

53 2510 67 2549 κζ
95 2532 123 2559 7,
287 2503 391 2544 inde
416 2509 487 2544 est
512 2503 632 2556 quod
658 2502 771 2543 Zion
796 2509 842 2543 et
876 2502 1197 2555 Hierosolyma
1221 2503 1429 2544 dicantur
1452 2504 1775 2556 “evangeliza-

72 2566 92 2610 ’,ἢ
288 2566 422 2606 trices
440 2565 476 2606 :’'
506 2579 585 2618 per
607 2565 864 2606 “Zionem”
885 2565 1200 2618 intelliguntur
1221 2579 1379 2607 omnes
1405 2567 1479 2619 qui
1504 2567 1562 2607 ab
1584 2566 1777 2607 ecclesia

63 2627 111 2678 ’μς
289 2628 474 2669 caelesti
490 2634 608 2677 sunt,
625 2629 697 2682 qui
714 2634 818 2668 sunt
835 2629 909 2681 qui
931 2628 975 2668 in
992 2641 1145 2669 amore
1162 2629 1206 2669 in
1224 2628 1470 2670 Dominum
1484 2636 1588 2670 sunt
1606 2643 1615 2679 ;
1641 2643 1776 2682 quare

56 2686 87 2707 ’”
288 2690 462 2739 dicitur,
482 2694 507 2711 ‘⁴
519 2690 734 2731 Ascende
751 2691 795 2731 in
813 2697 1016 2731 montem
1034 2690 1177 2731 altum
1195 2691 1229 2742 ;”
1250 2705 1328 2744 per
1342 2696 1585 2732 “montem
1603 2691 1745 2732 altum
1757 2692 1776 2706 ''

289 2750 565 2803 significatur
588 2751 665 2792 ille
695 2764 823 2791 amor
848 2762 1007 2799 (videatur
1025 2771 1131 2800 supra.
1147 2771 1178 2793 n.
1197 2762 1324 2805 405):
1357 2766 1437 2806 per
1461 2758 1486 2774 “
1501 2753 1774 2805 Hierosoly-

290 2812 441 2854 mam”
471 2813 785 2867 intelliguntur
815 2826 973 2854 omnes
1008 2814 1083 2868 qui
1120 2814 1177 2855 ab
1212 2814 1406 2856 ecclesia
1436 2815 1669 2868 spirituali,
1702 2816 1776 2869 qui

289 2881 393 2917 sunt
417 2876 491 2930 qui
515 2877 560 2919 in
586 2875 790 2918 doctrina
810 2877 992 2930 genuini
1013 2876 1107 2918 veri
1128 2883 1233 2919 sunt
1251 2891 1261 2931 ;
1294 2891 1430 2932 quare
1452 2879 1614 2920 dicitur
1637 2878 1774 2919 “Ex-
