1962 3334
616 252 721 285 CAP.
746 253 808 293 x.,
831 253 969 285 VERs.
991 253 1139 297 9.—N.
1161 208 1322 298 617[e].
1602 252 1707 296 1557

299 364 342 396 In
359 365 670 397 consummatione
687 365 819 397 saeculi
836 366 902 397 erit
919 365 1011 397 sicut
1027 371 1112 397 ante
1128 365 1312 403 diluvium,
1331 364 1507 396 “edentes
1524 370 1560 396 et
1583 364 1707 395 biben-

399 415 463 459 tes,
480 409 734 492 cplnffihgntes
751 409 1020 440 matrimonium
1040 415 1076 441 et
1096 409 1220 450 nuptui
1236 409 1364 440 dantes
1375 408 1393 420 ’¹
1410 407 1517 448 (xxiv.
1535 408 1575 447 38
1590 417 1598 445 ς
1621 408 1706 439 Luc.

397 453 481 484 xvii.
507 457 518 471 ¹
532 460 551 483 2
597 460 616 484 2
664 464 671 484 :

223 561 304 602 per
331 548 505 589 “edere
537 554 583 589 et
614 548 806 597 bibere,”
831 562 999 602 perque
1028 547 1337 589 “contrahere
1369 547 1705 588 matrimonium

224 617 271 653 et
302 611 459 664 nuptui
490 611 636 660 dare,''
661 610 733 651 hic
766 624 857 651 non
887 610 1158 664 intelligitur
1188 611 1322 651 edere
1348 616 1394 651 et
1425 610 1592 658 bibere,
1621 622 1703 650 nec

225 674 494 715 contrahere
516 674 851 716 matrimonium
875 680 921 714 et
948 674 1105 727 nuptui
1128 674 1234 714 dare
1255 688 1264 724 ;
1297 673 1375 714 sed
1399 686 1477 726 per
1502 675 1528 692 ‘⁴
1543 672 1677 713 edere
1689 671 1708 686 '’

225 736 503 790 significatur
532 737 819 790 appropriare
851 737 933 777 sibi
964 736 1148 785 malum,
1182 750 1261 790 per
1288 736 1478 777 “bibere
1492 735 1512 750 ’'
1544 748 1707 788 appro-

224 794 367 855 priare
390 802 472 842 sibi
489 801 664 849 falsum,
689 815 767 854 per
790 800 1099 842 “contrahere
1122 801 1458 841 matrimonium
1481 805 1527 840 et
1550 799 1708 852 nuptui

225 864 332 905 dare
344 864 364 879 ”
385 863 662 917 significatur
683 863 955 916 conjungere
977 862 1137 903 salsum
1161 862 1282 903 malo
1303 868 1350 903 et
1377 861 1545 902 malum
1568 860 1680 901 falso
1698 875 1707 910 ;

224 939 330 967 nam
354 927 504 979 agitur
533 926 591 966 ibi
622 926 678 966 de
709 932 839 966 statu·
865 925 1084 966 ecclesiae
1115 925 1296 979 quando
1326 926 1469 965 instat
1500 923 1707 964 ultimum

218 988 447 1042 judicium,
497 988 584 1029 hoc
630 989 748 1029 enim
793 988 1070 1041 significatur
1109 1002 1188 1042 per
1230 987 1707 1028 “consummationem

225 1051 443 1093 saeculi:”
475 1052 594 1105 quod
627 1058 734 1092 tunc
761 1052 876 1092 esuri
902 1057 949 1092 et
981 1051 1160 1092 bibituri
1191 1051 1281 1091 sint
1308 1057 1403 1091 tam
1435 1049 1541 1090 b'oni
1572 1061 1706 1102 quam

226 1114 347 1163 mali,
379 1115 480 1168 quia
511 1115 556 1154 in
587 1114 720 1155 edere
751 1120 798 1155 et
829 1114 982 1155 bibere
1013 1113 1123 1154 nihil
1155 1113 1261 1154 mali
1292 1113 1425 1160 inest,
1459 1118 1615 1165 patet;
1661 1117 1708 1151 et

225 1190 402 1231 quoque
428 1177 547 1230 quod
571 1177 775 1218 similiter
795 1177 983 1218 fecerint
1009 1183 1116 1217 ante
1143 1176 1371 1223 diluvium,
1397 1181 1442 1216 et
1465 1175 1584 1228 quod
1607 1174 1709 1215 ideo

226 1254 318 1282 non
350 1241 576 1294 perierint,
606 1239 686 1280 sed
718 1240 837 1293 quod
869 1239 1038 1280 malum
1064 1246 1111 1280 et
1142 1239 1302 1279 salsum
1335 1239 1417 1279 sibi
1448 1238 1708 1291 appropria-

225 1303 387 1352 verint,
420 1309 466 1343 et
506 1302 626 1356 quod
664 1302 741 1343 illa
778 1302 896 1355 apud
927 1316 975 1343 se
1012 1301 1358 1354 conjunxerint;
1402 1301 1514 1341 haec
1556 1301 1707 1353 itaque

226 1371 331 1406 sunt
362 1379 476 1419 quae
507 1366 566 1406 ibi
597 1379 675 1418 per
703 1365 873 1406 “edere
906 1371 952 1406 et
983 1364 1175 1413 bibere,’'
1201 1378 1367 1417 perque
1401 1363 1708 1404 “contrahere

226 1429 560 1470 matrimonium
597 1434 643 1468 et
680 1429 838 1480 nuptui
876 1427 1023 1477 dare,''
1055 1427 1378 1480 significantur.
1435 1426 1583 1479 -Apud
1619 1425 1709 1466 Lu-

224 1505 335 1538 cam,

301 1579 412 1611 Dives
428 1580 518 1611 dixit
533 1580 677 1611 animae
694 1589 791 1618 suae,
804 1579 975 1617 “Anima,
989 1580 1101 1611 habes
1119 1578 1233 1610 multa
1248 1580 1347 1610 bona
1364 1578 1524 1618 reposita
1541 1577 1577 1608 in
1594 1587 1712 1608 annos

400 1623 534 1655 multos
550 1633 557 1660 ;
578 1623 770 1664 requiesce,
785 1623 861 1661 ede,
878 1623 960 1654 bibe
971 1622 990 1634 '⁷
1007 1622 1078 1663 (xii.
1095 1622 1147 1663 19)
1161 1632 1168 1661 ;

228 1699 347 1753 apud
373 1699 580 1747 eundem,

296 1774 362 1805 “Si
379 1774 508 1805 dixerit
524 1783 648 1805 servus
662 1773 768 1805 corde
785 1783 860 1811 suo,
880 1773 1045 1804 Moratur
1063 1773 1241 1805 Dominus
1260 1773 1392 1811 venire,
1410 1779 1445 1804 et
1461 1773 1618 1813 coeperit
1635 1782 1714 1804 ver-

401 1818 525 1849 berare
542 1827 681 1849 servos.
696 1842 703 1849 .
717 1842 741 1855 .,
759 1817 875 1855 edere,
895 1818 1026 1855 bibere,
1043 1817 1213 1848 inebriari
1222 1842 1317 1849 .....
1327 1817 1345 1828 ”
1362 1817 1433 1856 (xii.
1450 1816 1527 1855 45):

228 1914 326 1950 tum
348 1921 427 1961 per
446 1908 865 1948 “comessationem
876 1907 895 1922 ’‘
918 1914 964 1948 et
986 1907 1335 1957 “ebrietatem,’‘
1357 1908 1475 1962 apud
1502 1908 1711 1956 eundem,

293 1997 399 2039 Jesus
416 1997 516 2034 dixit,
537 1998 558 2011 ‘⁸
570 1997 704 2028 Cavete
721 1997 835 2035 vobis,
854 2007 898 2028 ne
914 2003 1110 2038 graventur
1129 1998 1238 2029 corda
1255 2004 1375 2029 vestra
1394 1998 1660 2029 comessatione
1678 2004 1715 2029 et

403 2042 575 2072 ebrietate
588 2040 606 2051 ’¹
630 2041 713 2080 (xxi.
728 2043 801 2079 34):

229 2133 418 2180 apparet
445 2127 562 2167 sicut
590 2141 668 2180 per
697 2126 867 2167 “edere
899 2132 945 2167 et
976 2126 1168 2174 bibere,”
1194 2133 1240 2167 et
1272 2141 1350 2180 per
1379 2128 1714 2167 “comessatio-

230 2189 375 2238 nem‚''
401 2187 479 2229 ¹²¹in
506 2189 592 2229 illis
620 2189 729 2230 locis
755 2189 1039 2242 intelligatur
1065 2189 1241 2230 luxuria
1266 2197 1312 2230 et
1344 2191 1712 2242 intemperantia,

231 2252 386 2306 quales
426 2259 530 2292 sunt
567 2252 653 2292 illis
698 2253 772 2305 qui
816 2251 962 2292 solum
1003 2252 1139 2304 genio
1179 2252 1446 2305 indulgent;
1487 2266 1642 2293 verum
1679 2254 1715 2292 is

231 2328 389 2355 sensus
414 2321 483 2355 est
510 2328 667 2355 sensus
694 2314 910 2356 naturalis
937 2314 1147 2355 litteralis
1173 2316 1362 2356 istorum
1388 2316 1641 2364 verborum,
1666 2323 1714 2356 at

231 2390 388 2417 sensus
419 2377 662 2430 spiritualis
694 2377 872 2418 illorum
913 2383 983 2417 est
1016 2379 1304 2431 appropriare
1344 2379 1427 2418 sibi
1458 2378 1628 2419 malum
1668 2386 1714 2419 et

231 2439 420 2490 falsum;
467 2447 516 2481 ut
557 2447 766 2481 constare
811 2447 966 2493 potest
1006 2454 1065 2480 ex
1106 2440 1216 2481 locis
1261 2455 1394 2495 supra
1434 2441 1600 2490 allatis,
1643 2442 1716 2482 ubi

235 2505 261 2522 “
276 2502 408 2543 edere
423 2502 442 2517 ”
460 2509 506 2543 et
532 2503 721 2544 “bibere
734 2502 753 2517 ’¹
772 2503 882 2543 talia
904 2502 1187 2555 significant;
1220 2510 1266 2544 et
1289 2518 1347 2544 ex
1370 2518 1438 2552 eo,
1458 2505 1578 2557 quod
1599 2504 1715 2545 Ver-

232 2564 350 2605 bum'
370 2565 415 2605 in
441 2564 595 2606 littera
626 2566 684 2605 sit
711 2564 931 2613 naturale,
959 2578 1010 2606 ac
1035 2566 1221 2606 interius
1247 2567 1491 2619 spirituale,
1520 2566 1605 2607 hoc
1633 2581 1714 2620 pro

234 2626 422 2680 angelis,
446 2634 492 2668 et
515 2627 623 2668 illud
646 2641 727 2680 pro
749 2627 1017 2668 hominibus.
1064 2628 1246 2670 Praeter
1264 2629 1375 2670 haec
1399 2629 1498 2670 loca
1516 2644 1540 2670 e
1559 2629 1714 2670 Verbo

233 2690 371 2730 etiam
393 2689 600 2742 perplura
618 2689 704 2730 alia
722 2696 912 2743 possunt
930 2690 1105 2739 adduci,
1130 2692 1350 2732 testantia
1372 2698 1418 2732 et
1442 2691 1711 2732 confirman-

233 2752 298 2792 tia
324 2752 443 2804 quod
471 2752 780 2793 “comedere’'
806 2751 1029 2805 significet
1060 2754 1271 2807 recipere,
1300 2755 1527 2807 percipere
1554 2761 1599 2794 et
1633 2768 1712 2807 ap-

234 2814 462 2867 propriare
493 2814 574 2854 sibi
606 2814 716 2855 talia
747 2815 904 2868 quibus
937 2815 1130 2856 nutritur
1155 2817 1328 2866 anima3
1365 2816 1566 2857 “edere'’
1593 2818 1711 2857 enim

235 2876 524 2929 spiritualiter
542 2890 630 2918 non
649 2877 767 2918 aliud
791 2883 860 2918 est
884 2891 1016 2932 quam
1034 2878 1231 2920 imbuere
1254 2885 1454 2920 mentem
1479 2893 1558 2919 suo
1578 2877 1714 2927 victu,
