1962 3334
592 268 699 301 cAP.
722 268 806 309 xl„
827 267 967 300 VERS.
988 249 1138 311 7.÷N.
1158 228 1339 311 650[b].'⁷
1451 300 1457 303 Α
1595 254 1699 297 1681

188 370 195 374 ⁴
218 383 340 439 apud
362 382 573 431 eundem,

328 458 546 491 “Desolatio
561 457 659 490 erit''
674 463 751 489 tota
765 463 872 495 terra,
889 457 958 488 “ut
972 465 1048 490 non
1063 455 1175 488 homo
1190 461 1228 487 et
1238 454 1384 487 bestia”
1400 453 1522 494 (xxxii.
1538 453 1617 494 43);

218 535 339 591 apud
362 535 572 594 eundem,

284 611 517 644 “Percutiam
538 611 762 642 habitatores
783 610 883 641 urbis
905 609 1025 649 hujus,
1049 614 1087 640 et
1107 608 1294 640 hominem
1324 613 1361 639 et
1391 607 1568 645 bestiam;
1601 612 1704 648 peste

127 694 130 695 ⁷
390 665 525 695 magna
540 654 739 686 morientur
747 653 767 666 ”
784 653 869 693 (xxi.
885 653 942 694 6);

116 719 157 755 ’Ξ
215 730 339 786 apud
362 730 572 779 eundem,

98 796 105 805 ¹
120 807 135 816 '⁶
286 806 492 839 “Ascendit
506 805 664 838 contra”
681 806 856 838 Babelem
873 807 991 846 “gens
1006 815 1030 836 a
1044 805 1292 845 septentrione
1307 814 1316 840 ;
1338 804 1427 835 haec
1443 809 1554 844 ponet
1569 809 1703 834 terram

393 850 474 890 ejus
489 850 528 881 in
540 850 814 888 desolationem,
826 855 867 881 ut
882 859 957 880 non
973 849 1022 881 sit
1036 848 1206 880 habitans
1225 848 1263 879 in
1279 857 1345 885 ea;
1368 848 1415 879 ab
1429 847 1578 878 homine
1589 856 1704 888 usque

390 894 439 926 ad
453 894 607 925 bestiam
626 903 666 925 se
681 893 921 931 dimoverant,
937 891 1160 924 abiverunt”
1175 892 1211 931 (l.
1227 892 1282 931 3);

217 970 338 1025 apud
361 969 570 1019 eundem,

284 1045 375 1079 “Ira
391 1056 475 1078 mea
492 1053 530 1078 et
552 1046 854 1078 excandescentia
876 1055 959 1078 mea
981 1045 1099 1077 effusa
1121 1027 1309 1086 est-super
1319 1045 1450 1085 „locum
1472 1044 1580 1085 hunc,
1597 1054 1705 1086 super

384 1090 575 1122 hominem
591 1096 628 1122 et
643 1100 753 1130 super
766 1091 920 1122 bestiam
929 1089 949 1102 ”
964 1088 1039 1129 (vii.
1054 1088 1130 1130 20);

219 1172 339 1228 apud
362 1171 647 1221 Ezechielem,

285 1247 470 1290 “Quando
485 1254 584 1280 terra
600 1248 803 1288 peccaverit
818 1246 938 1285 Mihi„
951 1272 960 1279 .
972 1271 982 1279 .
995 1247 1177 1287 ,frangam
1194 1247 1246 1278 illi
1258 1247 1424 1278 baculum
1437 1247 1552 1287 panis,
1568 1253 1605 1279 et
1622 1247 1705 1279 mit·

392 1298 466 1323 tam
493 1292 531 1323 in
554 1301 635 1323 eam
658 1292 804 1328 famem.
829 1297 866 1323 et
887 1291 1098 1323 exscindam
1118 1301 1164 1322 ex
1185 1300 1231 1322 ea
1254 1290 1439 1322 hominem
1461 1297 1498 1322 et
1519 1290 1674 1322 bestiam
1683 1290 1704 1303 '⁸

389 1335 473 1375 (xiv.
492 1343 543 1374 13.
562 1343 612 1374 17,
627 1335 703 1375 19);

149 1403 154 1413 ⁵
215 1411 336 1466 apud
359 1411 569 1460 eundem,

241 1520 246 1525 >
282 1482 512 1519 “Extendam
535 1496 682 1518 manum
702 1496 821 1518 meam
845 1496 953 1527 super
972 1486 1161 1525 Edomum,
1178 1493 1216 1518 et
1232 1486 1443 1518 exscindam
1462 1496 1507 1518 ex
1526 1496 1571 1518 ea
1587 1486 1700 1518 homi-

275 1533 279 1537 ·
389 1540 473 1562 nem
488 1536 526 1562 et
542 1529 724 1562 boetiam”
739 1530 834 1570 (xxv.
854 1533 930 1570 13);

91 1597 146 1663 ῖῗζ
215 1606 335 1662 apud
358 1607 568 1655 eundem,

282 1681 467 1714 “Perdam
497 1691 644 1714 omnem
673 1682 827 1714 bestiam
837 1681 857 1695 ''
877 1682 1034 1723 Aegypti
1061 1683 1244 1723 “desuper
1270 1683 1374 1723 aquis
1401 1683 1535 1720 multis,
1560 1665 1701 1714 utnon

386 1727 507 1808 ἓξὲξ.
521 1735 669 1809 {abspes
686 1726 847 1757 hominis
864 1726 1031 1766 amplius,
1051 1736 1118 1757 nec
1136 1726 1274 1767 ungula
1291 1726 1429 1758 bestiae
1452 1727 1572 1757 turbet
1590 1726 1672 1758 illas
1682 1725 1702 1738 '⁹

188 1844 334 1899 'apud
358 1844 567 1894 eundem,

279 1910 560 1999 “Multiplical(>o
574 1927 685 1958 super
702 1917 808 2001 >vobis
822 1917 1008 1949 hominem
1028 1924 1064 1949 et
1082 1918 1238 1950 bestiam
1257 1924 1297 1950 ut
1314 1924 1481 1950 crescant
1499 1924 1536 1950 et
1554 1917 1701 1950 fruetifi-

386 1960 490 1992 cent’
530 1961 648 1992 xxxvi.
662 1969 699 1992 11
727 1970 735 1999 ;

215 2012 336 2096 apud
360 2042 651 2095 Zephaniam,

279 2116 566 2151 “Consumendo
578 2128 791 2150 consumam
809 2119 933 2150 omnia
945 2119 1101 2159 desuper
1112 2118 1272 2151 faciebus
1289 2125 1418 2157 terrae,
1428 2144 1437 2151 .
1450 2144 1459 2151 .
1471 2143 1480 2152 .
1488 2130 1700 2152 consumam

385 2161 571 2192 hominem
587 2168 624 2193 et
638 2162 805 2200 bestiam,
822 2172 1033 2194 consumam
1051 2172 1157 2194 avem
1174 2163 1366 2201 caelorum,
1383 2169 1419 2195 et
1437 2163 1558 2204 pisces
1577 2165 1699 2202 maris,

387 2210 424 2236 et
450 2204 682 2288 offepgicula)
695 2215 777 2236 cum
811 2205 941 2246 impiis,
969 2212 1007 2237 et
1033 2206 1243 2238 exscindam
1270 2207 1456 2238 hominem
1488 2217 1511 2238 a
1536 2207 1699 2240 faciebus

385 2254 502 2280 terrae
561 2258 582 2280 1.
599 2256 630 2286 2,
647 2257 667 2288 3
693 2258 702 2287 ;

101 2356 116 2370 ,
142 2364 150 2369 ,
177 2373 182 2375 ,
211 2330 331 2384 apud
352 2330 629 2380 Sachariam,

278 2405 379 2439 Dixit
393 2407 544 2447 angelus
559 2407 620 2449 qui
637 2408 736 2439 venit
751 2408 798 2439 ad
817 2408 1038 2440 metiendum
1057 2408 1364 2450 Hierosolymam,
1382 2412 1402 2425 ‘⁸
1410 2410 1534 2449 Curre,
1550 2411 1698 2453 loquere

391 2475 400 2483 .
413 2475 422 2482 .
435 2451 614 2489 .dicendo‚
645 2451 823 2483 Suburbia
852 2452 1030 2483 habitabit
1062 2451 1331 2494 Hierosolyma,
1355 2464 1441 2495 prae
1472 2456 1698 2488 multitudine

384 2494 545 2526 hominis
560 2501 597 2526 et
612 2495 808 2526 bestiarum
828 2495 865 2526 in
884 2495 1005 2527 medio
1017 2495 1096 2536 ejus
1106 2495 1126 2508 ’²
1142 2496 1192 2536 (ii.
1210 2505 1240 2536 7,
1258 2498 1277 2528 8
1296 2495 1356 2539 [B.
1372 2499 1419 2530 A.
1432 2507 1462 2537 3.
1478 2496 1552 2540 4]);

201 2569 331 2624 ,apud
356 2570 564 2619 eundem,

277 2645 526 2677 “Consorteut
552 2656 592 2678 se
619 2656 749 2678 manus
773 2653 942 2684 vestrae..
956 2672 964 2679 .
977 2672 986 2679 .
999 2648 1099 2688 ,quia
1121 2649 1295 2689 templum
1319 2650 1587 2687 aedificabitur:
1612 2661 1696 2683 nam

384 2695 470 2720 aute
486 2689 565 2721 dies
583 2690 650 2721 hos
668 2700 741 2721 non
759 2690 826 2722 fuit
845 2691 998 2730 pretium
1015 2691 1174 2724 hominis
1193 2702 1260 2724 nec
1278 2694 1432 2733 pretium
1449 2695 1598 2733 bestiae,
1613 2705 1697 2726 nam

384 2734 529 2764 exeunti
541 2740 578 2764 et
596 2733 746 2765 intranti
763 2743 836 2765 non
853 2744 924 2774 pax
941 2735 987 2766 ab
1002 2735 1107 2766 hoste
1118 2734 1137 2747 ”
1153 2735 1239 2774 (viii.
1256 2746 1287 2776 9,
1307 2738 1380 2776 1o):

146 2845 154 2851 ”
211 2831 258 2872 in
280 2831 351 2873 his
375 2831 487 2873 locis
509 2846 589 2885 per
615 2830 953 2874 “1¹¹hominem”
978 2833 1256 2887 significatur
1280 2836 1467 2877 interius
1492 2850 1571 2877 seu
1603 2838 1694 2890 spi·

211 2894 386 2944 rituale,
413 2901 460 2936 et
491 2909 570 2949 per
596 2896 859 2937 “bestiam’'
884 2897 1085 2938 exterius
1115 2911 1194 2939 seu
1225 2899 1461 2951 naturale;
1502 2900 1692 2954 proinde
