1962 3334
278 275 293 304 1
303 264 386 318 894
690 272 1021 306 APOCALYPSIS
1053 273 1353 305 EXPLICATA.

271 386 386 427 sicut
419 385 508 426 sint
541 399 599 426 ex
633 384 725 433 illo,
754 391 939 438 propter
965 384 1088 426 illam
1116 386 1427 439 apparentiam
1461 385 1596 426 debet
1624 384 1762 426 homo

270 449 472 501 cogitare
497 455 542 488 et
569 448 686 489 velle
713 448 790 488 illa
817 449 932 488 sicut
961 462 985 487 a
1013 462 1074 496 se,
1099 449 1179 488 sed
1206 462 1344 501 usque
1371 461 1619 500 agnoscere
1642 449 1762 501 quod

268 511 358 551 sint
395 525 454 551 ex
493 511 717 561 Domino;
767 510 899 551 aliter
936 511 1045 551 nihil
1082 512 1174 551 veri
1215 518 1261 551 et
1304 511 1422 559 boni,
1462 525 1539 552 seu
1575 510 1678 551 fidei
1715 517 1762 552 et

268 574 445 620 amoris,
475 579 630 626 potest
657 574 932 626 appropriari
960 573 1155 614 homini:
1190 575 1262 627 qui
1293 574 1484 614 remittit
1512 586 1685 622 manus,
1715 582 1761 614 et

267 634 506 688 exspectat
533 636 765 684 influxum,
794 637 830 676 is
862 636 971 676 nihil
1004 637 1188 689 recipit;
1228 643 1274 677 et
1307 651 1361 677 eo
1394 636 1517 676 nulla
1548 642 1618 677 est
1650 649 1759 676 con-

262 697 434 751 junctio
467 699 697 752 reciproca
729 712 830 739 cum
864 699 1088 749 Domino;
1127 700 1232 740 inde
1265 713 1355 740 non
1388 705 1458 740 est
1490 700 1534 739 in
1565 699 1758 739 foedere.

268 760 402 813 Quod
425 762 488 802 ita
510 763 581 809 sit,
603 761 722 802 clare
746 768 900 815 potest
921 769 1133 803 constare
1154 777 1212 803 ex
1237 777 1305 810 eo,
1328 762 1447 815 quod
1473 762 1693 802 Dominus
1715 762 1759 802 in

266 823 422 864 Verbo
449 824 572 865 mille
598 825 642 864 in
670 824 780 865 locis
808 825 976 865 dixerit
1016 825 1136 878 quod
1163 825 1330 866 sacient
1354 825 1537 873 bonum,
1566 831 1612 865 et
1639 825 1758 878 quod

266 899 355 926 non
382 887 546 927 facient
574 887 768 937 malum;
804 901 918 940 quae
946 901 1231 940 nequaquam
1259 888 1466 936 dixisset,
1492 888 1575 927 nisi
1601 887 1758 928 datum

264 956 386 990 esset
409 949 579 990 homini
601 949 768 1003 aliquid
800 964 858 990 ex
885 964 972 1004 quo
995 950 1141 991 facere
1164 957 1333 1003 potest,
1359 957 1404 991 et
1429 950 1549 1004 quod
1571 950 1614 990 id
1637 950 1757 1004 quod

263 1012 420 1053 datum
443 1018 512 1053 est
535 1013 589 1061 ei,
616 1021 833 1066 appareat
855 1013 895 1053 ei
919 1014 1034 1053 sicut
1059 1026 1200 1061 suum,
1222 1013 1407 1053 tametsi
1430 1026 1519 1053 non
1543 1018 1613 1053 est
1636 1012 1754 1066 ejus:

263 1081 309 1115 et
335 1076 437 1128 quia
463 1076 526 1115 ita
552 1082 636 1124 est,
661 1076 762 1116 ideo
791 1075 1012 1116 Dominus
1036 1076 1099 1116 ita
1123 1075 1319 1129 loquitur
1345 1076 1463 1129 apud
1487 1074 1753 1124 Jolzannem,

327 1164 417 1195 “Sto
437 1165 481 1195 ad
501 1164 656 1204 januam,
677 1171 712 1196 et
733 1165 857 1205 pulso:
887 1165 915 1196 si
941 1165 1019 1206 quis
1039 1165 1212 1196 audiverit
1233 1175 1355 1196 vocem
1377 1175 1503 1203 meam,
1525 1171 1560 1196 et
1578 1165 1757 1205 aperuerit

436 1208 593 1248 januam,
619 1209 797 1248 ingrediar
821 1209 865 1240 ad
890 1209 999 1247 illum,
1020 1215 1055 1240 et
1079 1210 1213 1240 cenabo
1238 1219 1316 1240 cum
1342 1209 1412 1247 ino,
1438 1215 1473 1240 et
1497 1209 1555 1240 ille
1583 1208 1755 1240 Mecum''

436 1253 479 1291 (Α
478 1257 549 1293 poc.
568 1252 612 1283 iii.
631 1254 695 1292 20).

345 1336 427 1391 [b.]
472 1337 608 1390 Quod
634 1338 863 1378 “foedus”
881 1338 1106 1391 significet
1133 1337 1500 1390 conjunctionem
1526 1351 1628 1379 cum
1655 1338 1752 1379 Do-

263 1399 385 1439 mino
413 1413 490 1452 per
515 1400 825 1452 receptionem
853 1399 1001 1440 Divini
1028 1399 1137 1440 Veri
1163 1398 1397 1440 intellectu
1425 1407 1471 1441 et
1497 1401 1750 1450 voluntate,

261 1475 339 1502 seu
365 1462 501 1502 corde
529 1468 574 1502 et
601 1463 765 1510 anima,
790 1462 876 1503 hoc
910 1469 995 1511 est,
1023 1475 1176 1503 amore
1210 1469 1255 1503 et
1288 1462 1389 1510 fide,
1417 1469 1463 1503 et
1495 1463 1615 1516 quod
1642 1476 1751 1503 con-

253 1522 425 1577 junctio
457 1524 534 1565 illa
566 1524 643 1565 fiat
676 1526 919 1578 reciproce,
954 1532 1166 1566 constare
1204 1532 1358 1579 potest
1397 1540 1456 1566 ex
1489 1526 1644 1567 Verbo
1676 1526 1751 1567 ubi

261 1587 454 1628 “foedus
467 1587 484 1602 ”
511 1589 783 1629 nominatur.
848 1588 924 1629 Ex
951 1588 1107 1630 Verbo
1134 1589 1253 1629 enim
1281 1595 1424 1642 patet,

578 1686 606 1711 1.
635 1677 747 1722 Quod
760 1678 847 1722 Ipse
864 1678 1054 1711 Dominus
1071 1678 1226 1712 dicatur
1240 1683 1259 1695 ‘⁴
1270 1679 1309 1712 F
1307 1678 1450 1718 aedas?
1465 1679 1557 1722 quia
1575 1679 1752 1724 conjunc-

729 1726 783 1758 tio
790 1725 845 1768 fit
868 1725 915 1758 ab
939 1726 1028 1769 Ipso
1045 1736 1128 1759 cum
1147 1726 1236 1770 Ipso
1246 1728 1322 1770 per
1338 1726 1529 1759 Divinum
1548 1726 1652 1770 quod
1656 1728 1753 1770 pro-

729 1772 828 1805 cedit
844 1772 891 1805 ab
907 1772 1006 1816 Ipso.

575 1837 606 1863 2.
636 1828 749 1873 Quod
759 1829 952 1861 Divinum
964 1828 1179 1872 procedens,
1196 1829 1298 1872 quod
1311 1832 1364 1862 est
1382 1829 1572 1862 Divinum
1598 1829 1750 1870 Verum,

728 1876 787 1908 ita
818 1875 990 1914 Verbum,
1008 1876 1219 1921 sz‘tsoedus,
1240 1877 1333 1920 quia
1352 1876 1455 1910 illud
1466 1877 1678 1921 conjungit.

573 1941 605 1976 3.
635 1931 747 1977 Quod
753 1934 970 1976 praecepta,
980 1932 1152 1977 judicia,
1171 1936 1329 1971 statuta,
1339 1933 1441 1976 filiis
1460 1932 1621 1966 Israelis
1640 1943 1750 1967 man-

724 1979 829 2017 data,
837 1979 1001 2024 suerint
1019 1979 1099 2012 illis
1106 1980 1258 2025 foedus,
1277 1981 1369 2023 quia
1380 1982 1456 2024 per
1476 1979 1545 2013 illa
1552 1980 1645 2026 suit
1661 1983 1752 2014 tunc

724 2026 936 2070 conjunc‘lio
953 2037 1037 2060 cum
1058 2027 1231 2060 Domino.

572 2091 606 2124 4.
636 2082 750 2127 Quod
754 2084 960 2127 praeterea
975 2083 1161 2127 quicquid
1170 2080 1372 2128 conjungit
1385 2083 1524 2117 dz'flum
1538 2083 1749 2129 sitfoedus.

256 2188 390 2243 Quod
424 2190 618 2230 Primum
650 2190 834 2238 attinet,
872 2189 1002 2240 Quod
1026 2190 1130 2242 Ipse
1158 2189 1374 2230 Dominus
1405 2189 1580 2230 dicatur
1602 2188 1746 2229 “Foe-

253 2253 375 2302 dus‚”
398 2253 501 2306 quia
522 2253 759 2306 conjune‘lz'o
768 2252 833 2306 fit
853 2253 907 2293 ab
929 2253 1034 2305 Ipso
1055 2267 1150 2293 cum
1171 2253 1276 2305 Ipso
1292 2259 1377 2304 per
1396 2252 1611 2292 Divinum
1632 2251 1752 2305 quod

246 2317 447 2369 procedit
470 2316 525 2356 ab
547 2316 665 2368 Ipso,
695 2322 880 2357 constat
908 2330 966 2356 ex
993 2315 1062 2356 his
1089 2315 1205 2356 locis
1223 2315 1432 2368 :—Apud
1458 2314 1661 2364 Esaiam,

319 2405 337 2418 “
348 2404 519 2446 Jehovah,
535 2405 658 2436 vocavi
673 2405 723 2436 Te
738 2405 773 2436 in
787 2404 933 2444 justitia,
945 2410 981 2435 et
994 2404 1258 2444 apprehendam
1274 2414 1418 2435 manum
1433 2410 1528 2435 tuam
1543 2410 1578 2435 et
1591 2403 1746 2435 custodi-

426 2458 482 2479 am
502 2448 562 2486 Te,
578 2454 613 2479 et
629 2449 722 2480 dabo
740 2449 791 2480 Te
809 2448 844 2479 in
863 2448 988 2479 foedus
1007 2448 1136 2488 populi,
1151 2454 1186 2479 et
1203 2448 1238 2478 in
1256 2448 1369 2478 lucem
1387 2448 1547 2487 gentium
1559 2447 1576 2459 ’'
1590 2447 1676 2487 (xlii.
1690 2448 1742 2487 6):

250 2529 363 2571 haec
397 2530 453 2570 de
487 2529 699 2579 Domino,
734 2531 807 2584 qui
842 2530 1064 2571 “Foedus
1101 2530 1252 2583 populi
1289 2536 1335 2570 et
1372 2530 1475 2570 Lux
1507 2529 1744 2583 gentium”

249 2599 452 2641 vocatur,
487 2607 546 2634 ex
585 2608 653 2642 eo,
688 2594 809 2647 quod
843 2594 1070 2634 “foedus”
1103 2593 1327 2646 significet
1360 2592 1739 2645 conjunctionem,

250 2662 297 2697 et
338 2655 486 2696 “lux”
520 2656 733 2696 Divinum
772 2656 970 2707 Verum3
1015 2670 1092 2709 per
1132 2656 1391 2710 “populos'‘
1427 2656 1743 2709 intelliguntur

249 2717 324 2770 qui
348 2717 392 2756 in
414 2717 532 2757 veris
558 2723 678 2766 sunt,
703 2723 749 2757 et
776 2731 855 2770 per
880 2717 1116 2770 “gentes'’
1138 2718 1211 2770 qui
1237 2718 1279 2757 in
1306 2717 1437 2756 bonis
1464 2727 1622 2764 (videatur
1635 2736 1741 2765 supra,

248 2796 279 2816 n.
307 2786 395 2829 175,
418 2788 510 2828 331,
530 2776 657 2829 625);
702 2781 904 2817 “vocare
938 2778 1092 2830 Ipsum
1124 2777 1167 2817 in
1193 2776 1403 2829 justitia‘’
1435 2776 1658 2830 significat
1690 2783 1739 2817 ut

245 2838 466 2891 justitiam
489 2838 623 2879 faciat
651 2839 903 2891 separando
930 2838 1074 2879 malos
1101 2853 1126 2878 a
1152 2839 1294 2886 bonis,
1321 2845 1366 2879 et
1392 2838 1475 2879 hos
1502 2838 1736 2887 salvando,

249 2900 351 2942 illos
374 2907 525 2942 autem
550 2902 925 2953 condemnand03
961 2901 1340 2955 “apprehendere
1364 2915 1544 2942 manum
1567 2908 1613 2943 et
1636 2915 1737 2942 cus-
