1962 3334
642 273 749 307 CAP.
772 273 855 314 1x.,
877 271 1015 305 VERS.
1038 269 1186 315 7.-Ν.
1212 270 1231 314 5
1239 229 1312 314 54..
1442 288 1451 293 ,
1606 256 1711 310 1383

231 389 386 439 tuales,
423 394 606 430 constat
649 401 711 428 ex
756 384 1083 439 significatione
1130 379 1415 429 “facierum,'’
1459 378 1579 433 quod
1623 377 1713 418 sint

230 452 446 493 interiora
469 463 585 503 quae
609 448 775 489 mentis
795 454 843 488 et
863 445 1115 487 affefflonis
1131 449 1237 484 sunt
1260 453 1315 491 (de
1337 461 1403 489 qua
1419 460 1525 489 supra,
1538 459 1570 480 n.
1583 450 1684 490 412)
1702 453 1711 489 ;

230 519 279 554 et
307 527 368 553 ex
392 510 718 564 significatione
745 506 1014 556 “hominis,’·
1038 505 1159 560 quod
1183 505 1241 546 sit
1266 501 1443 545 affectio
1466 502 1560 543 veri
1584 501 1713 554 spiri·

230 574 383 623 tualis,
408 579 456 613 et
485 573 591 614 inde
619 570 929 623 intelligentia
957 574 1005 609 et
1034 566 1259 620 sapientia
1283 577 1339 613 (de
1360 584 1427 612 qua
1447 574 1542 603 etiam
1561 581 1714 610 supra,n.

230 634 355 682 280):
396 639 443 674 et
478 634 582 686 quia
616 632 754 672 facies
788 635 895 670 sunt
930 628 1030 681 typi
1064 627 1328 667 interiorum
1364 622 1576 670 hominis,
1607 621 1712 661 inde

229 708 310 748 per
341 695 543 737 “facies’'
578 692 720 735 simile
755 690 1031 745 significatur
1065 688 1186 743 quod
1223 701 1301 740 per
1336 687 1457 738 ipsos
1492 685 1711 732 homines,

231 770 393 811 nempe
428 756 687 799 affectiones
726 755 848 804 veri;
888 754 959 795 hic
995 759 1149 793 autem
1189 750 1309 804 quod
1345 754 1596 802 appareant
1631 747 1714 787 sibi

229 820 346 861 sicut
363 819 620 862 affectiones
640 819 747 867 veri,
765 824 813 859 et
834 816 938 858 inde
955 815 1267 867 intelligentes
1284 818 1329 853 et
1351 812 1594 865 sapientes,
1611 810 1714 863 quia

230 882 392 924 dicitur
412 883 468 924 de
490 882 675 924 locustis
696 880 816 935 quod
837 879 1013 920 illarum
1034 878 1167 918 facies
1188 876 1308 917 visae
1331 875 1421 915 sint
1444 873 1627 914 “sicut”
1648 872 1713 914 fa·

230 945 320 986 cies
350 946 592 986 hominum.
653 944 788 998 Quod
823 942 903 984 tali
933 942 1044 983 facie
1074 939 1362 993 apparuerint
1394 937 1713 985 locustae,·est

230 1021 290 1048 ex
321 1007 423 1050 forti
454 1008 712 1062 persuasivo
741 1008 786 1048 in
816 1019 905 1059 quo
935 1011 1040 1046 sunt
1070 1002 1299 1044 sensuales
1330 1001 1535 1042 homines
1564 1000 1638 1053 qui
1668 1000 1713 1040 in

229 1069 350 1111 falsis
370 1085 430 1112 ex
452 1071 571 1112 malo
592 1077 710 1119 sunt,
728 1070 802 1123 qui
823 1082 902 1122 per
919 1071 944 1089 “
958 1067 1155 1108 locustas
1165 1066 1184 1081 ‘’
1205 1064 1511 1118 significantur
1528 1077 1538 1113 ;
1569 1064 1714 1116 ipsum

229 1135 532 1186 persuasivum
557 1134 675 1175 sistit
706 1132 845 1174 talem
870 1130 1192 1184 apparentiam,
1220 1128 1299 1168 sed
1326 1127 1463 1168 modo
1488 1139 1639 1168 coram
1665 1140 1713 1168 se

229 1196 335 1248 ipsis
365 1203 412 1238 et
443 1210 594 1238 coram
625 1196 723 1237 aliis
753 1195 826 1249 qui
855 1195 993 1235 etiam
1023 1194 1068 1234 in
1098 1191 1220 1232 salsis
1246 1205 1306 1231 ex
1332 1190 1452 1231 malo
1477 1196 1596 1239 sunt,
1623 1203 1714 1231 non

229 1265 380 1300 autem
401 1272 552 1300 coram
574 1258 747 1312 angelis
768 1257 883 1299 caeli
901 1270 910 1307 ;
942 1269 1077 1297 causa
1097 1261 1167 1296 est
1188 1254 1290 1307 quia
1310 1254 1355 1294 hi
1376 1253 1527 1306 angeli
1548 1254 1592 1294 in
1615 1253 1713 1294 luce

229 1321 342 1362 caeli
371 1329 490 1371 sunt,
517 1328 564 1363 et
594 1321 802 1375 quicquid
827 1319 984 1360 vident
1009 1332 1069 1359 ex
1099 1317 1176 1358 illa
1206 1317 1304 1358 luce
1335 1316 1520 1366 vident;
1556 1323 1603 1357 et
1634 1316 1714 1357 lux

229 1384 356 1433 caeli,
378 1385 479 1438 quia
500 1391 570 1426 est
588 1384 798 1425 Divinum
816 1382 1002 1430 Verum,
1020 1381 1207 1433 dissipat
1226 1393 1359 1420 omne
1377 1379 1714 1432 phantasticum

228 1447 348 1501 quod
378 1461 438 1489 ex
469 1448 739 1500 persuasivo.
799 1445 933 1499 Quod
964 1444 1195 1486 sensuales
1225 1444 1430 1484 homines
1461 1443 1543 1483 sibi
1573 1456 1713 1496 appa-

228 1516 356 1551 reant
377 1509 506 1558 tales,
522 1517 593 1551 est
614 1510 716 1564 quia
736 1507 965 1550 sensuales
981 1508 1185 1548 homines
1202 1506 1474 1559 persuadent
1494 1506 1576 1546 sibi
1593 1506 1714 1559 quod

227 1572 273 1613 in
297 1573 413 1614 veris
443 1586 502 1614 ex
533 1573 653 1614 bono
678 1573 768 1614 sint
794 1585 901 1625 prae
925 1571 1036 1619 aliis,
1063 1570 1247 1611 tametsi
1278 1570 1321 1609 in
1352 1569 1472 1609 falsis
1503 1583 1563 1609 ex
1594 1568 1714 1610 malo

229 1641 359 1686 sunt;
391 1649 480 1676 non
497 1636 614 1676 enim
633 1641 820 1688 possunt
838 1635 1022 1675 interius
1043 1647 1103 1674 ex
1121 1632 1248 1674 caelo
1265 1632 1428 1685 aliquid
1448 1632 1712 1684 perspicere,

229 1697 309 1738 sed
334 1698 478 1739 solum
503 1699 702 1739 exterius
727 1712 787 1739 ex
813 1697 1008 1747 mundo;
1044 1703 1091 1737 et
1122 1696 1196 1749 qui
1222 1695 1366 1735 solum
1392 1709 1451 1735 ex
1478 1694 1659 1742 mundo,
1686 1695 1714 1735 ii

228 1759 375 1801 solum
410 1774 470 1801 ex
506 1760 629 1801 fatuo
660 1761 825 1801 lumine
855 1760 1026 1807 vident,
1057 1772 1117 1799 ex
1155 1771 1242 1811 quo
1274 1764 1436 1810 putant
1467 1771 1514 1798 se
1545 1757 1713 1799 intelli-

228 1829 392 1875 gentes
422 1830 470 1865 et
500 1824 727 1876 sapientes
752 1837 849 1864 esse
876 1836 980 1875 prae
1011 1821 1135 1870 aliis;
1172 1834 1262 1861 non
1294 1820 1411 1860 enim
1437 1821 1583 1861 sciunt
1608 1820 1713 1874 quid

228 1885 530 1939 intelligentia
558 1893 606 1927 et
638 1886 872 1939 sapientia,
898 1891 946 1926 et
976 1884 1093 1924 unde
1124 1883 1212 1923 illa.
1273 1883 1348 1923 Ex
1379 1883 1463 1923 hac
1495 1881 1581 1923 fide
1612 1896 1713 1935 per-

228 1949 405 1990 suasiva
439 1956 509 1991 est
545 1950 668 2003 quod
705 1949 892 1990 credant
928 1962 976 1988 se
1011 1948 1056 1988 in
1096 1945 1331 1987 affectione
1368 1946 1461 1987 veri
1496 1945 1713 1998 spirituali

228 2024 353 2052 esse:
390 2011 475 2053 hoc
506 2013 656 2066 itaque
692 2018 764 2053 est
798 2011 918 2065 quod
954 2009 1229 2063 significatur
1265 2023 1343 2062 per
1385 2009 1504 2062 quod
1542 2009 1714 2050 “facies

228 2073 503 2116 locustarum
529 2076 650 2116 visae
674 2081 827 2116 essent
853 2075 967 2115 sicut
992 2074 1126 2114 facies
1148 2072 1417 2114 hominum.”
1475 2071 1567 2113 Sed
1596 2072 1708 2113 haec

228 2135 494 2178 illustranda
511 2145 615 2178 sunt
636 2151 715 2191 per
731 2137 1059 2190 experientiam
1080 2150 1105 2177 e
1122 2136 1291 2176 mundo
1309 2134 1539 2188 spirituali.
1600 2133 1711 2175 Om-

230 2212 310 2240 nes
334 2200 408 2253 qui
432 2201 476 2241 in
502 2201 638 2242 caelis
659 2207 778 2248 sunt,
805 2200 1010 2241 homines
1034 2205 1139 2239 sunt
1162 2198 1310 2252 quoad
1335 2198 1468 2239 facies
1494 2204 1542 2239 et
1563 2197 1711 2251 quoad

229 2261 398 2316 reliqua
421 2264 644 2316 corporis;
681 2270 785 2304 sunt
811 2263 930 2304 enim
961 2263 1004 2303 in
1030 2260 1264 2303 affeetione
1289 2262 1382 2302 veri
1408 2261 1639 2314 spirituali,
1665 2267 1713 2301 et

228 2324 325 2377 ipsa
358 2324 534 2367 affectio
564 2327 656 2367 veri
691 2325 933 2379 spiritualis
964 2332 1035 2366 est
1065 2325 1202 2365 homo
1232 2325 1275 2364 in
1307 2324 1461 2372 forma,
1488 2338 1547 2365 ex
1579 2337 1714 2364 causa

229 2388 332 2441 quia
351 2388 429 2429 illa
449 2387 624 2430 affectio
649 2395 719 2430 est
745 2402 771 2429 a
793 2389 1004 2436 Domino,
1027 2389 1100 2441 qui
1121 2394 1191 2428 est
1214 2387 1334 2428 solus
1358 2386 1524 2434 Homo,
1543 2393 1590 2427 et
1611 2387 1713 2440 quia

229 2464 288 2491 ex
312 2451 417 2504 Ipso
437 2452 689 2492 universum
712 2452 886 2492 caelum
907 2451 1135 2503 conspirat
1156 2450 1213 2490 ad
1235 2450 1421 2491 sormam
1443 2450 1684 2490 humanam
1702 2463 1712 2499 ;

229 2513 332 2554 inde
357 2521 428 2555 est
454 2515 572 2568 quod
598 2511 749 2567 angeli
775 2515 864 2555 siut
889 2513 1057 2554 formae
1079 2511 1361 2554 affectionum
1384 2526 1576 2561 suarum,
1599 2525 1711 2566 quae

229 2574 369 2615 etiam
390 2582 613 2628 apparent
634 2590 693 2616 ex
715 2575 912 2616 faciebus
933 2574 1128 2615 illorum.
1177 2585 1255 2622 (Sed
1269 2586 1348 2614 haee
1362 2585 1469 2622 ample
1483 2584 1626 2621 exposita
1640 2589 1714 2613 sunt

228 2643 371 2682 inopere
386 2645 437 2674 De
452 2646 541 2675 Caelo
555 2646 731 2684 etlnferno.
747 2654 778 2675 n.
794 2646 939 2682 59-102.)
986 2634 1039 2674 In
1063 2634 1239 2675 inferno
1263 2641 1432 2681 autem,
1455 2634 1530 2674 ubi
1551 2646 1712 2674 omnes

230 2701 333 2735 sunt
365 2697 544 2736 externi
578 2703 625 2737 et
661 2695 905 2743 sensuales,
940 2696 1042 2748 quia
1075 2696 1120 2736 in
1156 2695 1275 2736 falsis
1311 2710 1370 2736 ex
1404 2695 1537 2741 malo,
1572 2708 1711 2747 appa·

230 2764 331 2799 rent
355 2759 491 2800 etiam
513 2759 594 2799 sibi
615 2759 728 2800 sicut
750 2759 964 2806 homines,
983 2758 1120 2799 etiam
1137 2759 1284 2811 quoad
1307 2758 1454 2805 facies,
1472 2758 1552 2799 sed
1575 2758 1711 2798 modo

231 2821 347 2862 inter
367 2835 495 2862 suos:
527 2828 574 2863 at
595 2822 776 2875 quando
798 2821 1130 2873 conspiciuntur
1151 2822 1194 2862 in
1221 2821 1318 2862 luce
1341 2821 1467 2868 caeli,
1490 2827 1711 2873 apparent

234 2884 348 2925 sicut
379 2890 593 2934 monstra,
626 2884 734 2925 facie
767 2884 876 2933 dira,
908 2890 954 2924 et
986 2884 1253 2938 quandoque
1286 2884 1387 2925 Ioco
1418 2884 1544 2925 faciei
1575 2883 1712 2924 modo
