1962 3334
253 268 360 322 1694
661 279 993 313 APOCALYPSIS
1026 282 1325 315 EXPLICATA.

246 404 344 430 sum
371 389 558 440 habent,
586 392 649 433 ita
676 407 852 446 quoque
882 394 1097 435 “bestia’‘
1124 401 1169 436 et
1201 396 1329 436 “fera
1347 395 1381 446 ;”
1418 396 1462 436 in
1490 409 1577 450 quo
1604 410 1737 438 sensu

249 453 491 495 “bestiae’'
517 455 775 507 significant
803 455 1063 498 affectiones
1097 458 1254 506 malas,
1283 460 1397 512 q'uae
1430 466 1534 500 sunt
1567 460 1737 512 cupidi-

245 522 368 558 tates
395 517 681 559 adulterandi
709 525 754 559 et
779 519 1041 561 destruendi
1068 521 1186 561 bona
1209 521 1442 570 ecclesiae,
1471 528 1516 562 et
1547 525 1572 542 ‘⁴
1589 522 1738 562 ferac''

245 580 502 633 significant
540 582 813 634 cupiditates
850 582 1115 623 falsificandi
1154 591 1200 624 et
1240 585 1301 624 sic
1336 585 1600 625 destruendi
1633 598 1739 625 vera

245 643 476 684 ecclesiae.
531 644 582 684 In
601 644 686 685 hoc
706 658 839 685 sensu
858 647 1148 687 nominantur
1166 651 1189 666 ‘⁶
1203 647 1377 687 bestiae
1390 647 1408 661 ”
1424 654 1468 688 et
1489 647 1675 688 “serae''
1692 648 1735 687 in

245 706 538 760 sequentibus
566 706 676 747 locis
693 707 903 761 :-—Apud
929 708 1214 758 Ezechielem,

314 812 333 826 “
349 811 523 843 Excitabo
548 822 656 853 super
677 813 758 845 illos
781 813 968 845 Pastorem
990 824 1110 852 unum,
1132 815 1191 854 qui
1212 820 1335 854 pascet
1355 825 1427 852 eos,
1449 815 1597 846 Servum
1619 825 1738 847 meum

421 856 624 894 Davidem,
652 856 721 888 Hic
746 858 813 888 erit
838 858 880 888 iis
902 858 938 888 in
962 858 1148 889 Pastorem
1162 869 1186 889 z.
1201 882 1208 889 .
1223 882 1230 889 .
1245 864 1345 889 ,tunc
1366 859 1528 889 excidam
1549 859 1591 890 iis
1612 859 1738 890 foedus

419 900 528 940 pacis,
550 907 585 931 et
609 910 750 931 cessare
770 901 900 932 faciam
922 901 1036 932 feram
1059 902 1193 932 malam
1215 911 1233 932 e
1255 907 1358 939 terra,
1381 908 1418 933 ut
1437 902 1600 934 habitent
1624 903 1659 933 in
1680 903 1740 934 de-

419 950 518 975 serto
542 944 776 982 confidenter,
802 951 837 976 et
862 943 1045 976 dormiant
1074 945 1111 975 in
1141 945 1241 976 silvis
1257 955 1280 981 ;.
1295 970 1302 977 .
1317 970 1324 977 .
1339 956 1428 977 ,non
1454 953 1559 977 erunt
1582 947 1737 986 amplius

420 988 554 1027 praeda
570 988 750 1027 gentibus,
769 994 804 1019 et
824 988 901 1019 fera
918 995 1033 1019 terrae
1054 998 1127 1019 non
1145 988 1334 1020 devorabit
1352 999 1423 1027 eos,
1442 990 1504 1021 sed
1523 990 1739 1021 habitabunt

419 1031 649 1070 confidenter,
669 1041 742 1062 non
760 1032 995 1063 terrefaciens
1009 1032 1026 1043 ”
1046 1032 1178 1069 (xxxiv.
1198 1040 1248 1071 23,
1267 1040 1318 1071 25,
1336 1033 1411 1072 28):

243 1136 355 1177 haec
379 1136 435 1177 de
457 1136 658 1176 adventu
682 1136 880 1184 Domini,
901 1142 946 1177 et
970 1136 1026 1177 de
1051 1143 1176 1177 statu
1198 1137 1336 1178 beato
1355 1137 1468 1177 caeli
1491 1143 1536 1178 et
1560 1137 1737 1178 illorum

243 1199 300 1240 ab
326 1199 517 1240 ecclesia
545 1200 617 1252 qui
644 1200 688 1239 in
716 1212 882 1239 novum
910 1199 1086 1240 caelum
1113 1201 1290 1240 venturi
1317 1206 1448 1240 sunt:
1483 1214 1561 1253 per
1586 1204 1610 1220 “
1628 1201 1735 1241 Pas-

242 1268 389 1303 torem
423 1261 610 1303 Servum
645 1262 911 1310 Davidem‚”
938 1276 1072 1316 quem
1098 1262 1305 1315 Jehovah
1333 1263 1571 1311 excitabit,
1600 1264 1735 1305 intel-

243 1325 398 1379 ligitur
429 1325 666 1373 Dominus,
700 1326 772 1379 qui
804 1332 994 1366 vocatur
1023 1325 1256 1366 “Servus’‘
1283 1326 1340 1366 ab
1371 1327 1656 1367 inserviendo
1689 1334 1734 1367 et

243 1387 561 1435 ministrando,
578 1387 664 1427 hoc
689 1394 774 1435 est,
794 1401 901 1427 usus
925 1387 1206 1440 praestando
1231 1398 1705 1441 (videatursupra.n.409[b])
1726 1402 1733 1428 :

242 1462 321 1502 per
361 1449 614 1490 “excidere
651 1449 738 1489 illis
776 1449 932 1489 foedus
970 1449 1124 1502 pacis”
1163 1448 1442 1501 significatur
1479 1448 1736 1502 conjunctio

242 1525 343 1552 cum
377 1512 574 1553 Domino
606 1526 685 1565 per
717 1512 882 1552 Divina
914 1511 1210 1565 procedentia
1241 1512 1298 1551 ab
1331 1512 1451 1565 Ipso,
1485 1526 1599 1565 quae
1631 1520 1735 1554 sunt

241 1575 361 1615 bona
383 1576 548 1616 amoris
575 1582 620 1616 et
648 1589 754 1616 vera
780 1573 1012 1615 do&rinae
1037 1589 1096 1615 ex
1121 1574 1290 1623 Verbo,
1315 1575 1379 1615 ita
1406 1589 1484 1628 per
1506 1575 1734 1616 Verbum:

241 1652 320 1692 per
363 1642 578 1679 “cessare
619 1639 764 1679 facere
805 1638 943 1678 seram
985 1637 1152 1678 malam
1195 1652 1218 1678 e
1264 1637 1416 1678 terra”
1457 1637 1735 1690 significatur

242 1702 362 1755 quod
389 1715 480 1742 non
507 1701 699 1755 amplius
726 1701 828 1742 illos
852 1701 1071 1741 invadent
1099 1707 1144 1741 et
1173 1701 1364 1754 perdent
1388 1701 1663 1754 cupiditates
1690 1708 1735 1741 et

241 1766 637 1818 concupiscentiae
661 1765 832 1805 malae:
868 1779 946 1818 per
969 1764 1213 1804 “habitare
1237 1765 1280 1804 in
1304 1764 1486 1804 deserto
1504 1763 1735 1805 confiden-

242 1835 325 1877 ter,
359 1835 405 1869 et
438 1829 632 1868 dormire
665 1829 708 1868 in
742 1827 907 1876 silvis,”
934 1827 1214 1880 significatur
1246 1827 1366 1880 quod
1398 1828 1485 1867 tuti
1517 1834 1647 1867 erunt
1679 1827 1736 1867 ab

241 1892 533 1932 infestatione
570 1891 761 1939 illarum,
795 1891 982 1931 tametsi
1020 1892 1063 1930 in
1101 1891 1188 1930 illis
1227 1898 1272 1930 et
1310 1891 1428 1930 inter
1464 1889 1565 1930 illas
1602 1897 1734 1939 sunt;

243 1955 546 1996 “desertum'’
572 1961 617 1996 et
649 1954 834 1995 “silva’'
861 1961 966 1995 sunt
1000 1954 1073 1994 ubi
1107 1954 1218 1994 talia
1250 1960 1295 1994 et
1323 1953 1439 1994 tales
1467 1960 1596 1994 sunt:
1639 1952 1737 2007 (per

242 2019 354 2060 haec
382 2018 526 2059 simile
558 2017 830 2070 intelligitur
857 2018 976 2070 quod
1009 2018 1128 2070 apud
1154 2016 1359 2064 Esaiam,
1388 2029 1484 2069 cap.
1513 2017 1573 2056 xi.
1601 2026 1684 2068 7—9
1702 2015 1733 2068 :)

241 2082 453 2135 quoniam
482 2081 756 2134 cupiditates
780 2080 886 2120 mali
913 2087 958 2120 et
986 2080 1083 2120 salsi
1107 2080 1299 2133 perdunt
1327 2079 1558 2119 hominem
1585 2079 1734 2119 eccle-

242 2147 348 2193 siae,
382 2146 485 2186 ideo
517 2145 694 2191 dicitur,
732 2143 878 2184 “Non
917 2150 1047 2184 erunt
1081 2143 1273 2196 amplius
1306 2143 1472 2196 praeda
1507 2143 1733 2195 gentibus,

242 2215 288 2249 et
314 2209 406 2249 fera
437 2208 560 2248 mala
592 2221 682 2248 non
710 2207 946 2248 devorabit
975 2221 1052 2247 eos
1071 2206 1105 2256 ;‘’
1143 2219 1247 2246 nam
1280 2220 1358 2259 per
1383 2205 1616 2258 “gentes''
1643 2206 1735 2258 sig-

242 2271 480 2312 nificantur
512 2271 786 2324 cupiditates
819 2270 939 2319 mali,
973 2277 1019 2310 et
1053 2284 1131 2323 per
1165 2269 1319 2310 “feras
1352 2268 1531 2309 terrae'’
1563 2268 1736 2321 cupidi-

242 2342 364 2376 tates
390 2335 502 2376 falsi.
565 2335 703 2388 Apud
731 2335 991 2383 Jeremz'am,

309 2439 451 2473 “Faeta
469 2447 524 2473 est
544 2442 740 2473 hereditas.
756 2451 854 2473 ,mea
874 2441 967 2472 sicut
988 2441 1044 2471 leo
1066 2442 1102 2471 in
1123 2440 1226 2477 silva,
1248 2439 1359 2471 edidit
1379 2445 1507 2470 contra
1529 2437 1589 2469 Me
1610 2447 1735 2469 vocem

417 2495 531 2523 suam,
552 2486 633 2516 ideo
652 2485 711 2516 odi
730 2495 809 2516 eam
826 2495 832 2522 ;
858 2485 936 2515 avis
952 2484 1097 2515 Zabuah
1115 2484 1310 2515 hereditas.
1325 2508 1332 2514 .
1348 2508 1354 2514 .
1369 2492 1374 2520 ;
1401 2483 1495 2513 circa
1512 2492 1619 2522 quam
1637 2482 1713 2512 avis
1728 2491 1735 2518 ;

424 2554 431 2561 .
446 2535 680 2569 .congregate
699 2538 844 2559 ornnem
866 2529 979 2559 feram
1001 2528 1087 2567 agri,
1105 2527 1226 2558 venite
1244 2527 1289 2558 ad
1307 2526 1590 2564 comedendum;
1616 2531 1737 2566 pasto-

419 2583 478 2604 res
496 2573 598 2604 multi
617 2573 850 2612 perdiderunt
867 2572 1009 2603 vineam
1029 2581 1146 2602 meam
1159 2570 1176 2582 ’⁹
1194 2571 1265 2610 (xii.
1285 2571 1382 2609 8-10)
1398 2581 1403 2601 :

242 2674 354 2714 haec
382 2673 438 2714 de
464 2673 723 2713 vastatione
750 2672 968 2713 ecclesiae
996 2685 1073 2724 per
1098 2670 1210 2711 falsa
1236 2669 1368 2710 mali:
1409 2683 1487 2723 per
1515 2668 1733 2709 “heredi-

243 2735 421 2777 tatem”
453 2734 732 2788 significatur
768 2734 986 2784 ecclesia;
1029 2748 1106 2787 per
1145 2732 1362 2773 “leonem
1400 2747 1423 2773 e
1466 2732 1620 2780 silva,'’
1661 2731 1734 2784 qui

243 2806 405 2840 contra
428 2798 573 2839 Deum
597 2798 737 2838 edidit
757 2811 931 2846 vocem,
952 2796 1230 2850 significatur
1251 2795 1411 2836 salsum
1435 2794 1541 2835 mali
1564 2795 1607 2834 in
1631 2799 1734 2834 toto

244 2861 516 2915 complexu;
563 2862 695 2901 “avis
738 2860 957 2901 Zabuah'’
995 2859 1218 2913 significat
1260 2859 1631 2899 ratiocinationes
1672 2871 1732 2897 ex

244 2925 392 2976 falsis;
439 2924 569 2965 “fera
606 2923 732 2977 agri”
765 2937 878 2977 quae
911 2923 1263 2976 congregabitur
1295 2922 1351 2963 ad
1384 2920 1730 2968 comedendum,
