1962 3334
635 311 741 343 CAP.
767 310 848 350 XL,
871 309 1009 341 VERs.
1039 309 1207 353 19.—N.
1231 298 1391 353 701[c].
1650 308 1750 352 1901

273 422 443 464 Verum
477 421 725 475 spirituale,
766 421 888 474 quod
930 426 1164 473 receptum
1203 419 1312 460 facit
1351 419 1493 459 vitam
1532 418 1756 468 hominis;

270 483 389 524 unde
414 482 463 523 fit
487 480 745 533 conjunctio
769 487 971 521 aeterna.
1030 479 1170 533 Apud
1195 478 1482 527 Ezechielem,

337 569 537 601 “Excitabo
561 577 667 608 super
691 568 771 598 illos
797 567 983 598 Pastorem
1008 577 1118 597 unum
1142 566 1200 607 qui
1225 572 1346 606 pascet
1371 575 1444 603 eos,
1465 565 1614 596 Servum
1639 575 1757 596 meum

446 612 619 643 Davidem
633 622 657 642 z.
672 635 680 642 .
694 635 701 642 .
715 611 809 650 .Ego
836 610 1000 652 Jehovah
1028 620 1089 641 ero
1118 610 1188 641 illis
1217 610 1253 640 in
1283 609 1408 646 Deum,
1437 615 1473 640 et
1501 609 1631 640 Servus
1659 618 1759 639 meus

446 655 560 686 David
578 655 745 694 Princeps
761 655 796 684 in
812 654 928 684 medio
942 663 1065 685 eorum
1080 663 1103 689 ;.
1118 678 1125 685 .
1139 678 1146 684 .
1161 660 1260 684 ‚tune
1273 653 1434 683 excidam
1449 652 1492 683 iis
1508 652 1634 683 foedus
1652 653 1759 691 pacis,

445 708 585 730 cessare
602 698 729 728 faciam
746 698 856 728 feram
876 698 1016 738 malam,
1037 703 1076 727 ut
1092 697 1251 727 habitent
1268 697 1303 727 in
1320 697 1462 727 deserto
1478 695 1708 732 confidenter,
1725 701 1761 726 et

445 742 624 773 dormiant
640 742 675 772 in
693 741 793 772 silvis
807 740 825 751 '’
841 741 974 780 (xxxiv.
992 744 1132 780 23-25):

270 829 382 870 haec
417 829 556 869 etiam
591 827 647 868 de
684 827 910 876 Domino;
955 833 1002 866 et
1038 840 1117 879 per
1154 825 1452 866 “Davidem’'
1486 825 1562 879 qui
1600 831 1758 878 pascet

269 904 362 939 eos,
389 896 435 931 et
465 890 540 943 qui
565 889 779 942 Princeps
805 890 849 928 in
875 889 1025 928 medio
1051 901 1207 928 eorum
1233 889 1333 935 erit,
1362 887 1636 940 intelligitur
1662 887 1758 927 Do-

273 954 419 994 minus
453 952 603 1005 quoad
636 951 851 991 Divinum
883 950 1070 998 Verum,
1102 951 1176 1003 qui
1209 949 1414 991 “Servus
1427 950 1446 964 ''
1476 956 1668 990 vocatur
1701 949 1760 989 ab

270 1016 512 1056 inservire:
553 1013 813 1066 conjunctio
843 1026 944 1054 cum
979 1013 1180 1053 Domino
1215 1027 1295 1066 per
1326 1012 1537 1052 Divinum
1569 1011 1757 1058 Verum,

269 1077 542 1129 intelligitur
578 1090 657 1129 per
690 1075 918 1116 “foedus''
954 1076 1075 1128 quod
1112 1075 1200 1115 illis
1235 1075 1448 1125 excidet;
1490 1075 1533 1115 id
1568 1081 1760 1115 vocatur

271 1139 468 1180 “foedus
490 1140 612 1192 pacis
625 1138 644 1152 ’‘
662 1152 721 1178 ex
743 1152 812 1185 eo,
832 1138 954 1191 quod
976 1138 1148 1178 homini
1170 1151 1250 1190 per
1267 1136 1636 1191 conjunctionem
1658 1149 1759 1177 cum

269 1201 468 1242 Domino
501 1202 560 1241 sit
591 1214 684 1254 pax
714 1201 772 1240 ab
802 1200 1098 1240 infestatione
1125 1200 1232 1240 mali
1262 1206 1308 1240 et
1339 1200 1438 1240 falsi
1469 1214 1528 1240 ex
1556 1200 1757 1241 inferno:

269 1265 372 1304 ideo
393 1264 534 1304 etiam
555 1263 732 1311 dicitur,
755 1262 989 1303 “Cessare
1010 1262 1172 1303 faciam
1194 1262 1333 1303 seram
1356 1263 1539 1311 malam,
1559 1270 1608 1303 ut
1630 1263 1758 1304 habi-

270 1332 373 1367 tent
409 1327 454 1366 in
489 1326 673 1365 deserto
709 1325 1007 1373 confidenter,
1040 1331 1086 1366 et
1123 1325 1352 1366 dormiant
1382 1326 1427 1366 in
1461 1326 1586 1366 silvis
1607 1326 1641 1376 ;'‘
1681 1341 1761 1380 per

272 1388 450 1429 “feram
476 1387 677 1428 malam”
702 1387 979 1440 intelligitur
1003 1387 1167 1428 falsum
1198 1395 1245 1428 et
1277 1388 1446 1428 malum
1476 1402 1536 1428 ex
1567 1389 1757 1435 inferno,

270 1443 318 1492 et
352 1464 432 1503 per
469 1450 715 1490 “habitare
754 1451 797 1490 in
833 1451 1018 1490 deserto
1054 1450 1354 1498 confidenter,
1392 1458 1438 1491 et
1478 1451 1675 1492 dormire
1714 1453 1758 1492 in

271 1512 436 1561 silvis,”
466 1512 745 1565 significatur
775 1513 896 1565 quod
933 1513 1020 1552 tuti
1055 1519 1187 1553 erunt
1223 1513 1281 1553 ab
1312 1513 1435 1553 omni
1465 1513 1759 1554 infestatione

268 1574 450 1615 illorum
475 1576 633 1615 ubivis.
692 1575 832 1627 Apud
857 1575 1069 1622 eundem,

335 1663 354 1676 ⁴⁸
363 1661 493 1693 Servus
505 1671 604 1693 meus
618 1661 734 1692 David
747 1662 814 1692 erit
828 1661 904 1692 Rex
919 1671 1025 1701 super
1038 1662 1127 1699 illos,
1138 1668 1176 1693 ut
1189 1662 1315 1693 Pastor
1325 1673 1417 1693 unus
1430 1663 1476 1694 sit
1487 1664 1653 1694 omnibus
1666 1664 1736 1696 illis
1750 1674 1759 1701 ;

448 1729 456 1736 .
470 1730 478 1736 .
492 1730 499 1736 .
514 1712 564 1736 ,et
576 1714 731 1745 pangam
745 1705 813 1736 illis
827 1705 953 1736 foedus
967 1705 1074 1745 pacis,
1088 1705 1214 1736 foedus
1227 1706 1449 1737 aeternitatis
1460 1707 1526 1737 erit
1540 1716 1618 1737 cum
1633 1708 1713 1745 illis,
1724 1714 1760 1739 et

442 1749 536 1779 dabo
556 1749 645 1785 illos,
665 1755 700 1778 et
720 1749 963 1788 multiplicabo
983 1749 1087 1785 illos:
1115 1756 1150 1779 et
1170 1759 1299 1788 ponam
1321 1748 1562 1780 sanctuarium
1584 1761 1701 1782 meum
1722 1751 1758 1781 in

443 1792 560 1822 medio
574 1792 713 1822 illorum
731 1792 766 1822 in
785 1799 979 1829 aeternum,
994 1799 1029 1822 et
1045 1792 1283 1823 habitaculum
1299 1802 1416 1823 meum
1430 1794 1524 1832 apud
1542 1794 1632 1831 illos,
1647 1801 1682 1825 et
1698 1804 1760 1826 ero

443 1835 512 1866 illis
531 1835 566 1865 in
590 1835 714 1872 Deum,
735 1842 771 1866 et
790 1842 892 1866 erunt
915 1835 1003 1866 Mihi
1024 1835 1059 1866 in
1080 1836 1248 1875 populum
1263 1835 1280 1847 ’'
1297 1837 1440 1875 (xxxvii.
1459 1845 1509 1875 24,
1528 1837 1579 1874 26,
1598 1839 1671 1876 27):

270 1922 409 1962 etiam
431 1921 502 1961 hic
529 1934 607 1973 per
631 1925 656 1941 ‘⁴
671 1920 930 1960 Davidem‘’
952 1921 1225 1974 intelligitur
1247 1922 1485 1970 Dominus,
1509 1936 1615 1963 nam
1637 1924 1758 1977 quod

272 1997 364 2024 non
382 1983 530 2023 David
549 1990 765 2023 venturus
782 1984 854 2031 sit,
874 1984 948 2036 qui
965 1984 1050 2023 erit
1068 1997 1150 2023 rex
1168 1991 1214 2024 et
1232 1991 1390 2037 pastor
1406 1999 1576 2034 eorum,
1597 1993 1727 2039 patet
1747 2001 1758 2036 3

271 2045 352 2086 sed
384 2045 606 2086 Dominus
634 2045 780 2085 “Rex
796 2045 815 2059 ''
840 2052 1031 2086 vocatur
1061 2060 1121 2086 ex
1154 2046 1320 2087 Divino
1352 2046 1488 2096 Vero,
1521 2048 1606 2088 hoc
1638 2051 1759 2090 enim

270 2113 342 2148 est
376 2108 551 2160 regium
585 2107 782 2155 Domini,
815 2121 866 2147 ac
899 2108 1114 2148 Divinum
1149 2108 1325 2149 Bonum
1362 2116 1433 2150 est
1468 2112 1759 2153 sacerdotale

272 2169 445 2222 Ipsius;
486 2176 532 2210 et
568 2169 791 2210 Dominus
825 2170 1058 2211 “Pastor”
1089 2178 1295 2219 vocatur,
1327 2173 1432 2225 quia
1466 2180 1625 2225 pascet
1655 2175 1759 2215 illos

271 2231 438 2272 Divino
464 2231 602 2279 Vero,
626 2237 673 2272 et
699 2245 778 2284 per
807 2232 851 2271 id
878 2232 1016 2272 ducet
1042 2233 1099 2272 ad
1125 2234 1295 2273 bonum
1322 2235 1504 2281 amoris.
1531 2241 1578 2276 et
1608 2237 1670 2277 sic
1702 2237 1759 2277 ad

271 2292 356 2344 Se;
392 2300 439 2334 et
463 2295 567 2347 quia
592 2294 696 2334 inde
722 2294 996 2346 conjunctio,
1024 2295 1188 2335 dicitur
1216 2296 1462 2349 “Pangam
1488 2297 1576 2338 illis
1602 2298 1760 2339 foedus

271 2356 409 2408 pacis,
435 2355 593 2396 foedus
618 2357 908 2396 aeternitatis
927 2357 960 2406 ;”
991 2358 1096 2410 quid
1123 2358 1348 2410 significat
1374 2359 1569 2400 “foedus
1595 2362 1760 2413 pacis,'’

271 2430 381 2458 mox
411 2432 544 2471 supra
574 2418 743 2459 dietum
780 2425 864 2466 est,
899 2426 994 2459 tum
1031 2421 1151 2472 quod
1183 2420 1443 2472 conjunfflo
1473 2423 1760 2476 intelligatur

271 2492 351 2532 per
380 2479 512 2520 “Ero
543 2480 630 2520 illis
661 2481 704 2520 in
737 2480 900 2528 Deum,
933 2488 978 2521 et
1010 2481 1074 2521 illi
1105 2489 1236 2522 erunt
1270 2482 1382 2523 Mihi
1413 2484 1458 2523 in
1489 2485 1759 2537 populum:'’

271 2554 350 2594 per
377 2542 750 2582 “sanctuarium'’
776 2543 896 2596 quod
929 2550 1123 2596 ponetur
1153 2545 1196 2584 in
1229 2545 1379 2586 medio
1405 2559 1575 2593 eorum,
1603 2553 1649 2586 et
1681 2561 1759 2600 per

274 2603 656 2644 “habitaculum'’
699 2605 820 2658 quod
864 2607 947 2646 erit
991 2606 1110 2658 apud
1153 2607 1271 2654 illos,
1317 2608 1595 2661 significatur
1638 2610 1758 2662 quod

271 2666 449 2706 caelum
474 2673 520 2706 et
542 2667 752 2715 ecclesia,
777 2681 890 2720 quae
915 2668 1291 2709 “sanctuarium'’
1314 2671 1526 2711 dicuntur
1551 2685 1609 2711 ex
1636 2672 1758 2711 bono

271 2729 450 2776 amoris,
474 2735 520 2769 et
545 2729 926 2770 “habitaculum”
948 2745 1007 2771 ex
1034 2732 1151 2771 veris
1177 2732 1295 2772 illius
1322 2733 1443 2781 boni,
1469 2746 1572 2772 nam
1598 2733 1756 2773 Domi-

273 2802 356 2830 nus
381 2789 561 2831 habitat
586 2791 630 2831 in
655 2793 772 2832 veris
798 2806 857 2832 ex
884 2793 1019 2833 bono.
1079 2794 1218 2846 Apud
1245 2794 1507 2842 Hosclceam,

338 2877 506 2909 “Feriam
521 2878 588 2909 illis
602 2878 726 2910 foedus
745 2880 779 2910 in
797 2880 852 2910 die
867 2880 927 2910 illo
941 2890 1018 2910 cum
1034 2880 1108 2910 fera
1121 2881 1205 2920 agri,
1220 2891 1298 2911 cum
1317 2882 1373 2912 avi
1388 2882 1576 2917 caelorum.
1591 2888 1625 2912 et
1640 2882 1754 2920 reptili

446 2927 560 2952 terrae
576 2931 582 2959 ;
603 2929 638 2953 et
654 2932 783 2959 arcum,
798 2930 832 2953 et
850 2923 1004 2962 gladium
1024 2930 1058 2954 et
1075 2924 1205 2954 bellum
1221 2924 1383 2963 frangam
1402 2925 1445 2955 de
1460 2932 1561 2961 terra,
1576 2932 1610 2955 ct
1627 2927 1754 2955 cubare

446 2963 574 2996 faciam
590 2975 653 2997 eos
670 2975 801 3004 secure,
815 2973 850 2997 et
866 2967 1092 3007 desponsabo
1110 2974 1143 2998 te
1162 2967 1249 2998 Mihi
1268 2969 1301 2998 in
1320 2975 1502 2999 aeternum
1514 2967 1531 2978 ”
1549 2968 1594 3006 (ii.
1612 2968 1661 3006 IS,
1679 2969 1749 3008 19):
