1962 3334
550 221 656 276 cst.
679 243 762 283 XL,
785 243 924 276 VERS.
947 243 1095 287 7.-N.
1117 193 1298 288 65o[⁰d].⁵
1407 205 1415 211 .
1446 288 1449 291 Ι
1564 233 1670 286 1687

181 361 367 409 propter
402 355 761 396 dominationem
798 355 938 397 etiam
978 369 1112 408 super
1152 353 1310 396 sancta
1348 353 1584 402 ecclesiae,
1622 360 1670 395 et

130 439 134 442 ·
181 425 368 473 propter
397 418 675 459 vindicatum
707 419 791 459 sibi
811 418 883 471 jus
914 432 1048 471 super
1078 418 1282 459 caelum:
1320 431 1399 471 per
1426 418 1671 458 “arborem

180 482 227 522 in
256 481 407 522 medio
437 480 616 521 terrae”
641 480 922 534 significatur
951 480 1030 522 illa
1059 481 1280 530 ecclesia;
1318 494 1397 534 per
1425 479 1670 520 “altitudi-

181 557 286 585 nem
316 543 409 596 ejus
420 543 440 558 ’³
465 542 745 597 significatur
769 544 983 585 extensio
1008 544 1315 597 perceptionis
1341 550 1389 584 et
1419 543 1524 583 inde
1550 543 1670 596 sapi·

180 607 359 658 entiae;
405 620 485 660 per
526 605 853 660 “prospectum
893 606 987 659 ejus
1032 620 1172 660 usque
1216 607 1274 646 ad
1315 606 1449 647 finem
1491 613 1639 646 terrae
1651 605 1672 619 ”

181 669 460 724 significatur
486 670 700 710 extensio
730 668 824 722 ejus
855 683 995 723 usque
1027 670 1084 710 ad
1117 669 1277 710 ultima
1308 669 1556 718 ecclesiae;
1594 682 1673 722 per

183 732 374 774 “folium
400 732 494 786 ejus
520 732 757 786 pulchrum
769 732 789 747 ”
811 739 858 773 et
885 746 966 786 per
991 732 1185 773 “florem
1211 732 1303 785 ejus
1330 731 1558 772 multum”
1580 733 1672 784 sig-

180 795 420 836 nificantur
449 797 738 849 cognitiones
769 802 816 836 et
848 793 1110 836 affeetiones
1141 796 1234 836 veri
1269 801 1316 835 et
1348 795 1454 835 boni
1490 801 1536 835 et
1568 795 1674 835 inde

180 858 514 912 intelligentia;
552 872 632 912 per
659 858 846 899 “cibum
872 858 1080 898 omnibus
1106 859 1150 898 in
1176 857 1261 898 ea'’
1287 858 1566 910 significatur
1590 871 1673 898 nu-

182 922 311 969 tritio
335 921 548 962 caelestis
573 935 689 975 quae
716 935 776 962 ex
802 921 924 961 bono
949 927 996 961 et
1022 921 1127 961 inde
1153 922 1295 971 veris;
1334 935 1413 974 per
1441 921 1674 961 “bestiam

181 985 280 1038 agri
300 998 415 1038 quae
437 984 642 1025 umbram
667 985 712 1025 in
736 984 816 1025 illa
840 984 1081 1032 habebat‚”
1102 991 1150 1024 et
1176 998 1255 1037 per
1279 988 1423 1024 “aves
1445 983 1673 1024 caelorum

56 1050 76 1070 ²·
134 1090 139 1095 ,
180 1062 295 1102 quae
330 1049 376 1088 in
412 1048 548 1088 ramis
586 1047 680 1100 ejus
719 1047 1034 1095 habitabant,'’
1064 1046 1375 1100 significantur
1411 1045 1674 1087 affeffiones

180 1111 302 1159 boni,
329 1118 375 1151 et
406 1111 511 1151 inde
537 1111 847 1163 cogitationes
874 1116 921 1151 et
947 1111 1264 1163 perceptiones
1289 1111 1396 1158 veri,
1425 1123 1540 1163 quae
1571 1110 1675 1162 quia

181 1180 287 1215 sunt
318 1174 405 1215 cibi
436 1173 699 1227 spiritualis,
732 1173 896 1213 dicitur
927 1174 1047 1226 quod
1082 1178 1183 1214 “ex
1215 1187 1269 1213 ea
1300 1173 1497 1213 aleretur
1527 1173 1675 1213 omnis

183 1236 328 1278 caro.’'
387 1236 478 1277 Sed
514 1243 701 1290 propter
731 1236 1091 1276 dominationem
1124 1250 1257 1289 super
1291 1234 1451 1276 sancta
1481 1236 1595 1277 caeli
1626 1243 1674 1276 et

180 1300 402 1341 ecclesiae
427 1314 486 1340 ex
508 1312 662 1340 amore
689 1300 770 1347 sui,
795 1313 929 1352 super
949 1313 1064 1352 quae
1088 1299 1353 1351 Babylonici
1380 1299 1569 1340 tandem
1591 1299 1674 1339 sibi

177 1362 248 1416 jus
272 1363 523 1410 vindicant,
551 1363 753 1416 sequitur
779 1362 1026 1415 descriptio
1057 1363 1268 1403 interitus
1298 1362 1406 1414 ejus,
1435 1376 1514 1415 per
1544 1362 1673 1410 haec,

65 1412 68 1414 ,
123 1422 127 1423 ⁷
183 1425 348 1478 “vigil
373 1432 421 1466 et
453 1423 646 1466 Sanctus
678 1426 735 1465 de
766 1425 897 1465 caelo
928 1425 1183 1473 descendit,
1211 1425 1429 1474 clamans,
1458 1425 1675 1466 Excidite

180 1488 402 1536 arborem,
426 1495 473 1528 et
499 1495 735 1541 amputate
761 1501 911 1528 ramos
937 1488 1045 1540 ejus,
1071 1489 1285 1529 discutite
1307 1488 1476 1536 solium,
1500 1489 1674 1542 disper-

180 1551 278 1604 gite
309 1550 479 1599 florem,
512 1558 559 1591 et
596 1550 737 1604 fugiet
769 1551 918 1591 bestia
949 1565 975 1591 a
1006 1551 1090 1591 sub
1125 1551 1216 1598 illa,
1250 1558 1297 1591 et
1335 1566 1442 1592 aves
1479 1565 1503 1592 e
1539 1552 1674 1592 ramis

180 1612 275 1666 ejus
293 1613 330 1664 ;”
360 1627 465 1654 narn
487 1614 606 1666 apud
628 1614 731 1654 illos
753 1627 880 1654 amor
902 1614 968 1654 sui
991 1620 1037 1654 et
1061 1614 1165 1654 inde
1188 1613 1329 1654 elatio
1345 1615 1483 1654 animi
1504 1615 1674 1654 incres-

180 1677 243 1717 cit
268 1690 408 1730 usque
434 1677 540 1716 dum
561 1676 632 1729 jus
663 1677 747 1717 sibi
772 1690 906 1729 super
931 1674 1091 1717 sanc'ta
1115 1677 1350 1724 ecclesiae,
1378 1678 1517 1717 immo
1542 1691 1675 1730 super

181 1739 372 1787 caelum,
391 1740 625 1780 vindicant
645 1754 654 1789 ;
682 1740 803 1793 quod
821 1752 922 1779 cum
942 1738 1006 1786 fit,
1025 1745 1132 1779 tunc
1152 1753 1287 1780 omne
1304 1739 1524 1780 ecclesiae
1542 1741 1673 1793 perit,

180 1808 318 1855 atque
344 1803 490 1842 omnis
514 1796 748 1855 perceptio
774 1809 820 1842 et
847 1802 1054 1854 cognitio
1079 1802 1187 1842 boni
1218 1809 1264 1842 et
1291 1804 1412 1852 veri;
1449 1803 1676 1844 clauditur

62 1855 93 1907 J
181 1865 301 1905 enim
327 1865 553 1905 internum
580 1865 748 1904 mentis
774 1865 847 1904 ubi
874 1864 1122 1917 spirituale,
1150 1871 1197 1904 et
1230 1865 1490 1906 dominatur
1514 1873 1674 1906 exter-

181 1940 288 1970 num
306 1927 380 1967 ubi
402 1927 624 1974 naturale,
643 1934 691 1968 et
713 1928 775 1967 sic
798 1926 849 1967 fit
872 1927 1011 1967 homo
1029 1927 1264 1975 sensualis,
1284 1941 1423 1981 usque
1445 1935 1494 1969 ut
1517 1942 1673 1982 parum

181 1989 358 2031 differat
389 2004 415 2030 a
446 1990 617 2031 bestiis.
680 1990 762 2030 Per
796 1990 1023 2042 “stirpem
1050 1990 1292 2038 radicum,’'
1317 2004 1451 2044 quam
1484 1993 1528 2032 in
1553 1999 1675 2032 terra

63 2035 86 2065 ⁴*
119 2086 125 2092 ,
181 2051 502 2106 relinquerent,
529 2051 811 2105 significatur
836 2051 1056 2099 Verbum,
1085 2053 1205 2105 quod
1237 2053 1383 2093 solum
1415 2054 1563 2107 quoad
1596 2054 1672 2095 lit-

182 2122 327 2156 teram
367 2115 651 2168 intelligitur,
689 2115 810 2168 quod
851 2114 997 2155 solum
1037 2123 1109 2156 est
1150 2117 1431 2168 cognitivum
1473 2118 1674 2158 insidens

182 2179 426 2219 memoriae
467 2185 514 2219 et
553 2179 659 2219 inde
698 2178 912 2231 prodiens
948 2178 990 2218 in
1034 2178 1288 2231 loquelam;
1335 2193 1415 2232 per
1457 2180 1675 2220 “vincula

182 2240 284 2283 serti
304 2248 352 2283 et
373 2242 489 2282 aeris
500 2241 520 2255 ”
541 2241 822 2294 significatur
843 2242 965 2294 quod
988 2242 1203 2281 interiora
1225 2256 1331 2282 vera
1353 2250 1399 2283 et
1422 2243 1542 2283 bona
1563 2257 1674 2284 con-

182 2303 309 2344 clusa
345 2305 436 2345 sint
470 2317 522 2345 ac
560 2302 712 2345 vincta
742 2310 988 2344 teneantur
1018 2305 1062 2344 in
1094 2304 1292 2354 ultimis;
1337 2306 1572 2346 “ferrum’'
1602 2314 1674 2347 est

181 2379 339 2407 verum
363 2367 409 2407 in
441 2367 626 2414 ultimis,
654 2374 700 2408 et
730 2372 846 2407 “aes
859 2367 878 2381 ”
905 2374 976 2407 est
1003 2367 1171 2407 bonum
1203 2369 1248 2407 in
1274 2368 1460 2417 ultimis,
1487 2376 1534 2410 et
1560 2370 1673 2411 haec

183 2436 395 2483 separata
418 2430 477 2470 ab
501 2430 788 2470 interioribus
814 2437 919 2470 sunt
947 2430 1059 2470 salsa
1086 2437 1132 2471 et
1160 2431 1304 2471 mala:
1338 2438 1384 2472 et
1407 2434 1510 2485 quia
1535 2433 1675 2474 homo

183 2491 404 2533 ecclesiae
429 2499 538 2533 tunc
569 2491 620 2533 fit
646 2506 791 2546 paene
823 2494 938 2533 sicut
966 2493 1115 2533 bestia
1141 2494 1290 2546 quoad
1316 2494 1599 2536 inteneftum
1626 2503 1674 2537 et

183 2555 333 2608 quoad
358 2555 661 2603 voluntatem,
688 2556 981 2596 dominantur
1006 2557 1125 2596 enim
1158 2556 1278 2596 mala
1306 2555 1592 2598 affectionum
1626 2567 1672 2600 et

182 2616 667 2670 falsa-cogitationum,
691 2618 855 2658 dicitur
880 2618 1002 2671 quod
1031 2622 1173 2671 “pars
1199 2619 1292 2671 ejus
1323 2621 1408 2660 erit
1440 2633 1542 2660 cum
1569 2621 1671 2662 bes-

184 2680 249 2720 tia
273 2680 317 2720 in
344 2681 547 2733 gramine
573 2680 760 2728 terrae,’'
787 2688 833 2722 et
860 2681 981 2733 quod
1009 2685 1128 2722 “cor
1159 2682 1252 2734 ejus
1283 2683 1341 2722 ab
1366 2682 1548 2724 homine
1575 2697 1674 2724 mu-

185 2742 370 2790 tabitur,
403 2749 451 2783 et
488 2756 565 2784 cor
601 2743 776 2784 bestiae
813 2745 852 2784 ei
884 2744 1102 2784 dabitur.‘’
1162 2743 1297 2797 Quod
1334 2745 1446 2786 haec
1479 2748 1674 2787 mutatio

185 2811 234 2846 et
264 2805 459 2846 inversio
488 2803 607 2846 fafita
642 2806 701 2846 sit
737 2806 796 2847 ob
822 2806 892 2858 jus
928 2806 1011 2846 sibi
1042 2807 1321 2848 vindicatum
1352 2821 1485 2861 super
1515 2807 1674 2849 sancta

186 2866 419 2917 ecclesiae,
447 2874 494 2909 et
525 2868 711 2909 tandem
743 2882 876 2922 super
901 2869 1091 2918 caelum,
1119 2876 1303 2911 constat
1335 2883 1361 2910 a
1392 2883 1506 2911 vers.
1535 2880 1675 2923 27—29
