1962 3334
619 265 728 298 cAP.
750 264 833 306 XL,
855 263 995 297 VERs.
1017 264 1163 297 2.—N.
1184 253 1354 308 633[b].
1623 253 1724 306 1631

227 381 358 436 'quae
383 379 651 433 intelligitur
675 391 754 431 per
776 377 1113 432 “quadraginta
1133 390 1277 417 annos
1293 376 1328 427 ;”
1357 376 1443 417 hoc
1465 376 1616 429 itaque
1642 375 1731 428 sig-

243 443 450 485 nificatur
469 456 550 496 per
570 442 690 496 quod
713 444 741 461 “
756 440 1000 494 Aegyptus
1022 453 1112 480 non
1134 439 1410 480 habitabitur
1430 438 1731 492 quadraginta

243 507 386 555 annis,
424 518 475 547 ac
516 505 647 545 urbes
683 503 775 556 ejus
813 509 943 543 erunt
980 502 1178 543 solitudo
1214 502 1516 555 quadraginta
1551 501 1680 542 annis
1696 501 1731 541 :''

242 568 364 623 quod
390 567 731 620 “dispergenda
754 572 876 606 esset
907 565 1153 618 Aegyptus
1183 566 1301 605 inter
1326 570 1504 617 gentes,
1531 571 1578 605 et
1610 563 1730 616 disji-

243 630 404 672 cienda
442 631 487 671 in
520 628 702 676 terras,’'
738 627 963 682 significat
1002 628 1122 681 quod
1162 627 1280 668 mala
1319 633 1366 668 et
1404 627 1516 668 salsa
1552 640 1731 680 prorsus

242 699 517 746 occupatura
541 693 631 732 sint
662 691 783 732 illam
810 690 1063 739 ecclesiam,
1090 703 1143 731 ac
1169 703 1433 743 perversura
1457 690 1608 730 omnia
1637 689 1730 742 ejus

243 754 512 797 scientifica:
544 754 648 795 inde
673 760 802 807 patet
827 754 948 807 quod
974 766 1053 806 per
1076 756 1101 773 ‘⁴
1116 753 1417 806 quadraginta
1441 766 1586 793 annos
1596 752 1617 767 ''
1638 753 1729 805 sig-

242 817 447 859 nificetur
482 824 628 859 status
665 817 757 870 ejus
793 817 1061 857 vastationis
1098 815 1339 870 plenariae,
1377 830 1455 856 seu
1494 829 1632 869 usque
1672 816 1731 856 ad

242 880 390 930 finem,
413 881 519 921 dum
544 878 735 933 amplius
757 893 848 920 non
869 879 1036 933 aliquid
1058 892 1213 920 verum
1239 886 1285 920 et
1311 879 1479 920 bonum
1505 879 1730 920 residuum

243 943 438 985 futurum
469 944 551 984 sit:
590 943 765 984 initium
795 949 949 983 autem
974 941 1194 983 ecclesiae
1219 955 1379 990 novae,
1407 941 1528 995 quod
1558 941 1730 994 signifi-

242 1012 370 1048 catur
404 1019 484 1059 per
515 1004 687 1046 “finem
724 1005 1023 1059 quadraginta
1061 1004 1320 1053 annorum,”
1350 1004 1616 1057 intelligitur
1651 1017 1732 1057 per

242 1069 355 1110 haec
394 1069 545 1119 verba,
585 1067 674 1108 “A
712 1067 798 1108 fine
839 1068 1141 1121 quadraginta
1179 1080 1399 1108 annorum
1439 1067 1731 1120 congregabo

243 1131 510 1186 Aegyptum
547 1146 606 1172 ex
644 1130 818 1185 populis
858 1145 946 1184 quo
983 1131 1172 1184 dispersi
1212 1130 1403 1179 fuerunt,
1436 1137 1482 1171 et
1519 1130 1730 1171 reducam

245 1196 557 1248 captivitatem
588 1193 832 1248 Aegypti.”
890 1193 1043 1235 Simile
1075 1193 1354 1247 significatur
1384 1194 1502 1246 apud
1532 1193 1729 1246 Prophe-

242 1265 336 1300 tam
362 1258 568 1306 eundem,
593 1271 671 1310 per

315 1353 420 1396 Quod
436 1354 581 1385 cubaret
596 1363 618 1384 a
634 1353 746 1384 latere
761 1353 888 1384 dextro
905 1352 1142 1394 quadraginta
1156 1353 1293 1390 diebus,
1309 1359 1345 1384 et
1361 1352 1542 1384 obsideret
1559 1351 1732 1384 Hieroso-

416 1397 563 1437 lymam,
583 1406 673 1437 quae
690 1396 853 1428 “carebit
868 1406 960 1436 pane
977 1402 1013 1427 et
1029 1406 1130 1437 aqua,
1148 1406 1189 1427 ac
1205 1397 1426 1428 desolabitur
1442 1397 1497 1428 vir
1512 1403 1548 1428 et
1563 1395 1682 1435 frater,
1696 1402 1732 1428 et

415 1441 671 1472 contabescent
687 1446 834 1481 propter
849 1440 1074 1481 iniquitatem
1086 1439 1105 1451 ”
1122 1437 1218 1480 (miv.
1236 1440 1268 1478 6,
1290 1447 1319 1479 7,
1340 1441 1413 1480 17):

242 1541 442 1595 plenaria
465 1542 663 1584 vastatio
690 1540 909 1582 ecclesiae
939 1541 1078 1582 etiam
1109 1554 1189 1594 per
1218 1541 1343 1581 illum
1373 1554 1607 1582 numerum
1638 1541 1730 1594 sig-

242 1603 472 1654 nificatur;
508 1617 588 1656 per
620 1603 1058 1656 “Hierosolymam’'
1088 1603 1366 1657 significatur
1396 1604 1613 1654 ecclesia;
1651 1617 1731 1657 per

243 1667 488 1708 “obsidere
528 1666 685 1707 illam”
725 1666 1003 1720 significatur
1041 1673 1285 1719 angustare
1327 1666 1455 1707 malis
1494 1673 1541 1707 et
1580 1666 1728 1715 salsis;

244 1743 324 1782 per
340 1733 530 1771 “carere
552 1743 666 1782 pane
689 1736 735 1770 et
757 1743 872 1783 aqua
883 1729 903 1744 ”
916 1728 1194 1782 significatur
1207 1730 1375 1770 vastari
1391 1729 1540 1782 quoad
1562 1729 1730 1770 bonum

241 1793 406 1833 amoris
443 1799 489 1833 et
526 1792 674 1845 quoad
711 1805 865 1833 verum
897 1790 1155 1841 doctrinam
1201 1805 1280 1844 per
1316 1792 1549 1833 “desolari
1580 1793 1647 1832 vir
1682 1801 1729 1833 et

242 1855 394 1904 frater,
420 1862 467 1896 et
498 1856 821 1896 contabescere
853 1861 1038 1907 propter
1062 1855 1345 1908 iniquitatem
1357 1855 1377 1869 ’‘
1402 1855 1563 1895 similia
1592 1855 1731 1908 signi·

242 1916 445 1966 ficantur,
478 1931 582 1958 nam
621 1918 724 1958 “vir
757 1923 805 1958 et
842 1917 1007 1958 frater‘’
1043 1924 1113 1959 est
1148 1918 1316 1958 veritas
1350 1924 1398 1958 et
1434 1918 1644 1966 charitas,
1677 1931 1730 1959 ac

243 1981 603 2022 “contabescere
618 1980 639 1995 ”
660 1987 731 2021 est
757 1981 941 2021 demori.
996 1979 1150 2022 Simile
1176 1994 1254 2033 per
1273 1980 1612 2034 “quadraginta
1636 1980 1732 2021 dies

242 2042 393 2084 diluvii
404 2043 424 2058 ”
448 2042 726 2096 significatur
749 2044 793 2084 in
823 2043 991 2092 Genesi,

278 2172 287 2182 ,
309 2144 400 2184 “Ad
422 2145 499 2177 dies
522 2145 637 2176 adhuc
656 2152 794 2185 septem
821 2144 897 2185 Ego
922 2145 1043 2185 pluere
1067 2145 1195 2176 faciam
1220 2154 1328 2186 super
1346 2151 1476 2176 terram
1497 2145 1734 2186 quadraginta

414 2189 492 2220 dies
511 2195 547 2220 et
566 2189 802 2229 quadraginta
821 2186 956 2226 noctes,
974 2195 1010 2220 et
1029 2189 1176 2229 perdam
1196 2198 1341 2220 omnem
1359 2189 1607 2226 substantiam,
1625 2198 1731 2230 quam

416 2232 494 2270 feci,
511 2242 533 2263 a
551 2242 658 2272 super
674 2232 832 2263 faciebus
848 2239 963 2263 terrae
977 2243 1001 2263 ε.
1016 2256 1024 2264 .
1037 2256 1045 2263 .
1060 2238 1110 2264 ‚et
1130 2232 1195 2263 fuit
1212 2232 1333 2272 pluvia
1348 2242 1455 2272 super
1474 2239 1567 2264 terra
1583 2233 1734 2273 quadra-

415 2276 517 2316 ginta
527 2276 604 2307 dies
616 2282 652 2307 et
668 2275 903 2316 quadraginta
915 2274 1040 2307 nocstes
1053 2275 1100 2307 :’'.
1115 2300 1122 2307 .
1136 2300 1143 2307 .
1158 2282 1257 2307 ‚tunc
1271 2277 1382 2316 “post
1397 2282 1534 2316 septem
1554 2276 1630 2307 dies
1647 2276 1733 2307 erni-

415 2319 690 2403 sit)columbam,
702 2329 791 2360 quae
809 2328 882 2350 non
899 2318 1037 2350 redibat
1052 2319 1097 2350 ad
1114 2319 1213 2350 illum
1224 2318 1243 2330 ”
1256 2318 1330 2358 (vii.
1345 2328 1378 2358 4,
1398 2327 1436 2350 12
1451 2329 1459 2358 ;
1483 2329 1560 2360 cap.
1577 2319 1648 2351 viii.
1666 2317 1731 2355 [²16.

419 2370 458 2394 12
484 2373 491 2394 :

244 2470 323 2512 per
345 2457 596 2498 “diluvium
609 2457 629 2473 ’¹
650 2456 926 2511 significatur
947 2457 1205 2499 devastatio
1226 2457 1445 2499 ecclesiae
1467 2459 1633 2499 veteris
1655 2471 1732 2498 seu

246 2519 478 2562 Ecclesiae
501 2520 873 2574 Anfiquissimae,
897 2526 993 2560 tum
1019 2519 1225 2561 ultimum
1242 2520 1455 2573 judicium
1478 2534 1611 2574 super
1630 2520 1732 2561 illos

245 2583 319 2637 qui
358 2583 534 2624 suerunt
574 2583 631 2624 ab
675 2597 728 2624 ea
767 2582 988 2633 ecclesia3
1035 2596 1114 2635 per
1154 2586 1180 2603 “
1195 2583 1392 2636 pluviam
1432 2584 1734 2636 quadraginta

246 2646 447 2686 dierum”
472 2645 749 2699 significatur
774 2646 982 2686 interitus
1007 2645 1099 2698 ejus
1130 2659 1208 2698 per
1233 2645 1344 2686 falsa
1370 2646 1499 2686 mali:
1538 2652 1584 2686 at
1611 2646 1731 2699 prin-

245 2708 419 2760 cipium*
448 2708 666 2749 ecclesiae
711 2721 855 2749 novae
899 2707 1176 2760 significatur
1218 2722 1297 2762 per
1337 2709 1731 2749 “exsiccationem

246 2777 392 2812 terrae
403 2770 423 2785 ”
444 2777 548 2824 post
569 2770 670 2812 illos
693 2771 992 2825 quadraginta
1013 2770 1122 2819 dies,
1145 2784 1196 2812 ac
1219 2784 1299 2824 per
1317 2771 1732 2824 “germinationem

246 2846 272 2873 e
297 2845 415 2874 novo
432 2833 466 2884 ;”
498 2833 782 2881 “columba,”
803 2846 937 2886 quam
962 2833 1123 2881 emisit,
1148 2833 1371 2887 significat
1392 2834 1559 2875 bonum
1585 2833 1731 2874 chari·

248 2893 372 2943 tatis,
398 2907 513 2947 quae
543 2893 662 2935 illius
692 2893 916 2935 ecclesiae
946 2893 1193 2936 essentiale
1222 2901 1336 2936 erat.
1395 2905 1473 2945 (Sed
1486 2905 1526 2934 de
1540 2905 1588 2934 his
1604 2904 1732 2934 videan-
