1962 3334
255 288 271 318 1
280 277 362 332 376
664 287 999 320 APOCALYPSIS
1030 288 1329 320 EXPLICATA.

425 400 514 439 anis,
529 406 563 432 et
573 400 734 441 jurantes
745 400 903 442 Jehovae
918 400 1076 433 Zebaoth
1090 412 1114 433 :.
1129 426 1136 433 .
1150 426 1158 433 .
1173 401 1224 433 ‚in
1238 402 1295 433 die
1309 401 1370 433 illo
1383 402 1449 433 erit
1462 402 1572 433 altare
1583 401 1742 444 Jehovae

423 444 459 475 in
478 445 596 476 medio
613 450 728 476 terrae
742 445 899 486 Aegypti
913 444 930 456 '¹
947 445 1031 484 (xix.
1051 445 1101 483 18,
1121 445 1193 485 19):

251 539 332 579 “in
369 538 439 579 die
476 538 587 580 illo’'
625 538 850 592 significat
891 539 1138 580 adventurn
1181 540 1391 591 Domini;
1424 546 1470 581 et
1510 541 1742 594 “quinque

248 601 380 642 urbes
411 602 456 642 in
488 608 608 642 terra
634 602 840 655 Aegypti
867 602 1106 656 loquentes
1132 602 1260 643 labiis
1287 602 1544 644 Canaanis”
1569 602 1741 656 signifi-

249 671 324 705 cat
349 665 469 718 quod
491 664 626 718 aliqui
652 671 759 706 tunc
783 665 859 718 qui
885 664 1115 706 naturales
1137 672 1240 706 sunt
1268 665 1377 706 fient
1403 665 1671 718 spirituales,
1695 672 1741 706 et

250 734 502 780 agnoscent
529 729 750 781 genuinae
777 726 1007 769 doetrinae
1033 741 1152 777 vera,
1181 735 1227 769 et
1254 729 1373 782 quod
1401 743 1460 769 ex
1487 729 1608 770 bono
1634 728 1742 769 cha-

247 789 397 829 ritatis
419 788 576 830 colent
599 789 849 829 Dominum
869 803 877 840 3
910 799 982 837 (sed
996 799 1076 829 haec
1088 800 1269 838 singillatim
1286 801 1443 837 explicata
1456 800 1624 829 videantur
1637 809 1743 838 supra,

247 867 278 888 n.
295 858 461 900 223[c];)
497 849 568 889 hic
609 850 764 902 itaque
790 850 1002 890 dicuntur
1029 851 1265 903 “quinque
1291 849 1466 898 urbes‚''
1491 855 1540 890 ut
1570 850 1740 891 intelli-

248 917 414 962 gantur
435 911 571 964 aliqui
594 917 716 960 tunc,
736 918 781 952 et
805 925 982 965 quoque
1005 926 1111 953 vera
1128 910 1360 953 doetrinae
1379 911 1540 965 aliqua.
1602 911 1740 965 Apud

250 974 457 1022 eundem,

315 1063 333 1077 ¹¹
346 1062 606 1103 Relinquentur
626 1063 660 1094 in
686 1073 729 1094 eo
749 1064 1010 1096 racemationes
1031 1064 1121 1096 sieut
1141 1065 1176 1095 in
1197 1064 1410 1095 decussione
1430 1063 1541 1102 oleae,
1559 1063 1650 1095 duae
1670 1069 1742 1094 tres

421 1108 551 1190 &jaccae
569 1107 604 1138 in
623 1107 738 1148 capite
755 1108 855 1146 rami,
874 1114 1026 1149 quatuor
1042 1108 1197 1150 quinque
1215 1109 1249 1139 in
1268 1108 1377 1139 ramis
1394 1106 1599 1139 fruetiferae
1611 1106 1628 1118 ''
1645 1106 1742 1147 (xvii.

469 1175 476 1189 7

249 1231 295 1267 et
321 1226 439 1279 apud
465 1226 643 1276 Lucam,
667 1205 671 1209 ¹

320 1302 426 1344 Jesus
446 1303 543 1341 dixit,
566 1303 709 1335 “Erunt
733 1313 776 1335 ex
796 1313 890 1335 nunc
916 1304 1071 1345 quinque
1095 1303 1131 1335 in
1156 1304 1264 1336 domo
1288 1314 1360 1336 una
1384 1303 1500 1343 divisi,
1521 1309 1593 1336 tres
1617 1309 1743 1335 contra

422 1347 521 1386 duos,
539 1352 574 1379 et
591 1347 661 1378 duo
681 1354 805 1379 contra
822 1355 894 1379 tres
906 1347 924 1359 ''
941 1347 1012 1387 (xii.
1032 1348 1105 1388 52):

248 1434 367 1488 quod
401 1435 444 1476 in
481 1435 549 1476 his
589 1434 700 1476 locis
734 1435 996 1490 “quinque’'
1027 1436 1163 1477 etiam
1195 1436 1451 1489 significent
1488 1422 1661 1489 aliquos
1692 1441 1739 1476 et

248 1509 408 1536 omnes
429 1497 504 1550 qui
530 1496 663 1546 tales,
690 1497 900 1538 videatur
925 1511 1060 1551 supra
1086 1507 1131 1546 (n.
1152 1506 1262 1549 532),
1290 1497 1364 1537 ubi
1395 1497 1501 1537 bina
1531 1496 1610 1537 illa
1640 1496 1742 1537 loca

248 1557 478 1611 explicata
502 1565 620 1599 sunt.
681 1558 782 1599 Lex
810 1558 904 1600 lata
936 1565 1006 1600 est
1037 1559 1156 1611 apud
1183 1558 1296 1598 filios
1323 1557 1516 1607 Israelis,

320 1654 424 1696 Quod
442 1655 499 1695 qui
516 1655 645 1686 bovem
664 1655 800 1691 furatus
820 1655 935 1693 fuerit,
953 1655 1010 1686 vel
1030 1653 1250 1692 madhwerst,
1268 1654 1324 1685 vel
1342 1654 1551 1693 vendiderit,
1570 1631 1743 1694 rependet

421 1699 576 1740 quinque
594 1700 704 1730 boves
722 1698 845 1738 (Exod.
862 1699 931 1730 xxi.
951 1696 1027 1738 [¹137
1047 1697 1105 1740 [B.
1124 1699 1168 1730 A.
1183 1699 1265 1730 xxii.
1286 1696 1355 1739 1]):

246 1808 326 1847 per
345 1794 576 1835 “bovem”
594 1795 652 1835 ibi
675 1795 718 1835 in
741 1808 874 1835 sensu
897 1794 1116 1847 spirituali
1138 1794 1407 1847 intelligitur
1423 1794 1590 1834 bonum
1609 1797 1757 1835 natu·.

246 1857 349 1898 ralis
380 1857 600 1908 hominis;
644 1858 764 1912 quod
793 1858 1054 1911 “rependet
1086 1858 1281 1911 quinque
1314 1857 1453 1898 boves
1486 1870 1566 1909 pro
1596 1855 1743 1897 bove”

245 1919 469 1973 significat
495 1921 614 1974 quod
640 1921 902 1962 emendabit
925 1927 1144 1974 quantum
1176 1921 1286 1961 satis
1318 1933 1431 1973 quae
1458 1924 1741 1972 perverterat

245 1990 290 2024 et
313 1984 628 2034 exstinxerat3
663 1984 830 2024 “furari
843 1984 861 1999 ”
883 1990 952 2024 est
975 1983 1159 2032 auferre,
1181 1987 1204 2003 “
1221 1981 1449 2023 ma&are”
1471 1988 1541 2023 est
1563 1982 1741 2022 exstin-

244 2059 396 2098 guere,
415 2052 462 2087 et
482 2050 507 2066 “
523 2047 719 2087 vendere
733 2047 752 2061 '’
770 2053 840 2087 est
859 2053 1129 2099 pervertere.
1172 2046 1255 2086 Per
1275 2049 1490 2099 “partem
1508 2045 1710 2099 quintam
1723 2043 1742 2062 '³

245 2108 382 2149 etiam
409 2108 685 2162 significatur
710 2115 928 2163 quantum
955 2109 1065 2150 satis

316 2198 425 2229 Levit.
444 2208 475 2229 v.
497 2198 545 2236 16,
564 2206 606 2237 24
624 2196 683 2240 [B.
698 2199 742 2230 A.
763 2199 812 2237 16,
830 2198 874 2230 vi.
895 2195 929 2240 5]
946 2208 953 2237 ;
978 2207 1054 2239 cap.
1072 2198 1154 2229 xxii.
1175 2206 1236 2236 14;
1261 2207 1335 2238 cap.
1354 2197 1461 2229 xxvii.
1482 2205 1531 2236 13,
1552 2203 1600 2235 15,
1622 2204 1671 2237 19,
1689 2203 1742 2235 27,

420 2250 459 2280 31
475 2253 481 2274 z
507 2243 619 2274 Num.
637 2252 669 2273 v.
687 2243 750 2273 6—8
765 2253 771 2274 :

246 2323 450 2365 similiter
481 2338 560 2377 per
590 2323 840 2378 “quintas”

317 2400 415 2442 Quas
435 2400 574 2432 Pharao
589 2407 745 2432 sumeret
762 2411 805 2432 ex
822 2407 917 2432 terra
930 2400 1086 2442 Aegypti
1104 2400 1140 2432 in
1158 2405 1295 2441 septem
1314 2399 1419 2431 annis
1433 2399 1629 2431 saturitatis
1645 2397 1742 2439 (Gen.

420 2445 479 2476 xli.
498 2453 560 2483 34;
585 2454 659 2485 cap.
676 2445 771 2476 xlvii.
791 2443 900 2485 [²324st

247 2527 413 2581 pariter
440 2541 518 2580 per
545 2528 646 2581 “ad
668 2527 913 2582 quintam,'’

315 2604 373 2636 Ad
393 2613 498 2654 quam
512 2603 683 2687 >Abnerus
704 2605 878 2645 percussit
898 2603 1092 2636 Asahelem
1113 2604 1310 2644 posteriore
1330 2603 1455 2635 hastae
1475 2608 1576 2644 parte
1594 2601 1627 2643 (2
1650 2602 1743 2633 Sam.

417 2657 451 2679 ιι.
469 2656 510 2686 23
538 2657 545 2686 ;

245 2735 340 2777 “ad
366 2737 570 2789 quintam
585 2735 604 2752 ''
631 2736 854 2789 significat
881 2742 1099 2790 quantum
1131 2737 1242 2777 satis
1274 2736 1330 2777 ad
1357 2741 1579 2786 mortem;
1620 2734 1739 2775 idem

244 2799 363 2839 enim
390 2811 597 2839 numerus
624 2801 696 2852 qui
723 2798 947 2852 significat
973 2799 1139 2853 aliquid
1171 2806 1217 2840 et
1250 2812 1383 2840 omne
1416 2798 1536 2852 quod
1568 2797 1626 2839 ab
1651 2810 1740 2837 una

247 2868 390 2915 parte,
417 2863 555 2903 etiam
587 2862 810 2915 significat
843 2869 1062 2916 quantum
1094 2863 1204 2903 satis
1236 2875 1336 2903 curn
1369 2861 1656 2915 praedicatur
1682 2860 1738 2901 de

246 2925 515 2979 quantitate,
535 2930 580 2966 et
604 2925 776 2966 tamdiu
796 2925 975 2979 quando
994 2925 1249 2978 predicatur
1268 2925 1322 2966 de
1346 2931 1564 2978 tempore.
1616 2922 1734 2976 Quia
