1962 3334
287 269 336 309 18
341 269 392 321 38
696 277 1029 311 APOCALYPSIS
1061 279 1361 312 EXPLICATA.

360 388 500 441 693.
531 398 719 437 [Vers.18.]
751 389 829 429 “Et
844 393 994 442 gentes
1021 390 1156 431 iratae
1185 390 1514 443 sunt.''—Quod
1546 390 1771 444 significet

279 454 582 501 contemplum,
602 450 879 491 inimicitiam
900 458 941 491 et
961 452 1107 492 odium
1130 452 1345 492 malorum
1367 459 1517 492 contra
1537 452 1773 492 Dominum

279 518 321 551 et
350 519 502 552 contra
532 512 702 552 Divina
733 527 843 565 quae
876 514 931 554 ab
967 514 1084 566 Ipso,
1118 529 1229 567 quae
1263 521 1367 554 sunt
1401 515 1557 554 sanda
1591 514 1775 555 caelive-t

278 574 489 623 ccclesiae,
531 582 711 616 constat
749 590 807 615 ex
846 576 1174 629 significatione
1214 577 1495 630 “gentium‚’'
1527 577 1646 630 quod
1684 577 1773 617 sint

280 638 353 689 qui
386 638 428 676 in
462 637 591 677 bonis
620 637 851 687 eeclesiae,
881 645 926 679 et
958 640 1001 679 in
1034 640 1245 692 opposito
1272 653 1404 679 sensu
1424 640 1509 692 ,qui
1541 640 1583 679 in
1617 639 1771 689 malis;

280 697 352 737 hic
376 698 449 750 qui
475 699 518 737 in
543 698 688 746 malis,
712 700 927 752 quoniam
964 700 1128 740 dicitur
1150 700 1271 752 quod
1297 701 1478 740 “iratae
1503 700 1594 740 sint
1613 699 1648 750 ;”
1671 710 1774 747 (quod
1806 708 1809 711 '

280 757 444 793 '‘gentes''
468 757 644 794 significent
666 758 735 786 illos
757 759 811 795 qui
833 759 864 786 in
886 759 978 787 bonis
1000 764 1030 787 et
1052 759 1106 795 qui
1128 759 1159 787 in
1181 759 1280 792 malis,
1296 768 1334 787 ac
1355 760 1510 787 abstracte
1531 759 1618 787 bona
1639 763 1669 787 et
1691 759 1775 787 mala

280 804 439 837 ecciesiae,
456 808 486 832 et
501 805 589 840 quod
605 807 621 818 ‘⁴
633 805 743 842 populi
754 805 770 813 ''
786 805 963 842 significent
978 806 1047 834 illos
1062 806 1116 842 qui
1138 806 1169 833 in
1185 806 1264 834 veris
1286 810 1317 834 et
1338 806 1391 842 qui
1413 806 1445 833 in
1466 805 1558 839 falsis,
1575 810 1605 834 et
1619 805 1775 834 abstracte

280 862 355 882 vera
369 859 399 881 et
415 854 492 882 falsa
507 854 671 888 ecclesiae,
687 855 832 883 videatur
846 864 951 892 supra,
965 865 996 885 n.
1016 854 1104 896 175,
1124 855 1174 896 33
1186 855 1215 889 Ι,
1232 844 1312 896 625
1328 856 1350 892 ς)
1386 850 1432 884 et
1458 858 1517 884 ΘΧ
1544 844 1772 897 Significa-

281 905 405 944 tione
431 904 637 953 “irasci‚‘’
656 918 756 945 cum
780 906 835 946 de
859 906 986 946 malis
1009 907 1082 959 qui
1105 905 1414 958 significantur
1436 919 1514 960 per
1533 904 1773 958 “gentes,”

281 967 401 1020 quod
428 968 486 1007 sit
514 968 556 1007 in
583 975 865 1021 contemptu,
892 969 934 1008 in
961 970 1193 1009 inimicitia
1218 976 1263 1009 et
1291 970 1332 1009 in
1361 968 1464 1009 odio
1490 983 1587 1010 esse
1616 975 1774 1010 contra

282 1029 527 1070 Dominum
551 1037 596 1071 et
620 1039 779 1071 contra
804 1031 966 1071 Divina
988 1045 1102 1084 quae
1128 1031 1184 1071 ab
1212 1031 1329 1084 Ipso,
1354 1045 1467 1084 quae
1491 1038 1595 1072 sunt
1618 1029 1775 1072 sancta.

282 1093 394 1132 caeli
427 1100 472 1133 et
505 1093 750 1143 ecclesiae;
789 1094 909 1147 quod
942 1094 1018 1134 illa
1050 1101 1095 1134 et
1127 1094 1287 1134 similia
1319 1094 1444 1146 plura
1477 1107 1554 1146 per
1578 1093 1774 1134 “iraoeff

283 1155 602 1207 significentur,
628 1163 698 1196 est
725 1157 827 1209 quia
854 1157 1155 1209 unusquisque
1181 1156 1474 1196 excandescit
1501 1163 1546 1196 et
1573 1157 1776 1196 irascitur

283 1219 464 1271 quando
496 1219 787 1271 impugnatur
819 1219 909 1271 ejus
941 1233 1067 1259 amor
1103 1226 1149 1259 et
1187 1218 1278 1271 ejus
1311 1220 1474 1259 amoris
1501 1218 1773 1271 jucundum;

283 1282 429 1321 omnis
452 1282 838 1322 excandescentia
861 1288 906 1322 et
933 1283 995 1322 ira
1017 1282 1120 1322 inde
1143 1288 1211 1322 est
1231 1296 1238 1331 ;
1273 1295 1407 1322 causa
1432 1288 1501 1321 est
1527 1282 1629 1334 quia
1651 1294 1776 1321 amor

283 1344 474 1396 cujusvis
507 1352 576 1385 est
603 1346 697 1384 vita
729 1344 850 1397 ejus;
889 1358 1024 1397 quare
1052 1344 1230 1384 laedere
1263 1357 1461 1384 amorem
1494 1352 1563 1384 est
1596 1343 1774 1383 laedere

283 1408 437 1455 vitam,
472 1414 518 1447 et
550 1421 651 1448 cum
682 1408 792 1448 haec
826 1407 1018 1447 laeditur
1054 1406 1102 1447 fit
1135 1407 1269 1447 animi
1301 1407 1559 1454 commotio,
1594 1412 1639 1446 et
1671 1406 1774 1446 inde

283 1471 347 1510 ira
369 1477 414 1510 et
438 1470 833 1510 excandescentia.
895 1469 1048 1510 Simile
1072 1469 1120 1509 fit
1144 1469 1261 1522 apud
1284 1469 1429 1509 bonos
1447 1469 1627 1522 quando
1650 1481 1776 1509 amor

283 1533 461 1573 illorum
500 1533 804 1585 impugnatur,
845 1532 924 1572 sed
966 1545 1066 1578 curn
1108 1531 1359 1572 differentia
1398 1531 1518 1584 quod
1560 1544 1649 1571 non
1690 1530 1776 1571 illis

283 1595 669 1636 excandescentia
691 1602 736 1635 et
759 1595 822 1635 ira
845 1596 916 1643 sit,
942 1595 1021 1634 sed
1044 1594 1164 1634 zelus
1185 1608 1194 1644 ;
1228 1594 1313 1642 hic,
1334 1607 1495 1646 nempe
1519 1593 1654 1641 zelus,
1679 1594 1775 1646 qui-

284 1658 387 1698 dem
414 1659 456 1697 in
484 1657 638 1698 Verbo
660 1664 847 1698 vocatur
876 1656 1014 1705 “ira,’'
1037 1657 1116 1697 sed
1144 1670 1282 1709 usque
1306 1670 1395 1696 non
1422 1663 1491 1696 est
1517 1657 1606 1706 ira;
1641 1669 1775 1696 voca·

284 1727 356 1761 tur
399 1720 528 1760 “ira'’
555 1721 657 1773 quia
697 1721 740 1760 in
768 1727 961 1760 externa
990 1719 1131 1759 forma
1163 1725 1348 1772 apparet
1381 1718 1535 1759 similis
1566 1719 1671 1766 irae,
1705 1724 1776 1759 ast

283 1784 468 1824 interius
496 1796 585 1823 non
618 1789 686 1823 est
719 1783 802 1822 nisi
828 1795 962 1835 quam
990 1782 1198 1829 charitas,
1228 1782 1408 1821 bonitas
1434 1788 1479 1821 et
1506 1780 1775 1831 clementia;

284 1860 419 1900 quare
443 1846 562 1886 zelus
589 1853 636 1886 ut
663 1847 725 1885 ira
751 1859 840 1885 non
868 1851 1041 1897 perstat
1068 1845 1233 1884 diutius
1258 1857 1391 1897 quam
1419 1844 1524 1884 dum
1551 1843 1640 1892 ille,
1666 1857 1775 1884 con-

284 1916 354 1950 tra
391 1922 524 1962 quem
561 1922 778 1949 accensus
815 1915 898 1954 est,
938 1907 1158 1959 resipiscit
1197 1914 1242 1947 θῖ
1281 1920 1327 1946 εθ
1366 1906 1528 1946 avertit
1565 1919 1591 1946 a
1628 1905 1774 1946 malo:

284 1971 414 2012 aliter
435 1973 498 2011 ira
516 1971 634 2023 apud
653 1970 796 2010 malos
815 1984 833 2019 ;·
851 1970 927 2010 illa
945 1970 1047 2022 quia
1064 1970 1248 2009 interius
1271 1969 1313 2008 in
1337 1982 1383 2009 se
1401 1968 1606 2008 recondit
1625 1968 1776 2008 odium

284 2041 330 2074 et
352 2032 610 2081 vindictam,
636 2047 748 2086 quae
771 2039 940 2080 amant,
966 2032 1068 2072 ideo
1090 2038 1264 2084 perstat
1291 2031 1380 2079 illa,
1405 2037 1451 2071 et
1477 2044 1576 2071 raro
1599 2031 1776 2071 exstin-

284 2098 446 2149 guitur.
508 2096 618 2136 Inde
651 2102 722 2136 est
754 2095 873 2148 quod
906 2095 968 2135 ira
999 2095 1056 2134 sit
1089 2093 1173 2134 illis
1206 2094 1278 2146 qui
1311 2094 1355 2133 in
1381 2093 1606 2133 amoribus
1633 2093 1698 2132 sui
1730 2099 1777 2132 et

285 2159 438 2199 mundi
465 2165 582 2206 sunt,
611 2171 714 2198 nam
741 2158 803 2198 illi
835 2171 1011 2210 quoque
1043 2157 1087 2196 in
1117 2156 1245 2196 malis
1272 2156 1415 2196 omnis
1441 2155 1618 2208 generis
1644 2161 1775 2204 sunt;

284 2229 331 2263 at
364 2221 484 2262 zelus
516 2220 601 2260 illis
633 2222 706 2274 qui
738 2222 781 2260 in
813 2233 965 2260 amore
997 2220 1040 2259 in
1068 2219 1311 2259 Dominum
1344 2224 1390 2258 et
1422 2219 1465 2258 in
1491 2231 1643 2258 amore
1669 2230 1778 2269 erga

285 2286 540 2339 proximum
567 2291 696 2324 sunt:
731 2297 867 2337 quare
894 2282 1016 2323 zelus
1042 2280 1218 2334 spectat
1246 2280 1540 2321 salvationem
1568 2280 1774 2327 hominis,

284 2356 331 2389 at
363 2349 426 2388 ira
458 2348 549 2400 ejus
581 2347 947 2394 damnationem;
986 2345 1100 2385 hanc
1131 2345 1267 2384 etiam
1301 2342 1496 2383 intendit
1529 2342 1672 2382 malus
1703 2342 1776 2395 qui

284 2413 437 2459 iratus,
467 2417 512 2450 et
544 2410 667 2450 illam
699 2409 844 2449 bonus
870 2409 943 2461 qui
971 2407 1154 2448 zelotes
1217 2405 1350 2458 Quod
1380 2408 1580 2458 “gentes
1606 2404 1777 2444 iratae”

285 2475 354 2514 hic
379 2472 631 2526 significent
655 2471 874 2512 malorum
898 2476 1228 2522 contemptum,
1253 2468 1529 2508 inimicitiam
1552 2473 1598 2508 et
1625 2467 1776 2507 odium

286 2542 444 2577 contra
471 2535 729 2582 Dominum,
758 2540 803 2574 θῖ
831 2539 989 2574 contra
1016 2532 1178 2572 Divina
1204 2544 1317 2584 quae
1348 2530 1406 2570 ab
1433 2530 1550 2582 Ipso,
1579 2530 1642 2570 ita
1667 2543 1775 2570 con-

285 2606 355 2640 tra
373 2596 528 2638 saneta
547 2597 658 2637 caeli
681 2603 726 2636 et
750 2595 980 2643 ecclesiae,
1002 2600 1070 2634 est
1093 2594 1195 2647 quia
1217 2594 1260 2633 in
1283 2591 1369 2632 fine
1392 2592 1622 2639 ecclesiae,
1643 2591 1776 2644 paulo

285 2668 392 2702 ante
419 2661 625 2701 ultimum
647 2659 876 2711 judicium,
905 2658 960 2698 de
993 2670 1080 2710 quo
1113 2657 1181 2696 hic
1214 2656 1375 2708 agitur,
1405 2661 1604 2695 mutatur
1630 2660 1776 2694 status

286 2725 463 2765 illorum
487 2723 559 2776 qui
586 2723 629 2762 in
653 2722 783 2774 priori
811 2720 938 2761 caelo
964 2726 1010 2760 et
1037 2719 1168 2772 priori
1191 2725 1309 2759 terra
1335 2724 1452 2766 sunt,
1478 2717 1596 2771 quod
1623 2716 1672 2757 fit
1698 2730 1777 2769 per

286 2787 618 2840 separationem
659 2785 879 2824 bonorum
919 2797 945 2823 a
985 2782 1139 2832 malis;
1188 2795 1274 2834 qua
1318 2779 1434 2821 faeta
1479 2780 1776 2820 occluduntur

286 2850 403 2902 apud
442 2848 584 2888 malos
616 2854 822 2894 externa,
857 2859 934 2899 per
971 2859 1083 2899 quae
1121 2850 1167 2885 et
1205 2858 1263 2884 ex
1300 2844 1458 2896 quibus
1490 2842 1696 2883 simulate
1729 2848 1774 2882 et

286 2912 564 2964 hypocritice
592 2910 728 2950 locuti
760 2916 863 2950 sunt
896 2922 1001 2949 vera
1033 2921 1082 2948 ac
1109 2907 1309 2948 fecerunt
1336 2906 1468 2954 bona,
1496 2911 1541 2946 et
1568 2905 1773 2957 aperiun-
