1962 3334
283 294 387 335 1612
677 294 1026 336 'APOCALYPSIS
1058 303 1357 336 EXPLICATA.

275 417 401 458 illum
424 430 652 459 amorem:
687 432 765 471 per
786 421 812 438 “
827 417 1138 459 submiserunt
1165 433 1212 459 se
1240 417 1382 459 colles
1405 415 1604 457 saeculi”
1627 415 1766 469 signi·
1823 459 1826 464 ,

275 480 434 521 ficatur
456 481 574 534 quod
602 482 782 534 perierit
808 481 1000 522 ecclesia
1030 481 1287 535 spiritualis,
1313 480 1456 534 qualis
1482 479 1625 520 fuerat
1648 479 1766 533 apud

275 545 486 597 antiquos
513 551 617 597 post
643 544 872 592 diluvium,
908 545 980 598 qui
1006 545 1049 584 in
1077 558 1230 584 amore
1258 557 1366 596 erga
1393 544 1650 596 proximum
1675 542 1770 583 fue-

275 618 404 661 runt;
441 610 620 651 “colles
643 610 840 651 saeculi”
865 609 1125 663 significant
1152 610 1277 650 illam
1305 609 1545 650 ecclesiam
1571 615 1617 649 et
1643 608 1768 648 illum

275 687 500 714 amorem:
536 687 614 726 per
639 673 880 713 “incessus
908 672 1075 713 saeculi
1102 673 1195 713 illi”
1219 672 1500 725 significatur
1522 671 1769 712 secundum

275 744 447 779 statum
472 737 693 778 ecclesiae
716 738 789 791 qui
813 743 921 778 tunc
950 743 1062 786 erat,
1081 737 1154 790 qui
1178 750 1427 790 perversus.
1489 735 1627 789 Apud
1649 735 1769 776 Esa-

274 801 378 849 iam,

341 897 359 910 “
373 896 463 928 Ecce
483 896 662 927 Dominus
675 896 828 937 Jehovih
847 896 883 927 in
902 896 985 927 forti
1006 896 1116 933 venit,
1134 901 1169 926 et
1186 895 1371 926 brachium
1391 894 1509 935 Ipsius
1526 894 1772 926 dominabitur

452 939 563 980 Ipsi:.
579 965 608 972 ..
623 940 717 980 .quis
738 950 885 971 mensus
908 946 963 971 est
987 940 1124 980 pugillo
1150 949 1216 970 suo
1241 949 1364 980 aquas.
1385 944 1420 970 et
1444 938 1565 970 caelos
1590 938 1772 978 spithama

448 984 671 1024 exaequavit,
686 989 721 1014 et
738 983 948 1023 complexus
973 990 1028 1014 est
1053 983 1089 1014 in
1111 983 1271 1014 trientali
1297 983 1481 1022 pulverem
1500 988 1625 1019 terrae,
1643 992 1684 1013 ae
1709 991 1772 1022 ap-

449 1028 573 1067 pendit
591 1027 627 1058 in
648 1027 752 1058 lance
770 1034 924 1065 montes,
943 1027 1125 1067 collesque
1143 1026 1179 1058 in
1198 1026 1331 1058 libra?''
1349 1026 1407 1065 (xl.
1428 1034 1477 1063 10,
1495 1033 1532 1056 12
1546 1027 1568 1065 z)
1601 1062 1604 1064 v

274 1116 386 1158 haec
406 1129 584 1170 quoque
603 1116 659 1156 de
678 1115 892 1164 Domino,
914 1115 1059 1169 deque
1079 1116 1245 1156 Divino
1264 1115 1388 1156 Vero
1411 1129 1469 1155 ex
1488 1129 1576 1168 quo
1595 1114 1770 1156 caelum

275 1186 322 1221 et
348 1179 554 1227 ecclesia,
580 1185 626 1219 et
649 1192 708 1219 ex
732 1192 821 1232 quo
847 1179 1096 1232 sapientia:
1131 1179 1356 1219 adventus
1380 1178 1562 1218 Domini
1588 1184 1635 1219 et
1662 1185 1769 1219 tunc

275 1243 501 1283 ordinatio
520 1242 720 1282 omnium
745 1243 788 1281 in
807 1242 944 1282 caelis
962 1242 1019 1282 ab
1039 1242 1144 1295 Ipso
1167 1256 1225 1282 ex
1245 1242 1430 1294 propria>
1441 1242 1662 1294 potentia,
1679 1242 1771 1294 sig-

276 1305 483 1346 nificatur
514 1319 592 1358 per
621 1305 783 1345 “Ecce
818 1305 1040 1345 Dominus
1070 1305 1264 1357 Jehovih
1302 1303 1383 1357 [in]
1417 1304 1520 1344 sorti
1550 1305 1691 1353 venit,
1725 1311 1772 1346 et

274 1368 507 1409 brachium
523 1368 668 1420 Ipsius
686 1368 993 1408 dominabitur
1010 1368 1100 1421 Ipsi
1119 1367 1151 1418 ;’'
1170 1367 1442 1408 “brachium
1462 1367 1606 1420 Ipsius
1619 1366 1637 1381 '’
1651 1368 1772 1420 quod

276 1431 598 1479 dominabitur,
615 1429 842 1483 significat
862 1431 1088 1484 propriam
1114 1431 1369 1483 potentiam
1388 1443 1396 1470 :
1425 1429 1650 1470 ordinatio
1673 1443 1771 1470 om-

277 1495 398 1534 nium
431 1494 475 1533 in
508 1492 646 1534 caelis
679 1507 738 1533 ex
771 1493 949 1546 propria
981 1493 1189 1546 potentia
1225 1506 1303 1546 per
1337 1492 1550 1533 Divinum
1583 1492 1769 1540 Verum,

277 1555 557 1609 significatur
588 1569 667 1609 per
701 1554 853 1607 “Quis
893 1569 1074 1596 mensus
1112 1562 1182 1596 est
1221 1554 1393 1608 pugillo
1426 1568 1506 1595 suo
1537 1569 1691 1608 aquas,
1726 1563 1772 1597 et

274 1618 427 1659 caelos
453 1617 684 1670 spithama
710 1618 1006 1670 exaequavit,
1032 1624 1077 1658 et
1104 1616 1377 1670 complexus
1402 1622 1473 1656 est
1499 1617 1542 1656 in
1569 1617 1772 1657 trientali

275 1681 510 1734 pulverem
541 1686 706 1728 terrae,
738 1685 785 1720 et
818 1680 1040 1733 appendit
1081 1679 1213 1720 lance
1245 1684 1442 1727 montes,
1475 1684 1522 1719 et
1553 1678 1697 1719 colles
1727 1679 1772 1719 in

276 1743 446 1784 libra?”
506 1742 589 1783 Per
614 1743 803 1783 “metiri
829 1756 970 1795 aquas
983 1742 1002 1757 ’'
1028 1742 1311 1795 significatur
1336 1741 1579 1794 designare
1606 1741 1772 1782 Divina

275 1820 397 1855 vera,
431 1819 510 1859 per
544 1805 738 1845 “caelos
770 1805 1002 1858 spithama
1031 1804 1326 1858 exaequare''
1357 1803 1638 1857 significatur
1668 1805 1772 1845 inde

275 1870 484 1911 ordinare
503 1868 673 1916 caelos,
695 1882 774 1921 per
794 1873 819 1888 ‘⁸
836 1866 1078 1922 complecti
1107 1867 1311 1908 trientali
1334 1867 1568 1920 pulverem
1591 1873 1740 1908 terrae
1753 1866 1771 1882 ”

275 1931 557 1985 significatur
587 1931 799 1971 ordinare
830 1930 1070 1981 inferiora;
1103 1944 1182 1983 per
1216 1929 1522 1983 “pugillum,''
1556 1930 1771 1982 “spitha-

277 1994 430 2035 mam‘'
454 2000 500 2034 et
529 1993 757 2033 “triental
771 1993 790 2007 ’'
816 1993 1098 2046 significatur
1124 1992 1270 2033 simile
1296 1993 1417 2046 quod
1444 2006 1523 2045 per
1547 1996 1771 2032 “mensu-

275 2057 388 2106 ras,”
411 2063 509 2097 tum
532 2055 653 2109 quod
677 2069 757 2108 per
783 2055 1048 2103 “manum‚”
1066 2069 1231 2108 nempe
1258 2055 1393 2108 quale
1416 2055 1493 2103 rei,
1518 2060 1564 2095 et
1591 2056 1772 2108 propria

276 2121 512 2174 potentia:
556 2132 635 2172 per
668 2120 970 2172 “appendere
1003 2120 1046 2159 in
1081 2119 1213 2159 lance
1245 2124 1442 2166 montes,
1475 2124 1521 2158 et
1552 2117 1696 2158 colles
1726 2118 1771 2158 in

278 2184 392 2224 libra
405 2183 424 2199 ”
446 2182 729 2235 significatur
754 2182 1051 2222 subordinate
1078 2189 1124 2222 et
1150 2181 1452 2235 aequilibrare
1479 2181 1659 2230 omnia;
1691 2194 1772 2234 per

279 2246 530 2287 “lancem’'
556 2251 602 2285 et
632 2245 834 2285 “libram
848 2245 867 2260 ”
893 2245 1178 2298 significatur
1203 2245 1326 2297 justa
1355 2244 1690 2297 aequilibratio,
1719 2258 1770 2285 ac

276 2324 356 2363 per
387 2308 642 2350 “montes’'
675 2315 721 2349 et
760 2309 974 2349 “colles'’
1010 2308 1324 2362 significantur
1359 2307 1474 2348 caeli
1514 2308 1770 2360 superiores

279 2373 379 2426 (per
407 2372 661 2413 “montes’'
686 2372 752 2412 illi
783 2371 899 2412 caeli
930 2372 1004 2425 qui
1034 2372 1078 2411 in
1110 2384 1263 2411 amore
1294 2371 1338 2410 in
1371 2370 1617 2410 Dominum
1649 2377 1768 2418 sunt,

276 2442 322 2476 et
349 2449 428 2488 per
452 2435 665 2475 “colles’'
684 2435 758 2488 qui
783 2435 827 2474 in
851 2434 1077 2474 charitate
1097 2446 1206 2485 erga
1227 2433 1504 2486 proximum,
1524 2438 1573 2472 ut
1596 2432 1768 2485 supra).

277 2498 416 2551 Apud
441 2498 651 2547 Hz'obum,

343 2593 442 2625 “Ubi
461 2594 559 2625 fuisti
577 2604 657 2625 cum
676 2593 864 2625 fundarem
882 2594 1038 2625 terram?
1061 2592 1182 2623 indica
1199 2591 1228 2623 si
1244 2591 1341 2622 nosti
1359 2591 1639 2630 intelligentiam
1657 2600 1663 2626 :
1689 2590 1769 2631 quis

451 2638 571 2677 posuit
585 2647 771 2668 mensuras
791 2637 893 2677 ejus?
916 2637 946 2668 si
963 2637 1033 2668 scis
1049 2646 1056 2673 ;
1081 2642 1116 2667 et
1132 2636 1210 2676 quis
1225 2635 1386 2666 extendit
1399 2644 1508 2675 super
1519 2644 1598 2665 earn
1612 2634 1771 2666 lineam?

451 2691 558 2721 super
582 2681 667 2721 quid
691 2682 797 2712 bases
822 2681 900 2720 ejus
919 2681 1105 2712 demersae
1126 2680 1232 2711 sunt?
1256 2679 1334 2719 quis
1351 2678 1436 2718 jecit
1460 2678 1618 2718 lapidem
1643 2677 1766 2718 anguli

451 2725 528 2764 ejus
539 2724 572 2757 ?”
587 2725 743 2764 (xxxviii.
757 2725 822 2763 4—6
834 2724 855 2764 2)

276 2832 356 2872 per
374 2822 398 2839 “
412 2824 580 2859 terram
593 2817 612 2832 '’
628 2818 699 2858 hic
718 2817 991 2870 intelligitur
1007 2816 1227 2866 ecclesia;
1258 2830 1338 2869 per
1355 2815 1580 2855 “fundare
1597 2814 1766 2862 illam,'’

276 2887 324 2922 et
360 2885 569 2934 “ponere
600 2893 835 2920 mensuras
866 2879 1001 2932 ejus,”
1032 2878 1311 2932 significatur
1346 2879 1599 2918 instaurare
1637 2877 1764 2917 illam

277 2950 323 2985 et
359 2944 601 2996 designare
632 2943 766 2997 quale
798 2941 892 2995 ejus
927 2941 1234 2996 (“mensura”
1265 2947 1333 2983 est
1365 2940 1499 2994 quale
1530 2940 1643 2994 rei);
1682 2953 1762 2993 per

1948 2661 1962 2684 >i

1947 2685 1962 2759 l
