1962 3334
666 249 775 282 CAP.
799 248 881 288 XL,
903 246 1042 279 VERS.
1063 245 1211 290 7.—-N.
1231 235 1328 289 647.
1373 229 1379 234 ’
1638 234 1744 288 1673

256 363 379 405 malo
407 361 596 403 existit:
635 374 696 401 ex
723 359 792 400 his
817 371 936 400 nunc
967 363 1099 412 patet
1131 356 1254 410 quod
1284 355 1398 396 haec
1426 369 1542 409 quae
1576 354 1622 396 in
1657 354 1745 395 hoc

257 488 460 529 habeant
491 485 706 527 claudere
736 485 929 533 caelum,
961 491 1009 524 ut
1040 496 1131 523 non
1161 482 1292 536 pluat
1323 481 1517 535 pluvia‚'’
1547 487 1595 522 et
1625 481 1748 534 quod

258 555 584 604 “potestatem
606 548 808 589 habeant
830 560 964 600 super
981 559 1122 599 aquas
1145 550 1417 585 convertere
1442 543 1545 583 illas
1570 544 1615 583 in
1640 557 1747 584 san-

255 614 455 667 guinem,
482 618 530 652 et
569 616 808 664 percutere
838 615 1008 650 terram
1047 608 1172 648 omni
1207 607 1360 660 plaga,
1386 606 1748 660 quotiescunque

255 673 529 723 voluerint,”
541 686 633 714 non
650 672 952 725 intelligenda
969 671 1060 711 sint
1078 670 1329 711 secundum
1344 682 1528 720 sensum
1546 668 1746 718 litterae,

256 739 338 780 sed
367 738 616 779 secundum
646 749 831 777 sensum
860 735 1172 789 spiritualem;
1204 734 1279 787 qui
1304 740 1391 782 est,
1418 733 1541 786 quod
1566 733 1649 786 ipsi
1674 734 1750 786 qui

257 801 428 842 malum
458 800 632 841 faciunt
656 799 812 839 “binis
842 797 1071 839 testibus”
1096 797 1181 837 sibi
1210 796 1323 837 talia
1352 795 1601 845 inducant;
1643 808 1749 835 nam

256 869 479 918 quantum
500 863 662 916 aliquis
685 861 855 902 malum
877 860 967 901 illis
989 860 1113 910 facit,
1132 866 1315 900 tantum
1341 859 1516 899 claudit
1538 858 1624 898 sibi
1643 871 1748 899 cae-

257 926 366 976 lum,
384 932 431 967 et
452 932 634 966 tantum
659 938 768 965 vera
789 924 930 964 vertit
952 923 1072 976 apud
1095 936 1144 963 se
1165 923 1211 963 in
1232 922 1360 970 salsa,
1379 928 1426 963 et
1447 927 1631 962 tantum
1652 921 1750 974 ipse

257 1003 338 1044 per
361 987 758 1042 concupiscentias
784 986 892 1027 mali
915 992 1063 1027 semet
1089 985 1255 1039 perdit.

888 1169 1025 1194 vmsus
1042 1169 1071 1200 7,
1086 1162 1116 1194 8.

337 1233 475 1288 648·
512 1247 574 1274 “ft
590 1255 653 1274 eum
671 1247 852 1274 absoluerlnt
864 1247 1059 1274 insumentum
1074 1254 1167 1278 ouum.
1184 1246 1280 1273 butte:
1297 1246 1460 1273 amendant
1479 1253 1516 1272 ex
1533 1245 1644 1279 abysso
1654 1244 1752 1279 factet

259 1287 361 1314 bellum
374 1294 437 1314 oum
451 1287 520 1318 mla.
534 1289 565 1314 et
576 1287 672 1314 vincet
683 1287 758 1318 illos,
773 1288 804 1313 et
815 1287 927 1313 occidet
939 1287 1013 1313 ῙΙΙω.
1051 1286 1072 1312 Ε
1072 1287 1086 1312 t
1100 1293 1222 1318 corpora
1237 1286 1349 1312 tuorum
1362 1292 1452 1317 super
1463 1286 1564 1317 platea
1576 1285 1658 1312 urbi-3
1671 1292 1753 1318 maq-

257 1331 323 1357 nac.
338 1332 413 1358 quae
428 1327 547 1352 vocatur
560 1325 760 1358 spiritualiter
773 1324 894 1351 Sodoma
908 1326 939 1351 ot
953 1324 1112 1357 Aeqyptus,
1128 1324 1179 1350 ubi
1192 1325 1224 1350 et
1237 1323 1373 1350 Dominus
1388 1325 1490 1350 noster
1501 1323 1658 1356 emovitus
1673 1323 1752 1350 est.''

304 1404 335 1438 7.
368 1397 431 1431 Ἐἰ
441 1407 518 1432 cum
530 1397 741 1431 absolverint
753 1396 983 1431 testimonium
996 1397 1127 1434 suum,''
1139 1396 1304 1438 significat
1317 1397 1355 1428 in
1355 1396 1436 1439 fine
1447 1397 1606 1434 ecclesiae,
1618 1397 1754 1438 quondo

434 1453 503 1473 non
519 1443 664 1483 amplius
679 1443 873 1484 agnoscitur
885 1442 1059 1473 Divinum
1075 1442 1231 1478 Domini,
1248 1446 1279 1472 el
1298 1442 1377 1472 inde
1399 1451 1468 1471 non
1485 1441 1630 1482 amplius
1644 1446 1690 1472 est
1704 1441 1752 1471 bo-

435 1497 519 1517 num
532 1487 656 1517 amoris
667 1491 699 1517 et
707 1497 825 1517 verum
837 1486 1012 1517 doc'lrinae
1025 1485 1073 1529 [n.
1088 1485 1171 1528 649]
1183 1497 1192 1523 ς
1220 1484 1352 1518 “bestiti
1363 1484 1558 1518 ascendens
1571 1494 1614 1517 ex
1626 1484 1753 1528 abysso

436 1530 542 1563 faciet
562 1530 686 1563 bellum
703 1540 780 1563 cum
803 1530 900 1567 illis,”
917 1529 1083 1571 significat
1100 1531 1386 1571 impugnationem
1402 1541 1444 1560 ex
1460 1530 1629 1571 infernali
1642 1540 1755 1560 amore

438 1574 487 1618 [n.
505 1574 608 1617 650];
638 1577 697 1607 “ot
713 1574 826 1608 vincet
846 1574 933 1611 mos,
952 1577 990 1607 et
1010 1573 1144 1606 occidet
1157 1573 1263 1611 illos,”
1280 1573 1444 1615 significat
1468 1574 1548 1604 inde
1562 1574 1751 1604 destruaio-

436 1629 512 1650 nem
527 1619 635 1650 omnis
649 1619 730 1650 boni
742 1624 774 1650 et
787 1619 862 1650 veri
874 1619 1021 1650 ecclesiae
1040 1618 1091 1661 [n.
1109 1618 1202 1661 651].

304 1681 337 1714 8.
371 1681 434 1715 “Et
446 1692 590 1725 corpora
606 1682 739 1715 illorum
760 1691 868 1724 supet·
881 1682 999 1724 platea
1022 1681 1119 1714 urbis
1134 1682 1307 1724 magnae,”
1323 1680 1487 1722 significat
1502 1681 1754 1712 exstianzbnem

437 1727 573 1758 illorum
589 1737 631 1757 ex
647 1727 745 1757 malis
759 1727 899 1768 etfalsis
913 1726 1088 1757 doc2rinae
1107 1726 1157 1768 [n.
1172 1725 1255 1768 652]
1269 1737 1278 1763 ;
1304 1730 1414 1768 “quae
1433 1728 1576 1758 vocatur
1586 1724 1754 1767 spiritua-

437 1770 516 1803 ΙῘΐεΙ·
532 1770 676 1803 Sodoma
693 1772 731 1803 et
743 1769 943 1813 aeqypluss'
959 1769 1123 1811 significat
1138 1775 1204 1811 per
1218 1771 1310 1800 mola
1327 1770 1452 1800 amoris
1473 1770 1530 1800 sui
1549 1775 1581 1800 et
1587 1775 1654 1811 per
1656 1770 1754 1812 saka

438 1815 517 1846 inde
535 1815 587 1857 [n.
605 1814 682 1855 653,
699 1814 799 1856 654];
830 1814 911 1847 “ubi
924 1816 962 1846 et
975 1813 1139 1847 Dominus
1153 1816 1274 1847 noster
1290 1813 1476 1847 crucifixus
1493 1814 1576 1851 estl'
1591 1813 1754 1855 significat

437 1870 459 1890 a
475 1859 606 1901 quibus,
620 1864 734 1900 nempe
746 1859 845 1890 malis
855 1863 886 1889 et
900 1859 978 1889 inde
983 1859 1087 1900 falsis
1099 1859 1255 1889 oriundis
1265 1869 1307 1889 ex
1318 1869 1431 1889 amore
1443 1858 1622 1900 infernali,
1635 1858 1754 1889 Domi-

437 1914 502 1934 nus
517 1904 655 1946 rqjec'lus
669 1907 702 1934 et
715 1903 951 1934 condemnatus
964 1903 1010 1934 sit
1025 1902 1074 1946 [n.
1093 1902 1133 1944 65
1139 1902 1191 1945 5].

341 2010 480 2064 649.
520 2020 626 2058 [Vers.
652 2020 696 2058 7.]
728 2009 806 2049 “Et
831 2023 922 2050 oum
941 2009 1224 2050 ¹¹¹absolrerint
1249 2009 1752 2062 tostimonium.¹'—Quod

265 2071 488 2125 significet
519 2071 565 2112 in
582 2071 680 2125 fine
708 2071 920 2120 ecclesiae,
953 2071 1129 2124 quando
1158 2085 1241 2111 non
1273 2071 1467 2124 amplius
1498 2071 1754 2124 agnoscitur

262 2133 476 2180 Divinum
499 2134 695 2183 Domini,
721 2140 764 2174 et
792 2134 894 2174 inde
923 2148 1006 2174 non
1031 2133 1226 2186 amplius
1251 2141 1319 2175 est
1343 2134 1498 2175 bonum
1522 2134 1688 2175 amoris
1713 2140 1755 2174 et

263 2210 416 2238 verum
451 2197 688 2245 dominae,
728 2203 912 2237 constat
953 2211 1013 2237 ex
1051 2196 1383 2250 significatione
1424 2196 1753 2244 “testimonii‚‘’

263 2259 383 2312 quod
409 2260 467 2300 sit
493 2260 668 2313 agnitio
694 2259 846 2300 Divini
871 2260 916 2300 in
943 2259 1155 2308 Domino,
1183 2266 1230 2301 et
1262 2260 1366 2300 inde
1391 2260 1559 2300 bonum
1586 2261 1751 2300 amoris

264 2326 312 2360 et
350 2333 507 2360 verum
546 2319 781 2361 doctrinae
821 2331 877 2368 (de
905 2340 970 2368 qua
995 2331 1182 2370 sequitur);
1229 2327 1276 2361 et
1319 2334 1379 2361 ex
1419 2320 1752 2373 significatione

267 2381 540 2423 “absolvere
571 2381 722 2430 illud,’'
753 2381 874 2435 quod
906 2383 964 2422 sit
997 2381 1148 2432 finire3
1191 2388 1238 2422 et
1274 2383 1377 2435 quia
1408 2382 1494 2422 hoc
1526 2381 1678 2422 finitur
1708 2383 1752 2422 in

264 2443 351 2494 fine
381 2443 616 2492 eeclesiae,
648 2445 751 2485 ideo
786 2458 866 2498 per
900 2444 1208 2485 “absolvere''
1240 2444 1311 2485 hic
1343 2444 1623 2498 significatur
1653 2444 1752 2484 finis

264 2506 509 2557 ecclesiae;
541 2507 644 2560 quia
670 2513 776 2548 tunc
801 2520 891 2547 non
914 2507 1106 2560 amplius
1133 2513 1202 2548 est
1229 2507 1379 2561 aliqua
1400 2508 1576 2560 agnitio
1602 2507 1752 2548 Divini

263 2569 309 2610 in
335 2569 546 2618 Domino,
573 2569 676 2610 ideo
709 2582 791 2610 nec
825 2576 895 2610 est
921 2569 1104 2622 aliquod
1130 2569 1299 2610 bonum
1325 2571 1492 2610 amoris
1524 2577 1570 2610 et
1596 2583 1751 2610 verum

264 2629 507 2672 doctrinae.
570 2630 703 2684 Quod
722 2631 807 2672 hoc
831 2645 909 2684 per
929 2635 954 2651 ‘⁴
969 2632 1280 2672 testimonium
1293 2632 1312 2647 ’'
1329 2632 1621 2685 significetur,
1641 2645 1751 2673 con-

265 2700 386 2735 stare
417 2700 571 2747 potest
601 2708 662 2735 ex
698 2694 785 2734 illis
821 2708 936 2748 quae
967 2692 1186 2735 haetenus
1217 2693 1338 2735 dicta
1368 2701 1473 2735 sunt
1506 2695 1562 2735 de
1597 2695 1751 2735 “binis

265 2756 458 2797 testibus
476 2755 511 2806 ;’'
547 2756 667 2810 quod
694 2769 855 2810 nempe
882 2770 960 2810 per
991 2756 1093 2797 illos
1118 2756 1402 2810 intelligatur
1428 2757 1596 2798 bonum
1623 2770 1749 2798 arno-

264 2819 323 2859 ris
347 2825 394 2859 et
421 2818 656 2860 charitatis
682 2832 734 2860 ac
756 2832 910 2860 verum
938 2817 1168 2861 doctrinae
1191 2826 1238 2861 et
1260 2819 1376 2868 fidei,
1402 2821 1505 2873 quia
1530 2820 1606 2860 illa
1629 2820 1750 2873 prin-

264 2880 470 2935 cipaliter
492 2887 722 2924 testantur
744 2882 799 2924 de
822 2881 1047 2935 Domino;
1080 2889 1183 2924 sunt
1207 2883 1326 2924 enim
1352 2883 1409 2924 ab
1432 2883 1551 2937 Ipso,
1576 2889 1621 2924 et
1645 2890 1750 2924 sunt

256 440 391 468 versu
420 425 731 472 continentur,
759 435 940 475 nempe,
967 421 1089 475 quod
1123 420 1252 460 “duo
1281 425 1429 460 testes
1459 423 1747 472 potestatem
1808 449 1813 455 .
