1962 3334
319 246 426 290 1750
727 246 1061 279 APOCALYPSIS
1092 246 1391 279 EXPLICATA.

312 365 358 400 et
390 359 447 400 ad
482 358 558 399 illa
590 373 703 412 quae
735 358 952 400 naturalis
977 359 1170 400 hominis
1201 365 1332 410 sunt;
1374 359 1485 400 “ubi
1518 373 1607 400 non
1634 359 1805 400 videbi-

312 436 410 463 mus
437 422 622 471 bellum,
648 429 693 463 et
717 436 876 463 vocem
902 423 1118 464 buccinae
1146 422 1275 476 [non]
1301 423 1544 472 audiemus,
1570 430 1615 464 et
1642 437 1805 476 panem

312 499 403 526 non
431 485 715 534 esuriemus,”
743 484 968 538 significat
994 492 1102 526 tunc
1130 499 1220 526 non
1252 485 1588 527 infestationem
1621 500 1646 526 a
1677 486 1806 526 malis

311 555 357 588 et
388 548 524 597 falsis,
553 554 689 601 atque
717 554 824 589 tunc
854 562 945 589 non
974 549 1283 598 tentationes3
1321 549 1556 589 “bellum’'
1582 548 1805 602 significat

310 610 646 652 infestationem
670 617 716 651 et
740 624 939 664 pugnam
965 625 991 651 a
1017 611 1137 651 falsis
1163 617 1209 652 et
1236 610 1379 660 malis,
1405 624 1455 651 ac
1484 615 1508 631 “
1525 624 1688 664 panem
1714 624 1804 652 non

310 675 474 715 esurire
488 674 506 689 ”
532 673 757 727 significat
785 688 874 715 non
903 674 1160 715 desiderare
1187 675 1370 723 bonurn,
1399 675 1517 728 quod
1546 674 1595 715 fit
1622 674 1707 715 illis
1733 675 1806 728 qui

309 738 353 777 in
390 737 510 777 salsis
549 744 595 778 et
633 737 762 777 malis
800 745 918 786 sunt,
961 738 1147 790 proinde
1185 737 1271 777 illis
1309 738 1382 791 qui
1419 751 1540 778 mere
1577 737 1806 778 naturales

310 806 440 851 sunt;
479 800 599 840 mala
630 806 676 840 et
709 799 820 840 falsa
852 813 943 841 non
971 800 1187 841 infestant
1215 800 1329 849 illos,
1360 801 1461 853 quia
1492 801 1535 840 in
1567 799 1653 840 illis
1684 806 1802 849 sunt,

311 869 358 903 et
385 876 476 903 non
503 863 649 903 sciunt
677 862 843 916 aliquid
871 863 926 903 de
953 863 1068 903 veris
1100 869 1146 903 et
1178 863 1308 903 bonis
1331 877 1339 913 3
1381 867 1464 903 “et
1496 863 1554 903 ibi
1580 862 1804 903 habitabi-

309 925 438 966 mus”
470 925 695 978 significat
727 927 869 967 vitam
902 926 1185 977 naturalem;
1231 926 1349 967 “sed
1387 927 1421 966 si
1457 940 1538 967 vos
1570 926 1805 979 posueritis

308 988 443 1029 facies
479 996 655 1030 vestras
692 989 749 1029 ad
788 990 1061 1030 veniendum
1101 989 1382 1043 Aegyptum,
1417 996 1463 1030 et
1498 990 1710 1045 veneritis
1747 989 1804 1029 ad

308 1052 687 1104 peregrinandum
707 1052 806 1099 ibi‚”
824 1052 1051 1105 significat
1071 1053 1106 1092 si
1129 1066 1187 1093 ex
1211 1066 1364 1093 amore
1382 1053 1641 1093 desiderent
1660 1053 1803 1093 vitam

308 1114 590 1165 naturalem;
644 1116 766 1156 “erit
805 1115 996 1168 gladius,
1036 1129 1062 1155 a
1103 1129 1190 1169 quo
1233 1129 1313 1156 vos
1353 1116 1524 1156 timetis
1564 1115 1706 1164 vobis,
1745 1115 1804 1155 ibi

308 1177 561 1230 prehendet
594 1192 674 1218 vos
706 1179 750 1218 in
788 1184 909 1219 terra
942 1178 1189 1232 Aegypti,’'
1223 1178 1449 1231 significat
1482 1178 1593 1219 falsa
1624 1179 1802 1219 destru-

307 1241 430 1281 entia
452 1255 584 1291 vera;
621 1245 707 1282 “et
734 1241 873 1282 sames
897 1242 953 1282 de
976 1256 1063 1295 qua
1085 1256 1166 1282 vos
1190 1241 1373 1282 solliciti
1396 1243 1519 1290 estis,
1544 1242 1603 1282 ibi
1628 1241 1799 1282 adhae-

306 1304 423 1345 rebit
443 1310 546 1357 post
564 1318 645 1344 vos
665 1305 709 1345 in
727 1304 987 1358 Aegypto,”
1003 1304 1228 1357 significat
1244 1303 1470 1346 defectum
1488 1305 1802 1358 cognitionum

306 1367 399 1407 veri
417 1373 462 1407 et
478 1367 584 1407 boni
602 1381 611 1417 ;
633 1370 716 1408 “et
735 1368 794 1407 ibi
813 1368 1063 1408 moriemini
1077 1367 1096 1382 ’'
1111 1367 1337 1420 significat
1352 1369 1455 1408 inde
1472 1367 1803 1408 desolationem

307 1429 526 1470 ecclesiae
553 1444 604 1470 ac
637 1431 998 1481 damnationem;
1052 1434 1077 1450 ‘⁴
1094 1437 1140 1471 et
1167 1444 1325 1471 omnes
1351 1431 1431 1471 viri
1458 1431 1530 1484 qui
1557 1437 1803 1483 posuerunt

305 1493 441 1533 facies
464 1507 566 1533 suas
589 1493 647 1534 ad
677 1493 948 1534 veniendum
972 1494 1016 1533 in
1039 1493 1324 1547 Aegyptum,
1345 1493 1401 1534 ad
1426 1493 1803 1546 peregrinandum

306 1556 380 1604 ibi,
420 1557 667 1597 morientur
710 1556 879 1609 gladio,
917 1556 1034 1598 same
1076 1563 1122 1598 et
1164 1556 1333 1610 peste‚'’
1376 1556 1600 1609 significat
1642 1557 1803 1598 similia

306 1632 421 1672 quae
448 1620 566 1672 prius
596 1618 799 1673 (“pestis
817 1619 836 1634 ‘'
863 1619 1088 1672 significat
1115 1621 1423 1660 vastationem
1450 1620 1595 1660 omnis
1621 1620 1727 1660 boni
1754 1626 1801 1661 et

305 1682 447 1735 veri);
499 1686 619 1723 “nec
667 1684 751 1723 erit
798 1682 885 1723 illis
929 1683 1132 1723 residuus
1180 1689 1257 1724 aut
1299 1683 1498 1724 evadens
1517 1682 1537 1698 ’¹
1577 1682 1802 1736 significat

305 1747 425 1799 quod
463 1759 644 1798 prorsus
682 1745 792 1786 nihil
829 1747 921 1786 veri
960 1752 1006 1786 et
1044 1746 1149 1786 boni
1186 1747 1432 1799 supererit;
1479 1749 1565 1787 “et
1602 1746 1726 1787 eritis
1757 1747 1801 1787 in

306 1806 686 1856 maledicffionem,
714 1809 757 1849 in
785 1815 1031 1862 stuporem,
1056 1810 1099 1849 in
1126 1810 1468 1850 execrationem
1495 1815 1541 1849 et
1568 1810 1612 1849 in
1635 1823 1800 1862 oppro-

306 1871 488 1920 brium‚”
526 1871 750 1924 significat
793 1872 1099 1912 damnationis
1137 1872 1314 1922 omnia3
1365 1876 1547 1925 “neque
1584 1872 1797 1913 videbitis

305 1934 497 1987 amplius
524 1934 673 1974 locum
700 1935 817 1976 hunc
830 1934 849 1950 ''
874 1934 1099 1988 significat
1126 1935 1246 1988 quod
1274 1948 1363 1975 non
1387 1934 1558 1988 aliquid
1581 1934 1800 1976 ecclesiae

305 1997 389 2038 erit
414 1997 533 2049 apud
560 1996 662 2037 illos
689 1997 895 2051 amplius.

389 2061 464 2115 [l.]
507 2062 648 2115 Apud
670 2061 959 2111 Ezechielem,

372 2162 390 2175 ‘⁸
404 2160 504 2192 Duae
525 2160 691 2191 mulieres
711 2160 802 2191 filiae
823 2161 928 2191 unius
949 2160 1071 2191 matris
1089 2160 1241 2198 fuerunt,
1263 2170 1352 2201 quae
1373 2165 1547 2191 scortatae
1566 2165 1649 2191 sunt
1674 2159 1708 2190 in
1729 2159 1800 2190 Ae-

479 2211 590 2245 gypto
608 2214 632 2239 ;.
646 2229 653 2236 .
667 2229 674 2236 .
690 2204 853 2235 ,nomina
872 2214 992 2235 earum
1017 2204 1135 2234 Ohola
1155 2204 1269 2243 major
1289 2211 1400 2242 natu„
1416 2228 1423 2235 .
1437 2213 1542 2244 .quae
1562 2203 1737 2235 Samaria.
1752 2228 1759 2234 .
1773 2228 1798 2241 .,

481 2255 516 2280 et
537 2248 707 2279 Oholiba.
722 2273 728 2279 .
744 2258 849 2288 .quae
871 2247 1137 2288 Hierosolyma.
1188 2248 1304 2278 Ohola
1327 2253 1482 2278 scortata
1505 2253 1559 2278 est
1583 2248 1648 2278 sub
1675 2246 1745 2284 Me,
1764 2254 1798 2278 et

480 2292 630 2323 amavit.
646 2291 830 2331 ‚Assyrios
849 2291 1096 2331 propinquos„
1112 2316 1119 2322 .
1133 2316 1140 2322 .
1156 2298 1206 2323 .et
1225 2291 1321 2322 dedit
1340 2292 1574 2322 scortationes
1592 2300 1673 2321 suas
1694 2300 1799 2330 super

480 2334 657 2367 delectum
673 2335 825 2366 filiorum
841 2335 1012 2365 Aschuris
1027 2335 1215 2372 omnium„
1230 2359 1237 2366 .
1252 2359 1258 2366 .
1274 2340 1446 2366 ,attamen
1461 2334 1696 2365 scortationes
1714 2343 1798 2365 suas

480 2390 525 2411 ex
545 2379 711 2419 Aegypto
737 2389 810 2409 non
835 2379 998 2416 deseruit,
1022 2388 1104 2409 nam
1130 2388 1208 2409 curn
1234 2388 1275 2408 ea
1294 2378 1482 2408 concubuit
1502 2377 1538 2408 in
1558 2378 1799 2408 adolescentia

480 2433 582 2459 sua2.
597 2447 604 2454 .
620 2447 626 2454 .
642 2423 738 2454 .ideo
758 2422 885 2453 tradidi
910 2432 988 2452 eam
1014 2422 1049 2452 in
1076 2432 1220 2452 manum
1246 2421 1462 2452 amasiorum
1486 2421 1591 2460 ejus„
1607 2420 1796 2452 ..filiorum

480 2466 668 2498 Aschuris.
683 2490 691 2497 .
705 2490 712 2497 .
727 2475 733 2502 ;
758 2466 809 2496 illi
826 2466 1029 2496 revelarunt
1046 2465 1241 2496 nuditatem
1256 2465 1343 2504 ejus,
1358 2465 1449 2496 filios
1467 2465 1543 2504 ejus
1561 2471 1595 2495 et
1612 2464 1701 2495 filias
1719 2464 1797 2504 ejus

481 2515 662 2550 ceperunt,
680 2515 715 2540 et
732 2509 846 2549 ipsam
863 2509 983 2548 gladio
1000 2509 1143 2540 tandem
1163 2509 1375 2540 occiderunt.
1407 2534 1413 2540 .
1430 2534 1436 2540 .
1451 2533 1457 2540 .
1473 2508 1583 2540 .Vidit
1600 2518 1702 2539 soror
1719 2508 1796 2547 ejus

480 2554 645 2590 Oholiba,
665 2559 700 2584 et
717 2553 872 2592 corrupit
891 2562 1049 2583 amorem
1071 2562 1172 2583 suum
1193 2553 1272 2592 plus
1293 2562 1396 2592 quam
1419 2553 1488 2590 illa,
1506 2558 1540 2583 et
1560 2551 1796 2583 scortationes

480 2607 563 2628 suas
581 2607 688 2636 supra
705 2597 940 2628 scortationes
954 2596 1087 2627 sororis
1105 2606 1199 2634 suae,
1215 2596 1304 2626 filios
1322 2596 1492 2626 Aschuris
1507 2595 1686 2626 adamavit
1700 2604 1722 2629 2.
1738 2619 1745 2626 .
1759 2619 1766 2626 .
1782 2619 1789 2626 .

480 2641 615 2671 addidit
634 2641 729 2671 enim
750 2640 794 2671 ad
814 2640 1048 2671 scortationes
1067 2649 1158 2677 suas,
1177 2639 1318 2680 quando
1338 2640 1433 2670 enirn
1455 2639 1542 2670 vidit
1561 2639 1657 2670 viros
1678 2637 1793 2678 pidtos

480 2694 587 2724 super
604 2684 746 2724 pariete,
762 2683 936 2723 imagines
954 2682 1215 2714 Chaldaeorum
1234 2681 1346 2723 pictas
1365 2683 1502 2720 minio„
1517 2707 1524 2714 .
1538 2707 1545 2713 .
1561 2682 1701 2722 .quibus
1719 2691 1795 2712 om-

481 2728 584 2759 nibus
596 2727 731 2767 species
745 2727 884 2764 ducum,
896 2727 1164 2758 similitudinem
1177 2726 1327 2757 filiorum
1340 2726 1493 2762 Babelis‚
1508 2725 1768 2757 Chaldaeorum
1785 2734 1792 2762 ;

486 2796 493 2802 .
508 2795 536 2802 ..
552 2777 602 2802 .et
621 2777 795 2802 venerunt
818 2771 863 2801 ad
887 2780 965 2801 eam
991 2770 1052 2801 filii
1079 2770 1220 2801 Babelis
1244 2770 1289 2800 ad
1313 2770 1537 2800 concubitum
1562 2778 1736 2806 amorum,
1758 2775 1794 2800 et

479 2814 682 2855 polluerunt
706 2824 784 2845 eam
810 2824 872 2854 per
896 2814 1149 2845 scortationem
1174 2823 1273 2844 suam
1290 2823 1312 2849 z.
1328 2837 1334 2844 .
1349 2838 1355 2844 .
1371 2813 1634 2853 multiplicavit
1659 2818 1793 2843 scorta-

478 2858 596 2889 tiones
616 2867 699 2889 suas
723 2858 806 2888 dum
828 2858 1011 2888 recordata
1035 2863 1089 2888 est
1108 2857 1243 2888 dierum
1265 2857 1525 2887 adolescentiae
1546 2865 1642 2893 suae,
1663 2856 1791 2896 quibus

478 2907 632 2933 scortata
651 2907 705 2933 est
729 2901 764 2932 in
790 2907 884 2932 terra
907 2901 1072 2942 Aegypti,
1093 2900 1271 2931 adamavit
1292 2909 1398 2940 supra
1421 2899 1565 2940 pellices
1590 2909 1726 2937 eorum,
1747 2908 1790 2929 eo
