1962 3334
0 1993 19 2023 ‚⁵⁴

0 2075 14 2136 ξ

0 2156 16 2205 ἒζ

0 2384 23 2413 a«,

0 2724 49 3334 gffissgrffiy'h-toqffssfffl-Wssirvss
31 2664 33 2666 .
27 2638 30 2643 .
22 2562 25 2563 =

632 278 737 311 CAP.
762 277 844 318 lx„
867 276 1006 309 VERs.
1033 275 1205 309 10.-—-N.
1231 267 1323 320 560.
1434 282 1440 287 ’
1612 277 1712 318 1411

231 391 462 440 mundum,
486 397 535 432 ut
560 390 728 432 faciunt
751 389 982 431 sensuales
1008 389 1083 443 qui
1107 389 1152 430 in
1175 388 1298 429 salsis
1320 387 1426 428 mali
1452 393 1585 438 sunt;
1616 387 1719 428 ideo

230 461 453 496 vocantur
490 454 697 495 “caudae
714 453 749 493 :”
793 453 935 494 “titio
975 451 1182 494 sumans'¹
1213 450 1438 504 significat
1480 451 1718 503 concupis-

231 517 430 559 centiam
450 516 562 565 salsi,
581 522 627 557 et
649 516 754 557 inde
776 515 1208 556 excandescentiam
1225 520 1387 555 contra
1403 527 1509 554 vera
1530 519 1577 554 et
1599 513 1720 553 bona

231 579 465 622 ecclesiae.
524 579 667 632 Apud
690 578 858 626 Mosen,

298 667 427 700 “Dixit
448 667 612 709 Jehovah
634 667 680 698 ad
709 666 850 704 Mosen,
876 665 981 698 Mitte
1005 675 1152 697 manum
1177 671 1276 696 tuam
1300 671 1336 696 et
1359 664 1541 705 prehende
1564 663 1718 695 caudam

405 711 602 752 serpentis;
626 717 661 742 et
680 710 778 742 misit
797 719 944 741 manum
964 719 1069 741 suam
1088 716 1124 741 et
1148 708 1339 750 prehendit
1357 718 1451 747 eum,
1470 714 1507 740 et
1528 706 1645 740 faetus
1664 714 1722 741 est

405 755 442 786 in
459 755 622 786 baculum
640 754 676 785 in
693 754 776 785 vola
791 753 869 794 ejus
879 752 898 764 ”
908 753 1032 793 (Exod.
1046 753 1091 784 iv.
1106 761 1135 792 3,
1149 753 1203 792 4):

231 843 352 897 quod
378 843 448 884 hic
471 857 647 896 quoque
673 856 752 896 per
775 841 1005 883 “caudam
1016 841 1037 857 ”
1058 840 1344 894 intelligatur
1364 839 1574 882 sensuale
1598 839 1720 894 quod

232 911 304 945 est
330 905 550 945 naturalis
575 903 800 951 ultimum,
826 903 1036 944 videatur
1064 902 1110 943 in
1134 902 1338 943 Arcanis
1365 901 1644 944 Caelestz'bus
1674 911 1721 949 (n.

230 974 440 1012 ⁶951-6955)-
481 963 707 1016 Quoniam
722 977 802 1016 per
816 967 841 983 “
854 962 1023 1003 caudas
1035 962 1056 976 ’'
1070 961 1388 1015 significantur
1402 960 1564 1002 ultima
1579 961 1720 1002 intel-

231 1024 520 1078 ligentiae-et
546 1026 808 1078 sapientiae,
836 1037 951 1078 quae
980 1030 1086 1064 sunt
1117 1022 1369 1064 scientifica
1398 1021 1639 1070 sensualia,
1672 1028 1719 1063 et

231 1089 442 1141 quoniam
460 1101 617 1128 omnes
634 1101 870 1141 processus
887 1087 1005 1128 circa
1022 1085 1240 1127 sacrificia
1256 1084 1575 1139 significabant
1593 1085 1720 1126 Divi-

231 1164 291 1192 na
315 1150 531 1192 caelestia
555 1157 601 1191 et
628 1149 890 1203 spiritualia,
917 1149 1020 1190 ideo
1045 1150 1186 1190 etiam

297 1239 510 1273 Mandatum
529 1240 596 1272 fuit
617 1246 658 1272 ut
681 1240 831 1272 caudam
851 1239 954 1280 juxta
973 1240 1116 1280 spinam
1136 1239 1234 1272 dorsi
1259 1246 1498 1278 removerent,
1517 1246 1553 1272 et
1577 1249 1719 1281 quoque

404 1284 513 1322 illam,
538 1293 618 1315 cutn
643 1284 789 1324 reliquis
813 1294 903 1325 quae
927 1290 1185 1322 memorantur,
1205 1283 1449 1315 sacrificarent
1468 1284 1590 1324 (Levit.
1611 1284 1660 1315 iii.
1680 1293 1721 1324 9;

404 1337 479 1368 cap.
493 1327 566 1359 viii.
581 1335 620 1366 25
635 1337 643 1365 ;
667 1337 742 1368 cap.
757 1327 802 1359 ix.
819 1336 858 1368 19
872 1338 879 1359 z
903 1327 1015 1359 Exod.
1028 1328 1123 1359 xxix.
1137 1327 1203 1367 22).

232 1415 347 1453 (Quod
359 1415 547 1445 holooeusta
560 1420 591 1444 et
605 1415 758 1444 sacrificia
770 1414 1014 1452 significaverint
1030 1414 1146 1444 Divina
1157 1414 1304 1444 melectia
1318 1419 1349 1443 et
1360 1414 1542 1452 spiritualia,
1555 1423 1639 1452 quae
1649 1419 1723 1443 sunt

230 1461 355 1490 interna
374 1461 535 1494 ecclesiae,
558 1469 598 1489 ex
619 1461 734 1497 qujbus
756 1461 870 1493 cultus,
892 1460 1037 1489 vidoetur
1056 1460 1090 1488 in
1110 1460 1252 1489 Arcanis
1271 1460 1468 1494 Caelestibus,
1485 1469 1517 1490 n.
1529 1462 1618 1493 2180,
1632 1461 1721 1496 2805,

232 1510 776 1547 2807.2830.3519.6905.8936-)
834 1498 953 1552 Quia
999 1512 1080 1552 per
1125 1498 1367 1539 “caudas‘'
1406 1498 1722 1552 significantur

231 1560 478 1602 scientifica
495 1560 732 1608 sensualia,
751 1574 866 1615 quae
884 1561 990 1601 dum
1008 1567 1219 1614 separata
1237 1567 1342 1600 sunt
1360 1560 1418 1601 ab
1435 1560 1721 1601 interioribus

232 1637 346 1677 quae
376 1630 481 1664 sunt
514 1623 775 1677 spiritualia,
809 1624 997 1677 proinde
1034 1636 1135 1664 cum
1173 1637 1264 1664 non
1301 1636 1402 1664 cum
1434 1622 1722 1664 interioribus

232 1684 441 1740 spectant
467 1687 711 1727 introrsum
737 1693 784 1727 et
816 1699 990 1727 sursum
1022 1687 1103 1727 sed
1129 1692 1388 1727 extrorsum
1414 1692 1462 1727 et
1494 1686 1720 1734 deorsum,

232 1748 489 1802 significant
521 1748 632 1789 falsa
663 1748 930 1789 confirmata
961 1762 1040 1801 per
1076 1747 1338 1797 scientifica,
1371 1749 1474 1789 ideo
1505 1749 1644 1789 etiam
1677 1749 1721 1789 in

232 1812 523 1867 sequentibus
538 1813 581 1852 in
596 1811 881 1865 Apocalypsi,
898 1811 972 1852 ubi
989 1812 1140 1865 agitur
1153 1812 1210 1853 de
1226 1812 1350 1853 falsis
1364 1826 1423 1853 ex
1439 1811 1516 1853 illa
1531 1813 1720 1865 origine,

233 1875 397 1916 dicitur

302 1965 406 2007 Quod
426 1966 561 1997 caudae
581 1975 765 2006 equorum,
786 1966 844 2006 qui
864 1966 932 1996 visi
956 1965 992 1996 in
1013 1965 1165 2003 visione,
1185 1972 1306 1998 essent
1324 1966 1461 1998 similes
1485 1967 1722 2008 serpentibus,

406 2009 579 2040 habentes
598 2009 717 2049 capita
735 2009 863 2049 quibus
880 2009 1027 2040 laedunt
1042 2009 1133 2050 (cap.
1147 2009 1192 2041 ix.
1209 2010 1279 2053 19);

231 2091 280 2127 et
300 2092 476 2140 postea,

298 2161 405 2203 Quod
429 2162 539 2193 draco
560 2163 674 2194 cauda
693 2172 759 2194 sua
778 2163 927 2194 traxerit
946 2162 1088 2194 tertiam
1109 2169 1248 2204 partem
1267 2163 1451 2195 stellarum
1471 2164 1571 2202 caeli,
1588 2171 1624 2197 et
1642 2175 1722 2206 pro-

402 2205 528 2246 jecerit
545 2207 582 2237 in
600 2213 730 2237 terram
747 2206 791 2245 (A
789 2212 861 2248 poc.
875 2206 935 2237 xii.
949 2204 997 2248 3[,
1009 2203 1061 2248 4])

235 2280 333 2319 (quae
341 2281 421 2310 infra
431 2281 587 2319 explicata
598 2282 776 2318 videantur)
782 2305 790 2310 .

311 2330 451 2384 560.
489 2330 567 2370 “ft
593 2330 732 2370 aculei
754 2333 878 2370 erant
906 2329 946 2369 in
980 2329 1124 2371 caudis
1151 2329 1548 2383 illarum.''—Quod
1578 2332 1720 2384 signi-

232 2390 337 2432 ficet
368 2391 562 2432 astutias
594 2391 797 2443 fallendi
822 2398 908 2444 per
943 2390 1037 2440 illa,
1070 2398 1254 2433 constat
1295 2406 1355 2433 ex
1389 2392 1722 2446 significatione

237 2453 572 2502 “aculeorum’‘
595 2454 714 2508 quod
741 2454 831 2494 sint
854 2454 1050 2495 astutiae
1076 2460 1123 2495 et
1149 2453 1430 2496 calliditates
1453 2455 1509 2496 ad
1536 2469 1721 2509 persua-

233 2515 432 2557 dendum
462 2516 599 2566 falsa;
642 2531 778 2570 quare
815 2517 1015 2570 sequitur
1050 2517 1170 2570 quod
1207 2518 1376 2559 inesset
1413 2519 1477 2559 eis
1513 2525 1723 2572 potestas

232 2578 442 2620 laedendi
464 2578 684 2627 homines,
703 2580 775 2633 qui
799 2580 916 2620 enim
935 2585 1087 2620 astute
1109 2586 1156 2621 et
1180 2580 1343 2622 callide
1365 2580 1495 2629 fallit,
1514 2582 1550 2621 is
1573 2583 1720 2622 maxi·

233 2653 305 2682 me
331 2641 495 2682 laedit:
530 2642 649 2695 quod
676 2649 830 2683 essent
857 2643 939 2682 “in
966 2642 1161 2691 caudis,'’
1182 2649 1253 2684 est
1279 2644 1382 2698 quia
1407 2651 1512 2685 sunt
1536 2645 1719 2685 scienti·

234 2702 317 2744 fica
332 2703 598 2745 sensualiter
612 2712 840 2758 percepta,
855 2718 933 2758 per
950 2718 1063 2758 quae
1081 2704 1256 2755 fallunt,
1270 2712 1365 2747 tam
1380 2720 1458 2760 per
1472 2705 1720 2747 scientifica

233 2779 293 2806 ex
311 2765 479 2815 Verbo,
499 2780 632 2820 quam
655 2781 733 2820 per
751 2766 998 2809 scientifica
1019 2781 1044 2808 e
1066 2769 1248 2818 mundo,
1268 2783 1328 2811 ex
1350 2769 1509 2823 quibus
1526 2769 1723 2810 eruditio

232 2827 457 2879 humana;
495 2843 573 2883 per
604 2829 853 2871 scientifica
884 2844 908 2871 e
934 2829 1105 2879 Verbo,
1133 2844 1212 2885 per
1242 2832 1363 2886 quod
1394 2832 1440 2872 id
1470 2832 1719 2873 secundum

234 2889 434 2934 litteram
466 2892 733 2934 sensualiter
764 2892 1014 2947 explicant,
1042 2899 1089 2936 et
1126 2907 1218 2937 non
1253 2895 1504 2937 secundum
1535 2907 1719 2936 sensum
