1962 3334
641 287 748 320 CAP.
771 288 853 328 XL,
874 286 1014 320 VERs.
1041 286 1210 332 19.—N.
1231 276 1401 332 701[a].
1480 278 1484 279 ⁷
1654 278 1760 330 1893

269 385 505 449 loederisss’
526 400 628 455 quia
647 400 692 441 in
714 399 792 440 illa
813 399 893 441 suit
915 399 1042 450 Lex;
1074 413 1126 440 ac
1149 413 1229 453 per
1251 399 1504 453 “Legem,”
1526 414 1604 454 per
1625 413 1760 454 quam

274 463 321 504 in
353 463 449 504 lato
479 476 613 504 sensu
643 462 913 515 intelligitur
942 461 1160 510 Verbum,
1190 460 1505 515 ¹¹¹significatur
1535 462 1758 503 Dominus

274 526 424 579 quoad
456 525 667 566 Divinum
703 524 889 573 Verum,
929 525 1049 578 quod
1085 530 1156 565 est
1193 524 1411 573 Verbum,
1445 526 1509 566 ita
1545 525 1759 567 Divinum

274 587 446 629 Verum
472 602 550 629 seu
576 587 776 628 Verbum
801 587 922 640 quod
947 601 974 627 a
1000 586 1214 636 Domino,
1238 593 1285 628 et
1316 588 1362 627 in
1387 601 1476 641 quo
1501 594 1572 629 est
1598 588 1759 628 Domi-

274 664 372 700 nus,
403 651 506 704 quia
542 663 676 690 omne
709 649 921 690 Divinum
953 648 1125 690 Verum
1157 650 1365 702 procedit
1400 650 1459 690 ab
1495 650 1627 703 Ipso:
1670 650 1758 691 hoc

273 726 375 754 cum
400 713 611 766 recipitur
634 712 692 752 ab
717 712 914 759 homine,
942 710 992 752 fit
1024 711 1281 764 conjunctio
1313 726 1414 753 cum
1442 712 1669 763 Domino;
1712 720 1759 754 et

272 775 385 816 haec
412 773 667 828 conjunctio
688 782 774 822 est,
797 788 911 828 quae
933 773 1211 827 significatur
1235 788 1315 827 per
1338 775 1571 816 “foedus.‘'
1631 775 1759 828 Quo-

273 838 411 879 modo
446 836 703 890 conjuncfio
740 837 924 877 Domini
964 850 1066 877 cum
1106 837 1291 878 homine
1333 845 1381 878 et
1422 838 1616 879 hominis
1657 852 1759 879 cum

263 897 470 941 Domino
500 899 564 948 fit,
592 901 729 941 etiam
762 901 914 953 paucis
945 899 1132 940 dicetur.
1192 899 1414 940 Dominus
1449 902 1567 954 apud
1600 915 1760 942 omnes

271 962 477 1004 homines
508 964 720 1004 continue
750 962 892 1002 influit
924 975 1025 1003 cum
1057 962 1156 1003 luce
1188 977 1302 1016 quae
1333 963 1545 1011 illustrat,
1576 971 1623 1005 et
1656 978 1759 1005 cum

271 1025 506 1067 affefflone
528 1027 698 1067 sciendi
720 1032 768 1066 et
788 1025 1075 1078 intelligendi
1095 1039 1203 1066 vera
1224 1039 1276 1066 ac
1294 1026 1477 1067 volendi
1499 1034 1546 1068 et
1568 1027 1760 1068 faciendi

268 1089 370 1130 illa:
414 1096 461 1130 et
500 1090 601 1143 quia
641 1088 717 1129 illa
758 1088 836 1128 lux
876 1095 923 1129 et
964 1088 1042 1128 illa
1080 1087 1258 1129 affeffio
1298 1090 1513 1130 continue
1550 1090 1694 1131 influit
1732 1104 1758 1131 a

271 1152 481 1201 Domino,
501 1153 712 1205 sequitur,
731 1151 851 1204 quod
872 1157 1092 1204 quantum
1114 1151 1253 1191 homo
1274 1153 1435 1205 recipit
1457 1166 1517 1192 ex
1539 1152 1616 1192 illa
1639 1153 1755 1200 luce,

270 1221 449 1255 tantum
475 1214 706 1255 rationalis
731 1213 835 1263 fiat;
872 1220 919 1254 et
945 1220 1163 1266 quantum
1189 1228 1248 1254 ex
1274 1213 1351 1254 illa
1377 1213 1626 1263 affectione,
1655 1222 1758 1256 tan-

271 1283 368 1318 tum
394 1278 573 1330 sapiens
598 1276 691 1323 fiat,
718 1283 765 1316 et
796 1277 985 1316 ducatur
1009 1290 1036 1316 a
1063 1276 1274 1317 Domino.
1336 1276 1421 1317 Illa
1453 1276 1629 1318 affectio
1655 1292 1758 1319 cum

269 1340 369 1382 luce
399 1341 456 1381 ad
488 1354 535 1380 se
567 1340 706 1381 trahit
737 1339 814 1379 illa
845 1353 951 1379 vera
981 1353 1095 1392 quae
1126 1339 1264 1379 homo
1296 1340 1353 1379 ab
1383 1340 1572 1381 infantia
1602 1341 1759 1382 didicit

270 1417 330 1444 ex
361 1403 531 1450 Verbo,
565 1416 623 1443 ex
654 1400 859 1442 doctrina
890 1415 915 1442 e
946 1401 1116 1449 Verbo,
1150 1408 1197 1442 et
1229 1416 1288 1442 ex
1320 1403 1674 1455 praedicatione,
1704 1416 1757 1443 ac

270 1465 502 1519 conjungit
528 1466 635 1515 sibi;
668 1479 772 1505 nam
798 1465 944 1505 omnis
970 1463 1146 1505 affeffio
1172 1464 1270 1505 vult
1296 1466 1452 1505 nutriri
1477 1479 1504 1505 a
1530 1466 1758 1518 cognitio·

269 1529 398 1569 nibus
434 1542 547 1582 quae
588 1541 688 1568 cum
730 1527 807 1568 illa
847 1528 1143 1568 concordant.
1206 1527 1280 1568 Ex
1320 1528 1398 1568 illa
1438 1526 1757 1580 conjunctione
1797 1520 1801 1530 ⁶

267 1591 485 1632 formatur
514 1589 690 1631 affectio
728 1604 805 1630 seu
841 1603 968 1630 amor
998 1590 1243 1643 spiritualis
1274 1590 1484 1638 hominis,
1517 1605 1595 1644 per
1625 1604 1757 1644 quem

269 1653 346 1694 ille
368 1653 654 1706 conjungitur
677 1653 889 1699 Domino,
914 1652 999 1692 hoc
1027 1659 1111 1700 est,
1137 1666 1215 1705 per
1239 1666 1373 1706 quem
1401 1653 1622 1693 Dominus
1647 1667 1758 1693 con-

265 1716 413 1769 jungit
449 1716 680 1756 hominem
719 1714 823 1755 Sibi.
885 1714 975 1755 Sed
1012 1715 1070 1754 ad
1106 1715 1411 1768 recipiendum
1449 1716 1571 1756 illam
1609 1716 1757 1756 lucem

269 1786 316 1821 et
340 1779 463 1820 illam
485 1777 783 1825 affectionem,
800 1778 957 1818 datum
980 1778 1118 1818 etiam
1141 1785 1211 1818 est
1234 1778 1404 1818 homini
1427 1779 1615 1819 liberum
1638 1779 1757 1820 elec-

267 1839 419 1886 tionis,
442 1839 562 1891 quod
584 1840 685 1892 quia
708 1853 766 1879 ex
794 1839 991 1879 Domino
1012 1846 1097 1887 est,
1121 1840 1259 1879 etiam
1281 1847 1351 1880 est
1374 1841 1542 1880 donum
1566 1841 1750 1882 Domini

266 1901 386 1954 apud
407 1901 650 1949 hominem,
674 1909 720 1942 et
742 1915 961 1956 nusquam
983 1902 1023 1942 ei
1044 1902 1267 1952 aufertur;
1299 1916 1404 1943 nam
1426 1903 1614 1944 liberum
1637 1904 1748 1944 illud

265 1973 337 2008 est
360 1965 606 2007 affectionis
633 1980 711 2006 seu
736 1966 901 2006 amoris
926 1965 1135 2014 hominis,
1164 1968 1351 2020 proinde
1375 1969 1512 2008 etiarn
1539 1975 1609 2009 est
1634 1969 1756 2010 vitae

266 2029 371 2082 ejus.
434 2028 587 2069 Homo
612 2043 671 2069 ex
698 2028 837 2068 libero
862 2034 1018 2081 potest
1044 2030 1248 2082 cogitare
1281 2037 1327 2070 et
1354 2030 1471 2070 velle
1497 2031 1680 2080 malum,
1708 2039 1755 2072 et

265 2105 440 2146 quoque
466 2092 668 2144 cogitare
699 2097 746 2131 et
771 2090 889 2131 velle
920 2091 1117 2131 bonum:
1157 2099 1374 2145 quantum
1401 2094 1553 2146 itaque
1584 2108 1643 2134 ex
1674 2094 1754 2134 illo

264 2153 420 2202 libero,
447 2154 567 2207 quod
593 2160 663 2194 est
689 2154 852 2194 amoris
884 2159 930 2194 et
957 2154 1060 2194 inde
1085 2154 1206 2194 vitae
1232 2155 1340 2207 ejus,
1368 2154 1544 2209 cogitat
1569 2156 1681 2197 falsa
1707 2164 1754 2198 et

263 2216 362 2258 vult
393 2216 525 2265 mala,
554 2230 667 2270 quae
699 2222 803 2256 sunt
835 2222 995 2257 contra
1025 2230 1132 2256 vera
1163 2223 1209 2257 et
1243 2217 1363 2258 bona
1390 2219 1545 2266 Verbi,
1574 2226 1754 2260 tantum

264 2292 356 2319 non
378 2278 663 2331 conjungitur
688 2278 912 2328 Domino;
943 2285 991 2319 at
1014 2285 1233 2332 quantum
1256 2282 1431 2333 cogitat
1454 2295 1559 2322 vera
1581 2288 1627 2322 et
1653 2282 1752 2323 vult

262 2343 400 2390 bona,
432 2355 546 2395 quae
578 2348 682 2382 sunt
714 2355 773 2382 ex
805 2341 974 2389 Verbo,
1003 2348 1183 2382 tantum
1216 2343 1506 2397 conjungitur
1538 2344 1751 2393 Domino,

263 2412 311 2446 et
343 2405 563 2446 Dominus
592 2403 698 2444 facit
731 2410 779 2444 ut
817 2405 907 2445 sint
938 2406 1103 2445 amoris
1134 2405 1241 2458 ejus,
1275 2413 1321 2447 et
1358 2407 1462 2447 inde
1493 2407 1614 2447 vitae
1646 2407 1752 2459 ejus.

263 2467 339 2508 Ex
370 2467 439 2508 his
464 2474 675 2507 constare
701 2474 856 2520 potest
883 2468 1002 2520 quod
1029 2466 1284 2520 conjunffio
1315 2469 1393 2509 illa
1425 2470 1482 2510 sit
1508 2470 1751 2522 reciproca,

264 2544 428 2584 nempe
466 2530 647 2570 Domini
685 2543 787 2570 cum
829 2529 1026 2577 homine,
1068 2537 1115 2571 et
1152 2530 1346 2571 hominis
1386 2545 1486 2572 cum
1526 2531 1749 2572 Domino:

264 2593 368 2634 talis
386 2591 640 2645 conjunctio
658 2598 742 2640 est,
759 2606 874 2645 quae
891 2592 1161 2645 intelligitur
1178 2607 1256 2646 per
1277 2598 1301 2614 ‘⁴
1317 2594 1472 2634 foedus
1485 2595 1503 2607 '¹
1522 2595 1565 2634 in
1582 2594 1749 2634 Verbo.

262 2655 454 2696 Fallitur
478 2656 551 2709 qui
583 2656 725 2696 credit
752 2656 871 2709 quod
894 2655 1033 2696 homo
1061 2656 1171 2696 nihil
1202 2670 1338 2709 agere
1365 2658 1507 2710 possit
1539 2657 1596 2696 ad
1632 2657 1750 2696 salu-

261 2724 356 2759 tern
387 2731 527 2766 suam,
555 2718 656 2771 quia
688 2718 766 2758 lux‘
798 2718 979 2759 videndi
1010 2733 1115 2759 vera
1148 2725 1194 2760 et
1226 2718 1404 2760 affectio
1436 2720 1626 2759 faciendi
1657 2719 1747 2767 illa,

261 2786 359 2820 tum
385 2781 522 2820 etiam
545 2780 731 2821 liberum
754 2782 987 2834 cogitandi
1014 2788 1060 2822 et
1085 2781 1267 2822 volendi
1291 2782 1380 2829 illa,
1406 2790 1509 2822 sunt
1537 2797 1562 2822 a
1590 2782 1749 2822 Domi-

262 2855 335 2890 no,
374 2848 421 2882 et
461 2842 569 2882 nihil
606 2856 759 2883 eorum
800 2844 857 2883 ab
897 2843 1106 2893 homine;
1151 2845 1228 2885 sed
1270 2846 1371 2898 quia
1412 2845 1487 2885 illa
1528 2851 1748 2897 apparent

262 2905 432 2946 homini
465 2907 578 2947 sicut
610 2907 699 2948 sint
731 2907 774 2947 in
806 2907 898 2953 illo,
933 2914 977 2948 et
1016 2921 1116 2948 cum
1149 2910 1411 2961 cogitantur
1442 2917 1486 2950 et
1520 2909 1745 2952 voluntur.
