1962 3334
577 312 683 346 CAP.
706 313 789 354 1x.,
809 311 947 345 VERS.
970 302 1116 344 8.—N.
1141 311 1161 356 5
1170 300 1298 356 56[c].
1414 277 1420 282 ’
1573 312 1680 355 ¹403

370 434 500 466 cerent,
512 427 574 459 sed
587 436 660 458 non
677 425 901 467 potuerunt.”
932 425 978 458 Et
987 425 1093 468 jesus
1108 425 1197 457 dixit
1209 425 1254 457 ad
1271 424 1381 462 illum,
1394 425 1412 439 ‘¹
1421 424 1572 465 Spiritus
1585 430 1683 456 mute

369 479 405 503 et
423 471 539 509 surde,
558 470 635 511 Ego
654 470 718 502 tibi
737 470 878 508 mando,
895 469 952 501 exi
968 479 1014 501 ex
1031 469 1104 508 illo,
1120 476 1157 502 et
1174 478 1248 500 non
1264 468 1419 509 amplius
1438 469 1625 509 ingredere
1645 468 1682 499 in

370 515 469 546 illum
479 514 498 526 ”
511 514 570 554 (ix.
586 521 636 553 17,
653 514 701 552 18,
716 514 781 553 25).

199 597 288 651 Qui
325 611 416 639 non
455 599 540 639 scit
571 610 750 638 sensum
782 596 923 638 Verbi
953 596 1230 650 spiritualem
1261 601 1495 637 autumare
1526 601 1682 648 potest

197 661 317 714 quod
349 659 518 702 dictum
549 661 606 701 sit
642 659 763 714 quod
795 659 1096 700 “frenderent
1127 657 1370 699 dentibus’'
1401 658 1548 699 solum
1580 658 1684 711 quia

197 724 298 765 irati
334 724 510 765 suerunt
546 729 594 764 et
629 722 797 763 malum
833 722 1130 770 intentarunt,
1167 735 1227 762 ex
1265 733 1400 762 causa
1435 720 1540 774 quia
1575 726 1683 761 tunc

197 787 498 839 comprimunt
522 786 711 834 dentes;
743 785 823 826 sed
848 782 968 838 quod
995 784 1290 825 “frenderent
1316 784 1529 825 dentibus
1541 782 1561 798 ’⁹
1586 783 1682 824 dic-

197 856 295 890 tum
319 856 389 890 est
420 849 522 902 quia
551 848 816 901 intelligitur
841 854 1031 888 conatus
1061 853 1108 888 et
1139 845 1265 888 actus
1290 845 1552 887 destruendi
1577 858 1685 886 vera

198 925 277 964 per
307 911 448 962 salsa;
485 912 570 952 hoc
596 911 757 951 dicitur
786 911 831 951 in
856 910 1013 951 Verbo
1042 910 1146 963 quia
1170 910 1371 950 “dentes
1382 909 1403 925 ''
1428 907 1684 962 significant

198 974 310 1015 falsa
330 975 374 1015 in
396 974 628 1022 extremis,
651 979 698 1014 et
724 977 748 993 “
765 973 943 1014 frendor
953 972 973 988 ’¹
994 973 1330 1014 vehementiam
1352 972 1582 1026 pugnandi
1603 984 1686 1025 pro

198 1037 310 1086 illis;
347 1043 535 1077 conatus
563 1043 609 1077 et
634 1034 759 1077 actus
788 1035 863 1076 ille
889 1042 959 1076 est
984 1049 1161 1089 quoque
1186 1049 1245 1076 ex
1272 1034 1684 1087 correspondentia.

199 1099 323 1139 Talis
348 1113 524 1153 quoque
554 1099 634 1139 suit
665 1099 842 1151 spiritus
868 1098 1026 1139 surdus
1057 1105 1103 1139 et
1129 1104 1279 1139 mutus
1305 1111 1438 1152 quem
1464 1097 1686 1138 Dominus

200 1161 355 1214 ejecit:
393 1174 550 1202 omnes
575 1161 692 1201 enim
724 1161 902 1213 spiritus
933 1167 1038 1202 sunt
1069 1175 1128 1202 ex
1159 1161 1357 1202 humano
1382 1173 1575 1214 genere;
1611 1159 1686 1200 ille

200 1224 280 1264 suit
311 1237 371 1264 ex
408 1223 486 1264 illo
517 1237 683 1276 genere
714 1224 944 1264 hominum
976 1225 1048 1278 qui
1079 1224 1374 1264 vehementer
1404 1228 1687 1276 pugnaverat

201 1299 282 1339 pro
303 1286 423 1327 falsis
444 1293 604 1327 contra
619 1299 750 1336 vera;
783 1286 886 1327 inde
908 1293 978 1327 est
999 1287 1120 1340 quod
1137 1287 1346 1327 obsessus
1368 1287 1426 1327 ab
1446 1286 1524 1327 illo
1543 1289 1686 1338 “spu-

201 1349 390 1390 maverit
415 1355 462 1390 et
486 1349 728 1389 frenduerit
754 1349 964 1390 dentibus
980 1349 1015 1399 ;”
1045 1350 1118 1403 qui
1144 1363 1170 1390 a
1196 1349 1394 1390 Domino
1419 1349 1614 1390 “surdus
1641 1354 1688 1388 et

202 1411 382 1452 mutus”
412 1418 613 1460 vocatur,
645 1412 747 1465 quia
781 1425 870 1452 non
908 1412 1049 1454 voluit
1086 1413 1313 1465 percipere
1350 1419 1397 1454 et
1432 1411 1689 1465 intelligere

202 1486 370 1523 verum,
399 1473 591 1515 “surdi”
617 1475 734 1515 enim
767 1481 813 1515 et
841 1475 1025 1516 “muti’'
1055 1476 1157 1517 illos
1188 1475 1470 1529 significant:
1508 1482 1555 1515 et
1587 1475 1690 1528 quia

202 1537 395 1578 obnixus
430 1544 477 1578 et
508 1537 762 1578 obstinatus
799 1545 959 1579 contra
994 1552 1099 1579 vera
1129 1538 1285 1587 suerat,
1318 1545 1366 1579 et
1405 1539 1449 1579 in
1485 1538 1606 1578 falsis
1642 1551 1689 1577 se

196 1598 563 1648 confirmaverat,
602 1613 692 1640 non
729 1601 875 1653 potuit
912 1600 988 1641 ille
1027 1602 1207 1654 spiritus
1238 1615 1266 1642 a
1301 1601 1528 1654 discipulis
1565 1600 1689 1653 ejici;

204 1674 309 1703 nam
339 1661 451 1703 falsa
481 1675 562 1714 pro
591 1663 750 1716 quibus
776 1671 1070 1716 pugnaverat,
1096 1664 1154 1705 ab
1184 1664 1270 1704 illis
1299 1665 1499 1705 nondum
1529 1669 1690 1716 potue-

203 1730 308 1765 runt
338 1725 514 1773 discuti,
547 1738 637 1765 non
668 1726 786 1766 enim
818 1726 962 1767 adhuc
995 1726 1111 1767 tales
1142 1727 1345 1778 fuerunt3
1386 1740 1522 1780 quare
1553 1727 1690 1767 etiam

203 1786 408 1839 discipuli
433 1794 672 1839 propterea
696 1801 722 1828 a
748 1788 945 1829 Domino
970 1789 1188 1842 increpati
1219 1796 1336 1830 sunt.
1397 1788 1531 1842 Quod
1563 1789 1690 1841 spiri-

205 1855 278 1890 tus
308 1849 413 1890 talis
443 1849 584 1898 fuerit,
621 1857 668 1891 et
699 1851 909 1891 obsessus
939 1851 997 1892 ab
1031 1851 1108 1892 illo
1139 1865 1230 1892 non
1261 1851 1380 1901 talis,
1412 1851 1691 1905 significatur

206 1924 286 1964 per
309 1912 429 1965 quod
453 1913 668 1965 “spiritus
693 1913 767 1953 ille
794 1912 1013 1954 laceraret
1038 1913 1203 1962 illum,’'
1224 1921 1270 1955 et
1296 1915 1417 1968 quod
1444 1915 1693 1956 “obsessus

208 1975 534 2023 exaresceret,’'
564 1982 610 2016 et
646 1975 766 2028 quod
799 1975 1017 2016 Dominus
1048 1976 1213 2018 dixerit
1248 1977 1305 2017 ad
1337 1977 1542 2030 spiritum
1573 1977 1693 2031 quod

207 2040 336 2077 “non
360 2037 550 2090 amplius
577 2038 888 2090 ingrederetur
917 2039 962 2079 in
993 2038 1155 2079 illum.''
1214 2039 1289 2080 Ex
1320 2040 1388 2080 his
1418 2041 1555 2081 etiam
1582 2055 1692 2082 con-

206 2105 326 2143 stare
352 2107 504 2153 potest
529 2101 634 2155 quid
661 2100 939 2154 significatur
963 2115 1042 2154 per

273 2189 292 2202 ‘⁴
303 2188 496 2220 stridorem
520 2189 707 2220 dentium”
733 2189 876 2228 (Alattlz.
897 2190 967 2221 viii.
992 2199 1051 2222 12:
1081 2200 1155 2231 cap.
1177 2192 1248 2224 xiii.
1268 2200 1321 2230 42,
1343 2200 1404 2231 5ο;
1433 2202 1507 2234 cap.
1527 2194 1610 2226 xxii.
1633 2202 1694 2233 13;

379 2241 453 2273 cap.
470 2233 564 2264 xxiv.
583 2241 620 2271 51
637 2242 645 2271 ;
669 2242 743 2273 cap.
762 2243 841 2265 xxv.
860 2242 924 2272 30:
950 2234 1033 2265 Luc.
1050 2234 1120 2266 xiii.
1140 2235 1204 2275 28).

209 2315 291 2356 Per
322 2316 598 2356 “stridorem
632 2316 868 2357 dentium”
899 2317 942 2356 in
974 2316 1152 2358 infernis
1183 2318 1451 2372 intelligitur
1481 2321 1695 2361 continua

209 2378 479 2431 disceptatio
504 2386 550 2419 et
573 2391 726 2431 pugna
747 2379 958 2420 salsorum
981 2380 1098 2420 inter
1122 2394 1168 2421 se
1194 2388 1240 2422 et
1267 2389 1427 2423 contra
1447 2396 1566 2432 vera,
1590 2396 1694 2436 pro-

208 2440 313 2482 inde
343 2441 519 2482 illorum
551 2442 623 2494 qui
655 2443 698 2482 in
730 2441 850 2482 salsis
882 2448 1000 2490 sunt,
1028 2442 1266 2495 conjuncta
1296 2457 1396 2485 cum
1427 2452 1696 2499 contemptu

208 2502 409 2551 aliorum,
436 2504 680 2552 inimicitia,
711 2505 924 2551 irrisione,
951 2504 1316 2556 subsannatione,
1339 2507 1694 2560 blasphematio-

210 2578 292 2615 ne;
324 2579 436 2619 quae
462 2579 640 2619 quoque
668 2573 907 2619 erumpunt
939 2567 981 2607 in
1014 2567 1342 2618 dilaniationes,
1369 2571 1553 2624 quisque
1576 2573 1694 2612 enim

210 2640 290 2679 pro
320 2641 400 2668 suo
430 2627 543 2668 salso
573 2642 632 2668 ex
664 2642 815 2669 amore
850 2630 929 2676 sui,
962 2630 1224 2671 eruditionis
1254 2639 1301 2672 et
1332 2632 1475 2674 famae
1507 2643 1694 2687 pugnat.

212 2689 312 2730 Hae
336 2690 688 2743 disceptationes
714 2699 758 2732 et
791 2705 971 2745 pugnae
997 2700 1130 2734 extra
1160 2694 1236 2735 illa
1261 2695 1432 2737 inferna
1457 2698 1695 2739 audiuntur

210 2752 324 2793 sicut
360 2753 573 2794 stridores
612 2754 828 2803 dentium,
867 2761 914 2795 et
949 2769 1125 2809 quoque
1161 2758 1204 2797 in
1241 2759 1456 2800 stridores
1492 2761 1694 2802 dentium

210 2820 448 2854 vertuntur
477 2827 578 2855 cum
608 2829 715 2855 vera
740 2829 764 2856 e
789 2816 918 2856 caelo
948 2816 1053 2858 illuc
1085 2817 1288 2859 influunt.
1347 2831 1697 2868 (Seddehacrevide-

209 2882 303 2906 antur
320 2877 413 2914 plura
430 2878 461 2906 in
477 2887 573 2915 opere
594 2879 643 2907 De
658 2880 749 2908 Caelo
768 2883 797 2907 et
816 2880 951 2918 Inserno.
968 2889 998 2909 n.
1014 2882 1098 2919 575.)
1169 2870 1244 2911 EX
1281 2886 1336 2913 eo
1372 2875 1493 2926 quod
1530 2875 1694 2916 dentes

211 2927 328 2980 apud
359 2928 502 2969 malos
533 2930 886 2982 correspondent
917 2929 1038 2971 salsis
1069 2945 1181 2985 quae
1214 2933 1276 2974 eis
1313 2941 1416 2976 sunt
1452 2935 1496 2976 in
1529 2935 1694 2977 ultimis
