1962 3334
0 434 23 493 ἶ.

599 325 703 357 CAP.
727 324 808 365 XL,
831 323 968 356 vans.
996 323 1164 355 12.—-N.
1185 314 1280 367 670.
1576 313 1682 366 1787

199 437 364 478 clesiae
382 450 527 478 novae
550 450 630 490 pro
647 434 852 477 doctrina
869 442 915 477 et
932 436 1041 485 vita,
1060 441 1109 476 ut
1132 435 1270 476 modo
1288 433 1455 476 dietum
1478 440 1548 476 est
1565 447 1574 475 ε
1603 434 1685 475 sed

199 513 339 553 usque
369 499 448 540 illa
478 513 569 540 non
599 500 758 539 statim
784 505 968 551 recepta
993 498 1185 546 fuerunt,
1214 498 1296 538 nisi
1328 503 1434 551 post
1459 498 1684 550 insignem
1715 531 1721 536 .

198 563 416 615 temporis
442 560 650 608 tractum,
679 567 728 601 ut
759 575 819 600 ex
848 560 1037 601 historia
1062 560 1373 601 ecclesiastica
1397 566 1558 601 notum
1584 567 1683 609 est3

199 637 335 664 causa
359 631 472 671 erat,
500 624 603 676 quia
631 637 720 663 non
752 623 888 676 recipi
914 629 1160 676 potuerunt
1186 629 1433 676 antequam
1458 623 1609 663 omnia
1638 623 1683 662 in

199 686 370 726 mundo
400 685 619 739 spirituali
649 686 694 725 in
725 685 929 725 ordinem
960 683 1143 725 redacta
1175 692 1307 735 sunt‚;
1350 698 1454 725 nam
1491 685 1684 725 mundus

198 748 441 801 spiritualis
472 746 736 800 conjunGtus
767 739 838 787 ‘est
872 747 1040 787 mundo
1071 747 1265 787 naturali
1296 747 1415 800 apud
1446 747 1683 797 homines;

197 824 333 864 quare
355 811 439 850 nisi
460 810 535 851 ille
559 810 750 850 mundus
773 811 964 862 primum
988 810 1032 849 in
1055 809 1259 850 ordinem
1282 807 1490 850 redactus
1511 809 1682 857 fuisset,

197 873 317 913 bona
353 874 518 914 amoris
553 880 600 913 et
637 886 744 913 vera
779 870 1012 912 doctrinae
1049 873 1107 912 ab
1141 868 1398 912 hominibus
1433 873 1478 912 in
1514 873 1684 913 mundo

198 935 392 976 naturali
423 949 513 976 non
547 935 740 987 intelligi
772 948 854 975 nec
887 935 1055 988 percipi
1088 941 1362 988 potuerunt;
1404 934 1517 975 haec
1549 948 1684 975 causa

197 997 279 1039 suit
305 998 427 1051 quod,
451 1004 631 1038 tantum
655 998 872 1050 temporis
894 998 1200 1038 intercesserit
1223 1004 1468 1051 antequam
1491 997 1683 1038 Christi-

198 1074 285 1100 ana
302 1060 509 1101 Ecclesia
530 1061 574 1100 in
592 1060 699 1100 orbe
719 1060 959 1113 Europaeo
976 1059 1289 1100 universaliter
1305 1061 1558 1101 instaurata
1574 1060 1655 1101 fuit
1672 1075 1684 1114 ;

199 1136 358 1164 omnes
383 1124 501 1164 enirn
529 1121 725 1169 effectu&
753 1124 826 1176 qui
852 1124 1058 1163 existunt
1090 1124 1134 1163 in
1160 1123 1328 1163 mundo
1354 1123 1562 1171 naturali,
1590 1129 1683 1164 tra·

199 1186 314 1226 hunt
339 1199 442 1226 suas
468 1187 664 1238 origines
692 1200 751 1226 ex
777 1186 922 1226 causis
947 1186 992 1226 in
1019 1186 1187 1226 mundo
1209 1185 1443 1238 spirituali,
1467 1186 1684 1239 imprimis

200 1249 273 1301 qui
297 1260 369 1289 res
394 1249 612 1289 ecclesiae
639 1254 931 1288 concernunt.
994 1247 1121 1288 Haec
1151 1247 1272 1288 dicta
1303 1255 1409 1288 sunt
1441 1254 1489 1289 ut
1516 1250 1685 1290 sciatur

199 1311 304 1365 quid
339 1312 384 1352 in
420 1313 569 1365 specie
601 1311 879 1364 significatur
910 1324 989 1364 per
1023 1311 1144 1364 quod
1176 1311 1441 1351 mandatum
1473 1311 1532 1352 sit
1568 1311 1684 1352 binis

199 1374 392 1415 testibus
415 1381 463 1415 ut
488 1375 825 1415 “ascenderent
848 1375 892 1414 in
914 1373 1131 1422 caelum,’'
1152 1387 1314 1427 nempe
1340 1380 1390 1414 ut
1416 1374 1535 1415 bona
1556 1388 1683 1415 amo-

198 1437 259 1477 ris
280 1443 327 1478 et
349 1451 455 1478 vera
472 1436 717 1485 doctrinae,
738 1436 898 1477 ultimo
916 1443 1121 1489 tempore
1139 1436 1358 1477 ecclesiae
1376 1437 1682 1486 manifestata,

200 1511 291 1540 non
317 1499 605 1540 laederentur
634 1513 661 1539 a
692 1499 834 1539 malis.
896 1498 1050 1540 Simile
1080 1497 1245 1539 factum
1277 1506 1349 1540 est
1374 1500 1556 1553 quando
1582 1499 1683 1540 An-

199 1562 451 1615 tiquissima
472 1562 693 1610 Ecclesia,
713 1576 827 1615 quae
848 1561 927 1602 fuit
950 1568 1058 1602 ante
1076 1561 1304 1610 diluvium,
1324 1562 1382 1601 ad
1399 1561 1533 1602 finem
1555 1576 1683 1603 suum

199 1625 404 1677 pervenit
424 1639 434 1675 ;
476 1631 583 1665 tunc
621 1623 1007 1677 repraesentativa
1044 1623 1322 1672 caelestium,
1356 1638 1470 1677 quae
1506 1625 1683 1666 fuerunt

199 1686 320 1739 apud
356 1687 706 1739 antiquissimos,
744 1687 788 1726 in
829 1699 964 1726 unum
1002 1684 1196 1726 collecta
1237 1693 1342 1727 sunt
1383 1686 1442 1727 ab
1481 1686 1569 1727 illis
1609 1689 1684 1741 qui

200 1747 473 1790 Chanochus
494 1749 645 1788 vocati
667 1755 787 1795 sunt,
810 1761 862 1789 ac
885 1755 1116 1789 reservata
1138 1749 1196 1788 ad
1220 1762 1347 1789 usum
1369 1762 1514 1790 novae
1536 1749 1684 1791 eccle-

199 1811 293 1852 siae
333 1818 438 1864 post
475 1811 714 1860 diluvium;
761 1825 874 1864 quae
911 1810 1104 1851 ecclesia
1138 1812 1527 1865 repraesentativa
1563 1811 1684 1854 dista

199 1873 296 1922 suit,
323 1874 426 1927 quia
457 1873 549 1925 ejus
580 1873 705 1926 leges
736 1880 782 1913 et
814 1880 1004 1922 statuta,
1031 1881 1078 1914 et
1110 1875 1153 1914 in
1185 1887 1351 1926 genere
1382 1874 1545 1923 cultus,
1574 1888 1683 1915 con-

200 1936 387 1976 stabant
428 1950 487 1976 ex
528 1936 939 1988 repraesentativis,
978 1950 1056 1976 seu
1097 1950 1156 1976 ex
1198 1937 1363 1977 talibus
1404 1937 1448 1977 in
1490 1937 1684 1978 naturali

200 1999 370 2039 mundo
395 2012 509 2052 quae
535 1998 951 2051 correspondebant
980 1999 1284 2051 spiritualibus
1316 2000 1359 2039 in
1392 2000 1561 2040 mundo
1591 2002 1682 2054 spi-

199 2060 375 2111 rituali;
407 2074 508 2101 cum
535 2061 603 2100 his
626 2061 830 2101 similiter
850 2059 1016 2101 fastum
1038 2068 1123 2110 est,
1147 2075 1309 2114 nempe
1331 2062 1451 2115 quod
1473 2069 1684 2115 separata

201 2123 292 2164 sint
328 2137 355 2163 a
391 2123 520 2164 malis
552 2137 630 2177 per
660 2125 1018 2176 assumptionem
1049 2125 1092 2164 in
1124 2125 1313 2173 caelum,
1341 2131 1388 2166 et
1419 2126 1482 2165 sic
1514 2132 1682 2174 tutata,

200 2192 247 2226 et
273 2185 359 2226 hoc
386 2200 525 2239 usque
551 2186 656 2226 dum
679 2193 810 2226 vetus
836 2186 1028 2227 ecclesia
1053 2187 1110 2227 ad
1137 2201 1264 2227 suurn
1289 2187 1497 2228 ultimum
1523 2202 1683 2241 perve-

200 2249 282 2297 nit,
305 2254 352 2289 et
375 2249 556 2302 quando
578 2262 696 2289 nova
717 2248 908 2289 ecclesia
930 2250 1222 2290 instauranda
1248 2257 1371 2291 erat:
1404 2250 1490 2291 hoc
1514 2251 1683 2292 descri-

200 2311 319 2351 bitur
343 2325 422 2364 per
447 2311 559 2352 haec
586 2311 723 2352 verba
748 2312 792 2351 in
822 2311 990 2360 Genesi,

265 2410 339 2444 “Et
359 2411 551 2495 affbulaxzit
570 2411 739 2496 Ch)anoch
762 2421 841 2443 cum
866 2412 954 2450 Deo,
974 2418 1009 2444 et
1031 2422 1102 2444 non
1127 2413 1288 2453 amplius,
1308 2412 1390 2455 quia
1412 2413 1563 2455 sumpsit
1585 2413 1684 2446 illum

409 2465 471 2487 eus
529 2465 560 2488 v.
577 2464 619 2495 24
644 2466 652 2488 :

200 2558 319 2612 quod
359 2558 469 2599 talia
510 2573 588 2612 per
625 2559 1001 2608 “Chanochum‚”
1037 2574 1117 2613 per
1156 2560 1247 2613 ejus
1288 2561 1682 2604 “ambulationem

200 2633 352 2661 coram
375 2621 513 2669 Deo,''
535 2628 580 2662 et
606 2623 1001 2674 “assumptionem
1026 2636 1053 2662 a
1079 2623 1217 2671 Deo,'‘
1239 2624 1283 2663 in
1306 2637 1439 2664 sensu
1462 2625 1682 2678 spirituali

201 2681 534 2734 intelligantur,
571 2682 781 2722 videatur
816 2683 861 2722 in
895 2683 1095 2723 Arcanz's
1133 2683 1410 2725 Caelestibus
1445 2695 1490 2733 (n.
1511 2698 1681 2733 518-523)·

201 2745 275 2785 ubi
296 2744 372 2785 illa
394 2745 625 2798 explicata
643 2753 760 2786 sunt.
823 2746 1038 2787 Similiter
1054 2747 1187 2788 hodie
1210 2746 1375 2789 factum
1393 2755 1462 2789 est
1481 2762 1489 2789 :
1519 2749 1683 2790 Eccle-

201 2807 267 2847 sia
295 2806 423 2855 haec,
456 2821 569 2860 quae
602 2806 860 2849 Christiana
892 2816 1095 2858 vocatur,
1128 2810 1262 2851 hodie
1294 2811 1350 2851 ad
1382 2811 1515 2852 finem
1553 2825 1681 2852 suum

201 2869 432 2921 pervenit;
479 2876 752 2923 quapropter
793 2884 907 2911 nunc
950 2885 1113 2912 arcana
1154 2873 1267 2914 caeli
1309 2880 1354 2914 et
1396 2874 1617 2914 ecclesiae
1656 2887 1684 2914 a

202 2930 398 2972 Domino
429 2932 630 2974 revelata
661 2941 779 2983 sunt,
813 2936 1080 2976 inservitura
1118 2949 1260 2977 novae
1298 2936 1532 2984 ecclesiae,
1567 2949 1687 2989 quae.
