1962 3334
579 293 685 327 cAP.
706 293 790 334 1x.,
810 291 948 324 VERs.
972 289 1147 323 20.—N.
1172 278 1347 333 587[d].
1460 291 1467 296 ·
1560 305 1562 307 >
1593 285 1703 330 1479

221 421 354 462 super
377 421 456 449 eos
472 406 493 423 ”
518 405 796 460 significatur
816 403 1046 459 purificare
1077 416 1104 444 a
1133 402 1281 452 falsis;
1318 400 1396 442 illa
1425 399 1538 441 salsa
1562 399 1702 440 etiam

220 470 428 511 dicuntur
454 467 843 516 “immunditiae‚”
868 468 971 521 quia
995 472 1101 507 sunt
1131 465 1244 506 salsa
1274 478 1334 505 ex
1360 462 1481 504 malo
1512 468 1559 504 et
1590 461 1703 503 salsa

220 532 515 587 producentia
540 531 721 572 malum.
782 530 920 584 Apud
944 528 1154 577 Maleam,

287 627 453 660 “Ponam
473 627 668 659 Samariam
687 627 724 658 in
743 635 909 658 acervum
928 625 1015 665 agri,
1032 624 1186 656 defluere
1204 623 1331 655 faciam
1355 622 1391 653 in
1411 621 1541 652 vallem
1565 620 1703 661 lapides

391 671 480 711 ejus,
494 677 530 702 et
545 670 778 702 fundamenta
792 669 870 710 ejus
886 669 1043 709 aperiam
1058 677 1065 705 ;
1089 674 1172 699 tunc
1188 666 1310 698 omnia
1326 665 1503 705 sculptilia
1520 663 1599 704 ejus
1615 673 1703 695 con-

392 715 594 751 tundentur,
611 721 647 745 et
664 723 790 753 omnes
810 712 990 744 mercedes
1007 711 1225 743 meretriciae
1242 709 1320 750 ejus
1338 709 1591 740 comburentur
1607 707 1700 747 igne,

391 764 428 789 et
443 758 566 789 omnia
581 757 676 788 idola
690 766 814 788 eorum
834 765 965 796 ponam
982 755 1208 790 vastitatem:
1233 763 1316 784 nam
1337 762 1383 783 ex
1406 751 1568 782 mercede
1587 760 1700 781 mere-

392 801 492 832 tricia
506 800 746 840 congregavit,
763 799 843 831 ideo
860 808 971 840 usque
991 799 1026 830 in
1047 798 1248 829 mercedem
1268 795 1504 828 meretriciam
1522 799 1702 826 reverten-

392 850 449 876 tur
460 843 479 856 ”
495 844 529 884 (i.
545 841 608 886 [6,]
626 845 659 884 7)
673 853 681 882 ;

219 946 299 986 per
323 930 584 979 Samariam,
608 937 849 984 postquam
875 928 1162 970 idololatrica
1186 925 1304 968 facta
1328 932 1414 974 est,
1437 938 1701 979 repraesen-

221 995 405 1036 tabatur
439 993 630 1034 ecclesia
665 999 847 1034 vastata
882 992 1031 1046 quoad
1061 1004 1168 1032 vera
1203 988 1434 1031 doetrinae
1469 995 1517 1029 et
1552 987 1702 1041 quoad

218 1057 339 1097 bona
362 1057 497 1104 vitae,
525 1070 602 1096 seu
627 1053 859 1096 destructa
890 1068 969 1108 per
993 1053 1107 1094 salsa
1131 1051 1364 1094 doctrinae
1395 1057 1442 1092 et
1473 1064 1553 1104 per
1582 1050 1703 1091 mala

223 1119 371 1169 vitae;
420 1119 540 1173 quod
580 1117 892 1159 devastabitur
932 1117 1081 1170 quoad
1124 1116 1275 1156 omnia
1319 1113 1540 1155 ecclesiae
1579 1127 1700 1162 vera,

220 1180 498 1235 significatur
521 1195 600 1234 per
629 1181 749 1234 quod
777 1184 1058 1233 “poneretur
1088 1179 1133 1219 in
1164 1190 1374 1218 acervum
1399 1177 1509 1230 agri,
1537 1189 1589 1217 ac
1621 1176 1702 1217 de-

173 1257 178 1260 *
218 1245 406 1286 fluerent
427 1245 471 1284 in
493 1243 659 1284 vallem
681 1243 854 1297 lapides
875 1242 982 1295 ejus,
1006 1248 1053 1283 et
1075 1242 1334 1294 aperientur
1354 1239 1650 1280 fundamenta
1667 1238 1702 1289 ;”

221 1306 399 1360 “ager’'
429 1313 500 1347 est
535 1305 741 1354 ecclesia,
776 1309 999 1346 “acervus
1035 1303 1163 1357 agri”
1194 1309 1264 1344 est
1301 1302 1561 1343 devastatio
1592 1301 1700 1354 ejus,

220 1373 247 1390 “
262 1369 434 1423 lapides
445 1368 465 1384 ’⁹
486 1374 591 1409 sunt
616 1382 722 1409 vera
742 1367 976 1415 ecclesiae,
1003 1373 1050 1408 et
1074 1366 1407 1407 “fundamenta
1417 1364 1438 1379 ”
1459 1371 1565 1406 sunt
1595 1378 1702 1406 vera

218 1430 439 1472 naturalia
456 1444 588 1484 super
608 1430 765 1484 quibus
787 1429 1023 1479 fundatur;
1056 1441 1244 1482 quorum
1262 1428 1521 1468 devastatio
1542 1427 1702 1468 totalis

218 1493 495 1547 significatur
520 1507 598 1547 per
627 1493 747 1547 quod
776 1492 988 1546 “lapides
1013 1491 1151 1532 fluent
1183 1492 1227 1531 in
1252 1490 1435 1538 vallem,
1462 1496 1509 1531 et
1539 1490 1699 1531 funda—

218 1561 375 1596 menta
403 1556 660 1609 aperientur
675 1555 710 1596 :”
746 1553 994 1596 destructio
1026 1553 1245 1595 ecclesiae
1282 1567 1361 1607 per
1390 1553 1503 1593 falsa
1533 1551 1701 1594 doetri-

218 1631 303 1659 nae
339 1617 616 1671 significatur
645 1631 724 1671 per
753 1617 874 1671 quod
903 1617 1170 1670 “sculptilia
1200 1616 1293 1668 ejus
1325 1615 1702 1664 contundentur,”

219 1687 266 1722 et
291 1681 411 1735 quod
442 1680 601 1721 “idola
626 1686 852 1733 ponentur
876 1680 920 1720 in
946 1680 1213 1720 vastitatem
1230 1678 1265 1718 :'’
1301 1692 1380 1732 per
1408 1678 1702 1719 “mercedem

220 1742 565 1784 meretriciam*
588 1756 702 1796 quae
742 1742 1032 1783 comburetur
1071 1742 1191 1794 igne,
1230 1739 1510 1794 significatur
1548 1739 1701 1781 falsifi-

221 1806 343 1847 catio
366 1805 460 1846 veri
490 1819 569 1859 per
593 1804 922 1858 applicationes
949 1803 1007 1844 ad
1038 1803 1279 1844 favendum
1304 1803 1530 1843 amoribus
1555 1803 1623 1843 sui
1653 1810 1702 1844 et

218 1867 386 1909 mundi.

301 1927 391 1982 [eL]
424 1927 598 1969 Similia
629 1941 708 1980 per
734 1926 1044 1980 “sculptilia,”
1072 1925 1288 1966 “fusilia‘’
1313 1932 1361 1966 et
1393 1925 1588 1966 “idola‘’
1607 1926 1701 1979 sig-

218 1987 455 2031 nificantur
479 1989 524 2030 in
549 1988 840 2042 sequentibus
867 1988 976 2029 locis
993 1987 1202 2041 z—-Apud
1227 1986 1430 2035 Esaiam,

285 2078 624 2120 “Quemadmodum
648 2077 784 2109 invenit
808 2087 936 2108 manus
961 2087 1041 2108 mea
1064 2086 1175 2117 regna
1198 2076 1293 2114 idoli,
1313 2082 1349 2108 et
1375 2077 1551 2117 sculptilia
1577 2086 1700 2108 eorum

391 2122 436 2154 de
457 2121 712 2161 Hierosolyma
734 2126 770 2152 et
788 2121 832 2152 de
849 2120 1018 2158 Samaria,
1037 2130 1158 2151 nonne
1174 2120 1471 2161 quemadmodum
1490 2120 1557 2151 feci
1581 2121 1702 2152 Sama-

391 2165 463 2240 :ige
487 2171 536 2248 et)
546 2165 649 2196 idolis
672 2164 760 2205 ejus,
785 2164 836 2195 sic
863 2163 990 2195 faciam
1017 2163 1293 2204 Hierosolymae
1317 2169 1353 2195 et
1379 2164 1485 2195 idolis
1508 2164 1586 2204 ejus
1596 2163 1630 2196 ?'’
1653 2164 1700 2204 (x.

434 2233 442 2247 ,
462 2216 498 2239 11
514 2233 522 2245 .

218 2283 337 2338 apud
362 2283 570 2332 eundem,

284 2355 541 2389 “Immundum
557 2355 759 2396 judicabitis
776 2361 919 2395 tegmen
937 2355 1150 2395 sculptilium
1167 2354 1306 2395 argenti
1328 2355 1390 2392 tui,
1406 2361 1442 2386 et
1462 2353 1630 2387 amictum
1647 2355 1701 2387 fu-

391 2399 468 2431 silis
484 2399 560 2431 auri
577 2399 637 2437 tui,
653 2399 836 2440 disperges
858 2408 901 2430 ea
921 2399 1011 2430 sicut
1028 2405 1297 2437 menstruatum,
1314 2405 1449 2430 stercus
1468 2399 1612 2431 vocabis
1635 2399 1671 2431 id
1682 2398 1700 2411 ''

390 2444 483 2482 (xxx.
501 2442 575 2482 22);

223 2515 362 2572 [apud
387 2517 616 2571 eundem,]

283 2595 302 2608 ⁴⁸
314 2592 356 2626 In
372 2593 429 2625 die
445 2593 507 2624 illo
523 2593 657 2633 rejiciet
671 2593 723 2624 vir
739 2592 834 2624 idola
849 2592 988 2632 argenti
1001 2592 1055 2623 sui
1077 2598 1114 2624 et
1137 2592 1233 2624 idola
1247 2593 1323 2624 auri
1347 2593 1411 2631 sui,
1428 2603 1519 2635 quae
1541 2593 1699 2627 fecerunt

388 2637 494 2668 vobis
509 2646 636 2668 manus
650 2643 798 2671 vestrae.
816 2642 999 2677 peccatum
1009 2634 1028 2647 ’'
1044 2635 1151 2675 (xxxi.
1169 2635 1221 2676 7);

221 2711 339 2766 apud
364 2712 571 2760 eundem,

289 2783 374 2816 “Ne
392 2784 499 2822 dices,
518 2783 656 2816 Idolum
677 2793 794 2815 meum
815 2783 898 2815 fecit
916 2784 1013 2822 haec,
1030 2789 1066 2816 et
1084 2783 1244 2825 sculptile
1263 2793 1381 2816 meum
1401 2791 1436 2817 et
1455 2784 1559 2817 fusile
1579 2794 1696 2816 meum

389 2828 567 2869 praecepit
582 2827 696 2859 haec⁹¹
713 2828 834 2867 (xlviii.
854 2827 885 2867 5)
899 2837 906 2866 ;

218 2901 336 2956 apud
357 2902 564 2952 eundem,
