1962 3334
571 261 678 294 CAP.
699 260 783 300 XL,
804 258 943 292 VERS.
970 222 1140 290 18:41«.
1160 243 1321 300 695[c].
1456 266 1459 269 -
1582 243 1687 296 1847

201 377 386 431 frigida:
431 389 508 429 per
545 376 572 395 “
586 370 891 425 discipulum,”
926 371 971 411 in
1011 369 1133 422 cujus
1168 369 1349 409 nomine
1390 380 1468 407 seu
1503 371 1688 418 propter

203 452 336 494 quem
358 438 549 493 potabit,
572 435 849 489 significatur
869 446 1023 475 verum
1045 439 1091 473 et
1116 432 1284 473 bonum
1306 429 1447 470 Verbi
1468 435 1515 469 et
1540 426 1687 468 eccle-

203 501 312 541 siae.
370 510 482 547 (Quod
499 518 558 547 per
570 505 816 545 '‘prophetam''
830 505 1026 543 significetur
1043 512 1154 533 verum
1173 502 1348 535 doetrinae.
1368 501 1513 529 vidoetur
1529 507 1636 537 supra,
1655 507 1687 528 n.

201 552 371 604 624[b-e]
383 572 391 597 ;
414 562 502 599 quod
513 570 571 599 per
585 557 603 569 ¹⁸
609 561 730 598 justum
742 559 759 568 ''
771 559 895 588 bonum
907 558 1033 591 amoris,
1046 566 1078 586 n.
1092 555 1228 596 204[a]
1241 565 1248 589 ;
1268 555 1357 592 quod
1368 563 1426 591 per
1437 550 1455 561 “
1467 552 1658 590 discipulum
1669 551 1687 560 ''

201 625 313 645 venun
326 620 359 644 et
371 616 493 644 bonum
507 614 605 643 Verbi
618 618 651 642 et
664 612 825 646 ecclesiae,
840 620 871 641 n.
893 610 982 644 100,
1003 610 1018 639 1
1028 609 1080 639 22
1093 619 1100 644 ς
1124 614 1155 638 et
1169 609 1258 646 quod
1269 616 1327 645 per
1339 604 1356 615 '¹
1367 615 1487 635 nomen
1498 605 1516 615 ”
1531 605 1690 643 significe-

202 673 255 698 tur
268 668 363 706 quale
376 668 421 696 rei
436 665 622 701 mentam,
637 675 669 695 n.
688 664 827 703 102[o]‚
848 662 938 705 135,
958 653 1049 703 148,
1063 651 1176 704 676.)
1233 650 1373 703 Apud
1396 649 1618 697 Affarcmn,

269 748 467 790 “Quisquis
485 757 551 779 vos
570 746 746 788 potaverit
765 745 892 786 poculo
911 754 1024 785 aquae
1043 744 1079 775 in
1100 743 1246 774 nomine
1265 751 1356 779 me0,
1377 751 1420 772 eo
1440 741 1535 782 quod
1554 740 1688 772 Christi

376 792 464 829 sitis,
480 801 586 822 amen
598 790 678 822 dico
694 790 808 827 vobis,
825 798 898 820 non
915 788 1039 829 perdet
1055 787 1255 818 mercedem
1273 795 1374 817 suam
1385 785 1404 796 ’¹
1421 785 1481 824 (ix.
1496 784 1553 824 41)
1566 795 1573 816 :

203 893 283 933 per
306 878 417 920 haec
443 892 618 932 quoque
639 876 906 930 intelligitur
929 875 1048 930 quod
1065 873 1308 927 jucundum
1332 872 1444 914 caeli
1466 872 1689 925 recepturi

204 942 278 995 qui
307 955 367 982 ex
397 939 631 982 affectione
661 940 862 986 audiunt,
895 938 1116 990 recipiunt
1147 944 1193 977 et
1226 936 1394 977 docent
1426 949 1595 982 verum,
1628 949 1687 976 ex

203 1017 260 1045 eo
284 1003 403 1057 quod
429 1016 582 1043 verum
607 1009 654 1043 et
680 1000 856 1042 affectio
882 999 975 1053 ejus
1005 1001 1063 1040 sit
1089 1013 1148 1040 ex
1176 999 1388 1046 Domino,
1415 999 1479 1039 ita
1504 1004 1690 1050 propter

204 1065 463 1114 Dominum,
490 1065 677 1118 proinde
707 1065 844 1105 etiam
876 1069 1061 1116 propter
1090 1075 1274 1110 verum;
1312 1074 1416 1101 nam
1445 1065 1538 1101 “eo
1568 1061 1688 1114 quod

205 1127 371 1169 Christi
396 1127 522 1167 sitis”
548 1125 771 1179 significat
796 1132 979 1179 propter
1004 1124 1216 1164 Divinum
1242 1123 1412 1164 Verum
1439 1123 1689 1176 procedens

204 1201 232 1228 a
262 1188 475 1228 Domino.
533 1198 645 1235 (Quod
664 1195 865 1227 “Christus'’
881 1197 920 1225 sit
940 1196 1099 1225 Dominus
1118 1196 1227 1232 quoad
1247 1195 1398 1224 Divinum
1418 1195 1550 1229 Verum,
1565 1199 1598 1223 et
1615 1195 1691 1224 inde

205 1251 358 1280 Divinum
372 1252 492 1280 Verum
506 1251 683 1288 procedens
697 1260 717 1279 a
731 1250 883 1284 Domino,
898 1249 1042 1278 videatur
1056 1258 1161 1286 supra,
1181 1257 1212 1278 n.
1233 1236 1365 1288 [21684.
1380 1237 1491 1289 685.)

289 1305 370 1360 [c.]
411 1306 552 1359 Apud
577 1305 860 1354 Samariam,

272 1392 462 1424 “fundata
484 1398 540 1424 est
565 1393 694 1424 domus
717 1391 875 1434 Jehovae
899 1391 1067 1429 Zebaoth,
1092 1391 1262 1432 templum
1287 1397 1325 1422 ut
1348 1391 1574 1426 aedificetur:
1606 1400 1689 1422 nam

379 1443 463 1467 ante
479 1436 555 1468 dies
571 1436 637 1467 hos
654 1445 790 1467 merces
806 1435 962 1466 hominis
979 1445 1051 1466 non
1069 1433 1165 1466 facta
1180 1442 1244 1472 est,
1259 1444 1323 1465 nec
1340 1444 1475 1465 merces
1491 1435 1636 1471 bestiae,
1650 1443 1691 1465 ac

379 1480 522 1510 exeunti
541 1486 576 1510 et
595 1479 741 1510 intranti
761 1489 834 1509 non
855 1489 923 1518 pax
942 1479 987 1509 ab
1005 1479 1109 1509 hoste
1122 1489 1146 1510 :.
1161 1503 1169 1510 .
1183 1503 1191 1510 .
1206 1488 1316 1510 ,nunc
1335 1487 1457 1509 semen
1479 1478 1587 1517 pacis,
1607 1478 1691 1508 vitis

379 1523 478 1554 dabit
489 1521 652 1560 studium,
664 1529 699 1553 et
711 1529 806 1553 terra
815 1523 914 1553 dabit
924 1529 1137 1562 proventum
1151 1532 1265 1559 suum,
1277 1529 1312 1552 et
1325 1522 1412 1552 caeli
1425 1522 1560 1552 dabunt
1572 1530 1689 1552 rorem

379 1576 482 1597 suum
493 1565 511 1577 '’
527 1566 611 1606 (viii.
628 1576 659 1606 9,
674 1574 723 1603 10,
739 1566 811 1605 12):

206 1653 319 1695 haec
350 1651 471 1694 dicta
500 1660 604 1694 sunt
636 1653 692 1693 de
728 1667 846 1693 nova
876 1652 1068 1693 ecclesia
1098 1666 1124 1693 a
1154 1652 1353 1693 Domino
1383 1652 1688 1700 instauranda,

210 1716 353 1757 veteri
380 1716 643 1765 devastata;
682 1729 799 1755 nova
824 1715 1029 1763 ecclesia,
1053 1729 1165 1768 quae
1192 1715 1524 1763 instaurabitur,
1552 1715 1690 1768 signi-

206 1777 365 1819 ficatur
395 1791 473 1830 per
500 1778 720 1818 “domum
746 1777 945 1830 Jehovae
972 1777 1212 1818 Zebaoth“
1242 1791 1355 1830 quae
1387 1777 1573 1818 fundata
1603 1783 1688 1826 est,

208 1846 257 1882 et
282 1853 361 1893 per
384 1840 670 1892 “templum'’
688 1840 808 1893 quod
835 1838 1168 1890 aedificabitur3
1201 1853 1278 1892 per
1306 1840 1529 1881 “domum
1553 1841 1690 1893 Jeho-

206 1916 289 1943 vae
300 1902 320 1917 ‘'
341 1902 616 1955 significatur
638 1902 831 1943 ecclesia
848 1903 995 1955 quoad
1021 1903 1203 1950 bonum,
1228 1910 1274 1943 et
1300 1916 1378 1955 per
1402 1903 1659 1956 “templum
1671 1904 1691 1919 ”

206 1962 404 2004 ecclesia
434 1963 583 2016 quoad
613 1977 770 2003 verum
806 1974 965 2011 (videatur
985 1983 1091 2011 supra,
1114 1983 1146 2004 n.
1176 1974 1299 2012 220):
1340 1964 1463 2017 quod
1492 1965 1690 2006 antehac

210 2037 301 2064 non
326 2024 455 2064 alicui
482 2022 657 2064 affectio
682 2025 774 2065 veri
798 2031 844 2065 et
875 2025 981 2065 boni
1007 2026 1262 2078 spiritualis,
1291 2039 1372 2066 nec
1399 2025 1575 2067 affectio
1599 2028 1691 2068 veri

207 2092 257 2127 et
286 2086 392 2127 boni
423 2087 652 2135 naturalis,
684 2087 827 2135 fuerit,
858 2086 1134 2140 significatur
1165 2101 1243 2140 per
1273 2089 1392 2142 quod
1421 2093 1565 2130 “ante
1596 2090 1692 2131 dies

207 2148 292 2189 hos
312 2162 404 2189 non
426 2163 597 2190 merces
619 2150 813 2190 hominis
834 2148 952 2190 sacta
974 2151 1044 2198 sit,
1069 2163 1150 2191 nec
1174 2164 1346 2191 merces
1367 2151 1539 2192 bestiae
1556 2152 1589 2202 ;‘’
1614 2166 1693 2205 per

211 2211 510 2253 “hominem”
527 2213 645 2252 enim
668 2211 944 2265 significatur
961 2211 1136 2253 affetffio
1153 2214 1245 2254 veri
1267 2214 1520 2265 spiritualis,
1546 2222 1591 2256 et
1614 2229 1693 2268 per

215 2274 442 2315 “bestiam
456 2274 476 2290 '’
497 2274 673 2316 affectio
694 2275 801 2315 boni
822 2275 1051 2323 naturalis,
1076 2282 1121 2315 et
1144 2289 1222 2328 per
1242 2280 1267 2296 “
1283 2277 1537 2318 mercedem
1549 2277 1567 2293 ”
1588 2292 1692 2319 cae-

208 2336 317 2385 lum,
351 2337 471 2390 quod
503 2345 573 2378 est
604 2339 668 2378 eis
698 2338 771 2390 qui
808 2338 852 2377 in
888 2336 1196 2378 affeffionibus
1227 2340 1318 2379 veri
1344 2346 1390 2380 et
1422 2340 1528 2381 boni
1558 2348 1663 2382 sunt
1681 2356 1690 2392 ;

209 2401 313 2439 (quod
325 2398 343 2410 ‘⁴
354 2402 452 2431 homo
463 2402 480 2411 ''
493 2403 647 2440 significet
665 2402 868 2430 affetfflonem
888 2402 952 2430 veri
967 2403 1162 2440 spiritualem
1181 2409 1212 2432 et
1231 2404 1305 2433 inde
1324 2405 1574 2442 intelligentiam,
1587 2407 1694 2435 videa-

210 2459 263 2483 tur
279 2463 385 2492 supra.
400 2463 431 2484 n.
447 2445 541 2489 280,
561 2444 651 2496 546,
671 2454 749 2496 547
762 2465 769 2489 ;
793 2459 824 2483 et
842 2455 931 2491 quod
947 2452 964 2463 ¹⁶
976 2455 1104 2484 bestia'·
1120 2456 1274 2493 significet
1286 2457 1488 2486 affectionem
1504 2460 1692 2494 naturalem,

211 2523 244 2544 n.
266 2503 385 2555 6500
412 2504 639 2543 “exeunti
665 2510 711 2543 et
737 2504 928 2544 intranti
952 2517 1044 2544 non
1066 2518 1158 2557 pax
1182 2505 1240 2546 ab
1264 2506 1439 2556 hoste,''
1465 2507 1692 2560 significat

209 2563 329 2617 quod
365 2565 558 2604 antehac
599 2564 796 2605 infestati
832 2564 992 2605 fuerint
1032 2566 1089 2605 ab
1130 2566 1301 2608 inferno
1336 2568 1380 2608 in
1413 2570 1535 2608 omni
1571 2570 1692 2610 vitae

208 2632 358 2676 statu;
380 2639 458 2678 per
477 2627 637 2667 “exire
655 2633 701 2667 et
724 2627 890 2667 intrare
903 2626 922 2641 '’
936 2627 1212 2680 significatur
1228 2630 1347 2670 vitae
1365 2636 1511 2670 status
1527 2645 1553 2671 a
1571 2632 1690 2684 prin-

210 2688 326 2741 cipio
356 2688 413 2728 ad
444 2687 605 2738 finem;
638 2702 715 2741 per
742 2693 872 2729 “non
899 2690 1087 2742 pacem”
1109 2691 1387 2744 significatur
1411 2693 1640 2735 infestatio
1666 2708 1693 2735 a

211 2750 341 2792 malis
361 2757 408 2791 et
429 2751 533 2792 inde
551 2751 685 2799 falsis,
704 2758 750 2792 et
772 2765 850 2804 per
870 2753 1117 2794 “hostem‘’
1134 2754 1351 2795 infernum
1370 2756 1486 2796 unde
1506 2756 1625 2797 mala
1645 2764 1692 2798 et

210 2813 347 2854 salsa:
387 2817 581 2854 “semen
613 2814 735 2866 pacis
749 2814 768 2828 '’
800 2814 1023 2867 significat
1061 2829 1215 2857 verum
1252 2817 1364 2858 caeli
1396 2825 1442 2859 et
1473 2818 1691 2860 ecclesiae

211 2876 331 2930 quod
367 2890 393 2917 a
428 2876 650 2927 Domino;
692 2877 735 2918 id
765 2881 956 2919 “semen
990 2879 1112 2931 pacis
1126 2879 1144 2894 '³
1175 2880 1350 2930 dicitur,
1381 2882 1482 2934 quia
1517 2887 1692 2923 tutatur

1533 2955 1555 2977 Ι
