<?xml version="1.0" encoding="UTF-8"?>
<!DOCTYPE html PUBLIC "-//W3C//DTD XHTML 1.0 Transitional//EN"
    "http://www.w3.org/TR/xhtml1/DTD/xhtml1-transitional.dtd">
<html xmlns="http://www.w3.org/1999/xhtml" xml:lang="en" lang="en">
 <head>
  <title>
</title>
<meta http-equiv="Content-Type" content="text/html;charset=utf-8" />
  <meta name='ocr-system' content='tesseract 3.04.00' />
  <meta name='ocr-capabilities' content='ocr_page ocr_carea ocr_par ocr_line ocrx_word'/>
</head>
<body>
  <div class='ocr_page' id='page_1' title='image "apocalypsisexpli03sweduoft_0429.png"; bbox 0 0 1962 3334; ppageno 0'>
   <div class='ocr_carea' id='block_1_1' title="bbox 0 0 91 3334">
    <p class='ocr_par' dir='ltr' id='par_1_1' title="bbox 0 0 91 3334">
     <span class='ocr_line' id='line_1_1' title="bbox 0 0 91 3334; baseline 0 0"><span class='ocrx_word' id='word_1_1' title='bbox 0 0 91 3334; x_wconf 95' lang='lat' dir='ltr'> </span> 
     </span>
    </p>
   </div>
   <div class='ocr_carea' id='block_1_2' title="bbox 627 269 1731 322">
    <p class='ocr_par' dir='ltr' id='par_1_2' title="bbox 627 269 1731 322">
     <span class='ocr_line' id='line_1_2' title="bbox 627 269 1731 322; baseline -0.009 -7"><span class='ocrx_word' id='word_1_2' title='bbox 627 282 734 315; x_wconf 78' lang='lat' dir='ltr'>cAP.</span> <span class='ocrx_word' id='word_1_3' title='bbox 758 281 840 322; x_wconf 71' lang='lat' dir='ltr'>xl„</span> <span class='ocrx_word' id='word_1_4' title='bbox 863 279 1001 312; x_wconf 75' lang='lat' dir='ltr'>VERs.</span> <span class='ocrx_word' id='word_1_5' title='bbox 1025 271 1172 311; x_wconf 82' lang='lat' dir='ltr'><strong>8.--N.</strong></span> <span class='ocrx_word' id='word_1_6' title='bbox 1193 269 1354 321; x_wconf 73' lang='lat' dir='ltr'>654[i].</span> <span class='ocrx_word' id='word_1_7' title='bbox 1508 280 1511 283; x_wconf 94' lang='lat'>·</span> <span class='ocrx_word' id='word_1_8' title='bbox 1626 274 1731 318; x_wconf 91' lang='lat'>1743</span> 
     </span>
    </p>
   </div>
   <div class='ocr_carea' id='block_1_3' title="bbox 247 386 1733 751">
    <p class='ocr_par' dir='ltr' id='par_1_3' title="bbox 247 386 1733 751">
     <span class='ocr_line' id='line_1_3' title="bbox 247 386 1732 449; baseline -0.01 -9"><span class='ocrx_word' id='word_1_9' title='bbox 247 398 443 440; x_wconf 87' lang='lat' dir='ltr'>tribuum</span> <span class='ocrx_word' id='word_1_10' title='bbox 457 395 476 412; x_wconf 90' lang='lat'>”</span> <span class='ocrx_word' id='word_1_11' title='bbox 504 394 727 449; x_wconf 86' lang='lat' dir='ltr'>significat</span> <span class='ocrx_word' id='word_1_12' title='bbox 756 393 877 448; x_wconf 92' lang='lat' dir='ltr'>quod</span> <span class='ocrx_word' id='word_1_13' title='bbox 907 405 1141 446; x_wconf 85' lang='lat' dir='ltr'>perversus</span> <span class='ocrx_word' id='word_1_14' title='bbox 1172 391 1230 431; x_wconf 91' lang='lat' dir='ltr'>sit</span> <span class='ocrx_word' id='word_1_15' title='bbox 1261 386 1478 430; x_wconf 87' lang='lat' dir='ltr'>naturalis</span> <span class='ocrx_word' id='word_1_16' title='bbox 1507 386 1660 435; x_wconf 90' lang='lat' dir='ltr'>homo,</span> <span class='ocrx_word' id='word_1_17' title='bbox 1687 387 1732 426; x_wconf 93' lang='lat' dir='ltr'>in</span> 
     </span>
     <span class='ocr_line' id='line_1_4' title="bbox 248 450 1733 514; baseline -0.009 -12"><span class='ocrx_word' id='word_1_18' title='bbox 248 474 337 514; x_wconf 91' lang='lat' dir='ltr'>quo</span> <span class='ocrx_word' id='word_1_19' title='bbox 362 466 515 501; x_wconf 90' lang='lat' dir='ltr'>tamen</span> <span class='ocrx_word' id='word_1_20' title='bbox 538 458 779 499; x_wconf 88' lang='lat' dir='ltr'>fundantur</span> <span class='ocrx_word' id='word_1_21' title='bbox 799 456 950 496; x_wconf 89' lang='lat' dir='ltr'>omnia</span> <span class='ocrx_word' id='word_1_22' title='bbox 973 468 1080 495; x_wconf 91' lang='lat' dir='ltr'>vera</span> <span class='ocrx_word' id='word_1_23' title='bbox 1104 460 1151 494; x_wconf 90' lang='lat' dir='ltr'>et</span> <span class='ocrx_word' id='word_1_24' title='bbox 1176 454 1296 494; x_wconf 90' lang='lat' dir='ltr'>bona</span> <span class='ocrx_word' id='word_1_25' title='bbox 1320 450 1563 492; x_wconf 86' lang='lat' dir='ltr'>ecclesiae:</span> <span class='ocrx_word' id='word_1_26' title='bbox 1600 453 1625 469; x_wconf 92' lang='lat'>“</span> <span class='ocrx_word' id='word_1_27' title='bbox 1641 462 1733 489; x_wconf 89' lang='lat' dir='ltr'>non</span> 
     </span>
     <span class='ocr_line' id='line_1_5' title="bbox 249 510 1732 574; baseline -0.009 -10"><span class='ocrx_word' id='word_1_28' title='bbox 249 524 334 564; x_wconf 88' lang='lat' dir='ltr'>erit</span> <span class='ocrx_word' id='word_1_29' title='bbox 365 521 587 574; x_wconf 87' lang='lat' dir='ltr'>Aegypto</span> <span class='ocrx_word' id='word_1_30' title='bbox 613 533 738 572; x_wconf 91' lang='lat' dir='ltr'>opus,</span> <span class='ocrx_word' id='word_1_31' title='bbox 765 518 884 572; x_wconf 93' lang='lat' dir='ltr'>quod</span> <span class='ocrx_word' id='word_1_32' title='bbox 914 518 1049 558; x_wconf 86' lang='lat' dir='ltr'>saciat</span> <span class='ocrx_word' id='word_1_33' title='bbox 1080 522 1215 569; x_wconf 91' lang='lat' dir='ltr'>caput</span> <span class='ocrx_word' id='word_1_34' title='bbox 1245 522 1292 556; x_wconf 92' lang='lat' dir='ltr'>et</span> <span class='ocrx_word' id='word_1_35' title='bbox 1317 514 1521 561; x_wconf 89' lang='lat' dir='ltr'>caudam,</span> <span class='ocrx_word' id='word_1_36' title='bbox 1549 510 1732 552; x_wconf 75' lang='lat' dir='ltr'>¹¹¹ramus</span> 
     </span>
     <span class='ocr_line' id='line_1_6' title="bbox 251 575 1733 638; baseline -0.008 -12"><span class='ocrx_word' id='word_1_37' title='bbox 251 591 299 626; x_wconf 90' lang='lat' dir='ltr'>et</span> <span class='ocrx_word' id='word_1_38' title='bbox 323 583 521 638; x_wconf 88' lang='lat' dir='ltr'>juncus,‘’</span> <span class='ocrx_word' id='word_1_39' title='bbox 551 581 774 636; x_wconf 87' lang='lat' dir='ltr'>significat</span> <span class='ocrx_word' id='word_1_40' title='bbox 805 580 924 634; x_wconf 92' lang='lat' dir='ltr'>quod</span> <span class='ocrx_word' id='word_1_41' title='bbox 959 580 1046 620; x_wconf 90' lang='lat' dir='ltr'>illis</span> <span class='ocrx_word' id='word_1_42' title='bbox 1082 593 1172 620; x_wconf 90' lang='lat' dir='ltr'>non</span> <span class='ocrx_word' id='word_1_43' title='bbox 1208 577 1398 631; x_wconf 89' lang='lat' dir='ltr'>amplius</span> <span class='ocrx_word' id='word_1_44' title='bbox 1429 575 1733 628; x_wconf 90' lang='lat' dir='ltr'>intelligentia</span> 
     </span>
     <span class='ocr_line' id='line_1_7' title="bbox 252 639 1732 698; baseline -0.007 -10"><span class='ocrx_word' id='word_1_45' title='bbox 252 661 334 688; x_wconf 89' lang='lat' dir='ltr'>nec</span> <span class='ocrx_word' id='word_1_46' title='bbox 359 647 548 688; x_wconf 88' lang='lat' dir='ltr'>scientia</span> <span class='ocrx_word' id='word_1_47' title='bbox 571 646 676 695; x_wconf 90' lang='lat' dir='ltr'>veri,</span> <span class='ocrx_word' id='word_1_48' title='bbox 704 644 890 698; x_wconf 88' lang='lat' dir='ltr'>proinde</span> <span class='ocrx_word' id='word_1_49' title='bbox 918 656 1009 684; x_wconf 88' lang='lat' dir='ltr'>non</span> <span class='ocrx_word' id='word_1_50' title='bbox 1034 655 1188 683; x_wconf 90' lang='lat' dir='ltr'>verum</span> <span class='ocrx_word' id='word_1_51' title='bbox 1213 639 1442 694; x_wconf 85' lang='lat' dir='ltr'>spirituale</span> <span class='ocrx_word' id='word_1_52' title='bbox 1468 652 1551 680; x_wconf 89' lang='lat' dir='ltr'>nec</span> <span class='ocrx_word' id='word_1_53' title='bbox 1577 650 1732 679; x_wconf 90' lang='lat' dir='ltr'>verum</span> 
     </span>
     <span class='ocr_line' id='line_1_8' title="bbox 249 709 464 751; baseline -0.005 -1"><span class='ocrx_word' id='word_1_54' title='bbox 249 709 464 751; x_wconf 86' lang='lat' dir='ltr'>naturale.</span> 
     </span>
    </p>
   </div>
   <div class='ocr_carea' id='block_1_4' title="bbox 321 778 888 835">
    <p class='ocr_par' dir='ltr' id='par_1_4' title="bbox 321 778 888 835">
     <span class='ocr_line' id='line_1_9' title="bbox 321 778 888 835; baseline -0.005 -13"><span class='ocrx_word' id='word_1_55' title='bbox 321 781 399 835; x_wconf 53' lang='grc' dir='ltr'>[ἁ]</span> <span class='ocrx_word' id='word_1_56' title='bbox 441 781 581 834; x_wconf 91' lang='lat' dir='ltr'>Apud</span> <span class='ocrx_word' id='word_1_57' title='bbox 602 778 888 827; x_wconf 75' lang='lat' dir='ltr'><em>Ezechielem,</em></span> 
     </span>
    </p>
   </div>
   <div class='ocr_carea' id='block_1_5' title="bbox 313 875 1733 1699">
    <p class='ocr_par' dir='ltr' id='par_1_5' title="bbox 313 875 1733 1699">
     <span class='ocr_line' id='line_1_10' title="bbox 313 875 1733 923; baseline -0.006 -10"><span class='ocrx_word' id='word_1_58' title='bbox 313 881 410 914; x_wconf 84' lang='lat' dir='ltr'>“Fili</span> <span class='ocrx_word' id='word_1_59' title='bbox 433 881 599 919; x_wconf 85' lang='lat' dir='ltr'>hominis,</span> <span class='ocrx_word' id='word_1_60' title='bbox 619 891 712 921; x_wconf 90' lang='lat' dir='ltr'>pone</span> <span class='ocrx_word' id='word_1_61' title='bbox 735 880 844 911; x_wconf 85' lang='lat' dir='ltr'>facies</span> <span class='ocrx_word' id='word_1_62' title='bbox 867 886 946 911; x_wconf 83' lang='lat' dir='ltr'>tuas</span> <span class='ocrx_word' id='word_1_63' title='bbox 969 884 1095 923; x_wconf 77' lang='lat' dir='ltr'>contra</span> <span class='ocrx_word' id='word_1_64' title='bbox 1120 878 1343 909; x_wconf 83' lang='lat' dir='ltr'>Pharaonem</span> <span class='ocrx_word' id='word_1_65' title='bbox 1367 885 1488 916; x_wconf 88' lang='lat' dir='ltr'>regem</span> <span class='ocrx_word' id='word_1_66' title='bbox 1507 875 1674 916; x_wconf 88' lang='lat' dir='ltr'>Aegypti,</span> <span class='ocrx_word' id='word_1_67' title='bbox 1697 880 1733 905; x_wconf 90' lang='lat' dir='ltr'>et</span> 
     </span>
     <span class='ocr_line' id='line_1_11' title="bbox 419 917 1730 965; baseline -0.005 -9"><span class='ocrx_word' id='word_1_68' title='bbox 419 925 593 965; x_wconf 87' lang='lat' dir='ltr'>propheta</span> <span class='ocrx_word' id='word_1_69' title='bbox 611 931 736 955; x_wconf 88' lang='lat' dir='ltr'>contra</span> <span class='ocrx_word' id='word_1_70' title='bbox 754 924 863 961; x_wconf 90' lang='lat' dir='ltr'>illum,</span> <span class='ocrx_word' id='word_1_71' title='bbox 881 930 916 954; x_wconf 92' lang='lat' dir='ltr'>et</span> <span class='ocrx_word' id='word_1_72' title='bbox 932 928 1056 954; x_wconf 88' lang='lat' dir='ltr'>contra</span> <span class='ocrx_word' id='word_1_73' title='bbox 1073 922 1277 962; x_wconf 84' lang='lat' dir='ltr'>Aegyptum</span> <span class='ocrx_word' id='word_1_74' title='bbox 1294 926 1406 951; x_wconf 89' lang='lat' dir='ltr'>totam</span> <span class='ocrx_word' id='word_1_75' title='bbox 1422 929 1429 957; x_wconf 83' lang='lat'>:</span> <span class='ocrx_word' id='word_1_76' title='bbox 1453 919 1597 960; x_wconf 88' lang='lat' dir='ltr'>loquere</span> <span class='ocrx_word' id='word_1_77' title='bbox 1613 925 1650 950; x_wconf 90' lang='lat' dir='ltr'>et</span> <span class='ocrx_word' id='word_1_78' title='bbox 1664 917 1730 955; x_wconf 92' lang='lat' dir='ltr'>dic,</span> 
     </span>
     <span class='ocr_line' id='line_1_12' title="bbox 419 962 1731 1008; baseline -0.005 -9"><span class='ocrx_word' id='word_1_79' title='bbox 419 968 475 999; x_wconf 92' lang='lat' dir='ltr'>Sic</span> <span class='ocrx_word' id='word_1_80' title='bbox 485 968 574 999; x_wconf 83' lang='lat' dir='ltr'>dixit</span> <span class='ocrx_word' id='word_1_81' title='bbox 586 967 762 999; x_wconf 88' lang='lat' dir='ltr'>Dominus</span> <span class='ocrx_word' id='word_1_82' title='bbox 774 966 937 1008; x_wconf 89' lang='lat' dir='ltr'>Jehovih,</span> <span class='ocrx_word' id='word_1_83' title='bbox 953 965 1042 996; x_wconf 81' lang='lat' dir='ltr'>Ecce</span> <span class='ocrx_word' id='word_1_84' title='bbox 1057 964 1133 1005; x_wconf 84' lang='lat' dir='ltr'>Ego</span> <span class='ocrx_word' id='word_1_85' title='bbox 1146 971 1271 996; x_wconf 87' lang='lat' dir='ltr'>contra</span> <span class='ocrx_word' id='word_1_86' title='bbox 1283 970 1328 1002; x_wconf 91' lang='lat' dir='ltr'>te,</span> <span class='ocrx_word' id='word_1_87' title='bbox 1342 963 1480 994; x_wconf 85' lang='lat' dir='ltr'>Pharao</span> <span class='ocrx_word' id='word_1_88' title='bbox 1491 973 1554 994; x_wconf 86' lang='lat' dir='ltr'>rex</span> <span class='ocrx_word' id='word_1_89' title='bbox 1564 962 1731 1002; x_wconf 83' lang='lat' dir='ltr'>Aegypti,</span> 
     </span>
     <span class='ocr_line' id='line_1_13' title="bbox 420 1005 1732 1051; baseline -0.005 -9"><span class='ocrx_word' id='word_1_90' title='bbox 420 1018 496 1042; x_wconf 89' lang='lat' dir='ltr'>cete</span> <span class='ocrx_word' id='word_1_91' title='bbox 512 1021 652 1051; x_wconf 86' lang='lat' dir='ltr'>magne,</span> <span class='ocrx_word' id='word_1_92' title='bbox 670 1012 728 1051; x_wconf 84' lang='lat' dir='ltr'>qui</span> <span class='ocrx_word' id='word_1_93' title='bbox 745 1011 849 1041; x_wconf 88' lang='lat' dir='ltr'>cubat</span> <span class='ocrx_word' id='word_1_94' title='bbox 866 1010 903 1040; x_wconf 91' lang='lat' dir='ltr'>in</span> <span class='ocrx_word' id='word_1_95' title='bbox 921 1009 1039 1040; x_wconf 88' lang='lat' dir='ltr'>medio</span> <span class='ocrx_word' id='word_1_96' title='bbox 1058 1008 1246 1039; x_wconf 86' lang='lat' dir='ltr'>fluviorum</span> <span class='ocrx_word' id='word_1_97' title='bbox 1263 1016 1421 1044; x_wconf 84' lang='lat' dir='ltr'>suorum,</span> <span class='ocrx_word' id='word_1_98' title='bbox 1438 1006 1497 1047; x_wconf 90' lang='lat' dir='ltr'>qui</span> <span class='ocrx_word' id='word_1_99' title='bbox 1513 1006 1611 1042; x_wconf 85' lang='lat' dir='ltr'>dixit,</span> <span class='ocrx_word' id='word_1_100' title='bbox 1627 1005 1732 1036; x_wconf 87' lang='lat' dir='ltr'>Meus</span> 
     </span>
     <span class='ocr_line' id='line_1_14' title="bbox 419 1049 1731 1094; baseline -0.005 -8"><span class='ocrx_word' id='word_1_101' title='bbox 419 1054 561 1086; x_wconf 88' lang='lat' dir='ltr'>fluvius.</span> <span class='ocrx_word' id='word_1_102' title='bbox 575 1079 599 1092; x_wconf 90' lang='lat'>.,</span> <span class='ocrx_word' id='word_1_103' title='bbox 616 1061 652 1085; x_wconf 90' lang='lat' dir='ltr'>et</span> <span class='ocrx_word' id='word_1_104' title='bbox 670 1063 738 1094; x_wconf 88' lang='lat' dir='ltr'>ego</span> <span class='ocrx_word' id='word_1_105' title='bbox 756 1053 824 1084; x_wconf 74' lang='lat' dir='ltr'>feci</span> <span class='ocrx_word' id='word_1_106' title='bbox 842 1062 919 1088; x_wconf 86' lang='lat' dir='ltr'>me:</span> <span class='ocrx_word' id='word_1_107' title='bbox 947 1058 1136 1092; x_wconf 88' lang='lat' dir='ltr'>propterea</span> <span class='ocrx_word' id='word_1_108' title='bbox 1150 1051 1243 1082; x_wconf 89' lang='lat' dir='ltr'>dabo</span> <span class='ocrx_word' id='word_1_109' title='bbox 1257 1051 1384 1081; x_wconf 90' lang='lat' dir='ltr'>hamos</span> <span class='ocrx_word' id='word_1_110' title='bbox 1403 1050 1440 1081; x_wconf 89' lang='lat' dir='ltr'>in</span> <span class='ocrx_word' id='word_1_111' title='bbox 1460 1049 1624 1080; x_wconf 83' lang='lat' dir='ltr'>maxillas</span> <span class='ocrx_word' id='word_1_112' title='bbox 1640 1056 1731 1086; x_wconf 87' lang='lat' dir='ltr'>tuas,</span> 
     </span>
     <span class='ocr_line' id='line_1_15' title="bbox 419 1094 1731 1136; baseline -0.005 -7"><span class='ocrx_word' id='word_1_113' title='bbox 419 1104 455 1128; x_wconf 91' lang='lat' dir='ltr'>et</span> <span class='ocrx_word' id='word_1_114' title='bbox 473 1098 664 1128; x_wconf 88' lang='lat' dir='ltr'>adhaerere</span> <span class='ocrx_word' id='word_1_115' title='bbox 683 1097 809 1128; x_wconf 80' lang='lat' dir='ltr'>faciam</span> <span class='ocrx_word' id='word_1_116' title='bbox 830 1097 963 1136; x_wconf 88' lang='lat' dir='ltr'>piscem</span> <span class='ocrx_word' id='word_1_117' title='bbox 980 1095 1167 1126; x_wconf 88' lang='lat' dir='ltr'>fluviorum</span> <span class='ocrx_word' id='word_1_118' title='bbox 1185 1101 1326 1125; x_wconf 89' lang='lat' dir='ltr'>tuorum</span> <span class='ocrx_word' id='word_1_119' title='bbox 1346 1094 1506 1133; x_wconf 86' lang='lat' dir='ltr'>squamis</span> <span class='ocrx_word' id='word_1_120' title='bbox 1525 1094 1622 1129; x_wconf 66' lang='lat' dir='ltr'>tuis„</span> <span class='ocrx_word' id='word_1_121' title='bbox 1636 1117 1644 1124; x_wconf 92' lang='lat'><em>.</em></span> <span class='ocrx_word' id='word_1_122' title='bbox 1658 1117 1665 1123; x_wconf 95' lang='lat'>.</span> <span class='ocrx_word' id='word_1_123' title='bbox 1680 1099 1731 1123; x_wconf 90' lang='lat' dir='ltr'>.et</span> 
     </span>
     <span class='ocr_line' id='line_1_16' title="bbox 419 1137 1730 1181; baseline -0.005 -9"><span class='ocrx_word' id='word_1_124' title='bbox 419 1141 661 1181; x_wconf 90' lang='lat' dir='ltr'>derelinquam</span> <span class='ocrx_word' id='word_1_125' title='bbox 679 1146 713 1171; x_wconf 87' lang='lat' dir='ltr'>te</span> <span class='ocrx_word' id='word_1_126' title='bbox 732 1141 768 1171; x_wconf 90' lang='lat' dir='ltr'>in</span> <span class='ocrx_word' id='word_1_127' title='bbox 785 1140 936 1176; x_wconf 91' lang='lat' dir='ltr'>deserto,</span> <span class='ocrx_word' id='word_1_128' title='bbox 955 1146 988 1170; x_wconf 90' lang='lat' dir='ltr'>te</span> <span class='ocrx_word' id='word_1_129' title='bbox 1004 1144 1040 1169; x_wconf 91' lang='lat' dir='ltr'>et</span> <span class='ocrx_word' id='word_1_130' title='bbox 1056 1148 1200 1169; x_wconf 89' lang='lat' dir='ltr'>omnem</span> <span class='ocrx_word' id='word_1_131' title='bbox 1221 1138 1353 1178; x_wconf 87' lang='lat' dir='ltr'>piscem</span> <span class='ocrx_word' id='word_1_132' title='bbox 1371 1137 1559 1168; x_wconf 87' lang='lat' dir='ltr'>fluviorum</span> <span class='ocrx_word' id='word_1_133' title='bbox 1578 1142 1730 1171; x_wconf 84' lang='lat' dir='ltr'>tuorum.</span> 
     </span>
     <span class='ocr_line' id='line_1_17' title="bbox 421 1179 1729 1224; baseline -0.004 -9"><span class='ocrx_word' id='word_1_134' title='bbox 421 1194 528 1224; x_wconf 88' lang='lat' dir='ltr'>super</span> <span class='ocrx_word' id='word_1_135' title='bbox 543 1184 651 1215; x_wconf 74' lang='lat' dir='ltr'>{acies</span> <span class='ocrx_word' id='word_1_136' title='bbox 667 1185 743 1223; x_wconf 90' lang='lat' dir='ltr'>agri</span> <span class='ocrx_word' id='word_1_137' title='bbox 764 1184 879 1221; x_wconf 88' lang='lat' dir='ltr'>cades,</span> <span class='ocrx_word' id='word_1_138' title='bbox 896 1192 970 1213; x_wconf 90' lang='lat' dir='ltr'>non</span> <span class='ocrx_word' id='word_1_139' title='bbox 989 1182 1177 1222; x_wconf 90' lang='lat' dir='ltr'>colligeris,</span> <span class='ocrx_word' id='word_1_140' title='bbox 1196 1191 1310 1221; x_wconf 89' lang='lat' dir='ltr'>neque</span> <span class='ocrx_word' id='word_1_141' title='bbox 1329 1179 1614 1220; x_wconf 81' lang='lat' dir='ltr'>congregaberis,</span> <span class='ocrx_word' id='word_1_142' title='bbox 1631 1179 1729 1210; x_wconf 82' lang='lat' dir='ltr'>ferae</span> 
     </span>
     <span class='ocr_line' id='line_1_18' title="bbox 422 1222 1732 1264; baseline -0.004 -6"><span class='ocrx_word' id='word_1_143' title='bbox 422 1233 536 1258; x_wconf 89' lang='lat' dir='ltr'>terrae</span> <span class='ocrx_word' id='word_1_144' title='bbox 555 1234 590 1258; x_wconf 88' lang='lat' dir='ltr'>et</span> <span class='ocrx_word' id='word_1_145' title='bbox 609 1228 667 1257; x_wconf 91' lang='lat' dir='ltr'>avi</span> <span class='ocrx_word' id='word_1_146' title='bbox 687 1227 774 1258; x_wconf 88' lang='lat' dir='ltr'>caeli</span> <span class='ocrx_word' id='word_1_147' title='bbox 790 1227 870 1257; x_wconf 87' lang='lat' dir='ltr'>dedi</span> <span class='ocrx_word' id='word_1_148' title='bbox 890 1233 925 1256; x_wconf 89' lang='lat' dir='ltr'>te</span> <span class='ocrx_word' id='word_1_149' title='bbox 943 1226 979 1256; x_wconf 90' lang='lat' dir='ltr'>in</span> <span class='ocrx_word' id='word_1_150' title='bbox 999 1225 1137 1261; x_wconf 76' lang='lat' dir='ltr'>cibum:</span> <span class='ocrx_word' id='word_1_151' title='bbox 1161 1232 1200 1256; x_wconf 90' lang='lat' dir='ltr'>ut</span> <span class='ocrx_word' id='word_1_152' title='bbox 1219 1230 1438 1264; x_wconf 86' lang='lat' dir='ltr'>cognoscant</span> <span class='ocrx_word' id='word_1_153' title='bbox 1453 1233 1580 1254; x_wconf 90' lang='lat' dir='ltr'>omnes</span> <span class='ocrx_word' id='word_1_154' title='bbox 1596 1222 1732 1253; x_wconf 90' lang='lat' dir='ltr'>habita-</span> 
     </span>
     <span class='ocr_line' id='line_1_19' title="bbox 422 1266 1732 1310; baseline -0.004 -9"><span class='ocrx_word' id='word_1_155' title='bbox 422 1277 518 1302; x_wconf 85' lang='lat' dir='ltr'>tores</span> <span class='ocrx_word' id='word_1_156' title='bbox 547 1270 701 1310; x_wconf 86' lang='lat' dir='ltr'>Aegypti</span> <span class='ocrx_word' id='word_1_157' title='bbox 734 1270 828 1310; x_wconf 88' lang='lat' dir='ltr'>quod</span> <span class='ocrx_word' id='word_1_158' title='bbox 857 1269 934 1309; x_wconf 85' lang='lat' dir='ltr'>Ego</span> <span class='ocrx_word' id='word_1_159' title='bbox 961 1268 1122 1310; x_wconf 85' lang='lat' dir='ltr'>Jehovah</span> <span class='ocrx_word' id='word_1_160' title='bbox 1136 1277 1144 1305; x_wconf 84' lang='lat'><em>;</em></span> <span class='ocrx_word' id='word_1_161' title='bbox 1175 1274 1364 1308; x_wconf 87' lang='lat' dir='ltr'>propterea</span> <span class='ocrx_word' id='word_1_162' title='bbox 1393 1267 1488 1307; x_wconf 90' lang='lat' dir='ltr'>quod</span> <span class='ocrx_word' id='word_1_163' title='bbox 1519 1266 1569 1297; x_wconf 89' lang='lat' dir='ltr'>illi</span> <span class='ocrx_word' id='word_1_164' title='bbox 1601 1266 1732 1297; x_wconf 82' lang='lat' dir='ltr'>fuerint</span> 
     </span>
     <span class='ocr_line' id='line_1_20' title="bbox 422 1311 1732 1352; baseline -0.004 -8"><span class='ocrx_word' id='word_1_165' title='bbox 422 1314 568 1344; x_wconf 90' lang='lat' dir='ltr'>baculus</span> <span class='ocrx_word' id='word_1_166' title='bbox 584 1314 768 1344; x_wconf 88' lang='lat' dir='ltr'>arundinis</span> <span class='ocrx_word' id='word_1_167' title='bbox 781 1313 902 1344; x_wconf 89' lang='lat' dir='ltr'>domui</span> <span class='ocrx_word' id='word_1_168' title='bbox 921 1312 1062 1343; x_wconf 85' lang='lat' dir='ltr'>Israelis</span> <span class='ocrx_word' id='word_1_169' title='bbox 1076 1321 1083 1348; x_wconf 86' lang='lat'>:</span> <span class='ocrx_word' id='word_1_170' title='bbox 1108 1311 1251 1352; x_wconf 88' lang='lat' dir='ltr'>quando</span> <span class='ocrx_word' id='word_1_171' title='bbox 1264 1317 1455 1342; x_wconf 87' lang='lat' dir='ltr'>tenuerunt</span> <span class='ocrx_word' id='word_1_172' title='bbox 1470 1317 1505 1341; x_wconf 91' lang='lat' dir='ltr'>te</span> <span class='ocrx_word' id='word_1_173' title='bbox 1518 1319 1637 1346; x_wconf 90' lang='lat' dir='ltr'>manu,</span> <span class='ocrx_word' id='word_1_174' title='bbox 1648 1319 1732 1340; x_wconf 92' lang='lat' dir='ltr'>con-</span> 
     </span>
     <span class='ocr_line' id='line_1_21' title="bbox 422 1353 1733 1396; baseline -0.004 -8"><span class='ocrx_word' id='word_1_175' title='bbox 422 1355 556 1388; x_wconf 70' lang='lat' dir='ltr'>fractus</span> <span class='ocrx_word' id='word_1_176' title='bbox 565 1366 614 1394; x_wconf 87' lang='lat' dir='ltr'>es,</span> <span class='ocrx_word' id='word_1_177' title='bbox 624 1363 660 1388; x_wconf 90' lang='lat' dir='ltr'>et</span> <span class='ocrx_word' id='word_1_178' title='bbox 669 1356 854 1396; x_wconf 78' lang='lat' dir='ltr'>perfodisti</span> <span class='ocrx_word' id='word_1_179' title='bbox 865 1356 935 1387; x_wconf 89' lang='lat' dir='ltr'>illis</span> <span class='ocrx_word' id='word_1_180' title='bbox 944 1365 1088 1386; x_wconf 89' lang='lat' dir='ltr'>omnem</span> <span class='ocrx_word' id='word_1_181' title='bbox 1099 1355 1284 1386; x_wconf 87' lang='lat' dir='ltr'>humerum</span> <span class='ocrx_word' id='word_1_182' title='bbox 1299 1364 1307 1390; x_wconf 85' lang='lat'>;</span> <span class='ocrx_word' id='word_1_183' title='bbox 1327 1361 1363 1385; x_wconf 90' lang='lat' dir='ltr'>et</span> <span class='ocrx_word' id='word_1_184' title='bbox 1373 1354 1514 1394; x_wconf 91' lang='lat' dir='ltr'>quando</span> <span class='ocrx_word' id='word_1_185' title='bbox 1525 1353 1638 1384; x_wconf 86' lang='lat' dir='ltr'>innixi</span> <span class='ocrx_word' id='word_1_186' title='bbox 1649 1360 1733 1384; x_wconf 89' lang='lat' dir='ltr'>sunt</span> 
     </span>
     <span class='ocr_line' id='line_1_22' title="bbox 421 1396 1733 1438; baseline -0.004 -7"><span class='ocrx_word' id='word_1_187' title='bbox 421 1400 495 1438; x_wconf 88' lang='lat' dir='ltr'>tibi,</span> <span class='ocrx_word' id='word_1_188' title='bbox 507 1398 640 1431; x_wconf 62' lang='lat' dir='ltr'>fraetus</span> <span class='ocrx_word' id='word_1_189' title='bbox 652 1410 704 1437; x_wconf 91' lang='lat' dir='ltr'>es,</span> <span class='ocrx_word' id='word_1_190' title='bbox 718 1406 753 1430; x_wconf 91' lang='lat' dir='ltr'>et</span> <span class='ocrx_word' id='word_1_191' title='bbox 766 1406 860 1430; x_wconf 82' lang='lat' dir='ltr'>stare</span> <span class='ocrx_word' id='word_1_192' title='bbox 873 1399 1004 1430; x_wconf 81' lang='lat' dir='ltr'>fecisti.</span> <span class='ocrx_word' id='word_1_193' title='bbox 1017 1408 1159 1430; x_wconf 81' lang='lat' dir='ltr'>,omnes</span> <span class='ocrx_word' id='word_1_194' title='bbox 1173 1398 1323 1429; x_wconf 88' lang='lat' dir='ltr'>lumbos.</span> <span class='ocrx_word' id='word_1_195' title='bbox 1347 1422 1355 1428; x_wconf 96' lang='lat'>.</span> <span class='ocrx_word' id='word_1_196' title='bbox 1369 1422 1376 1428; x_wconf 95' lang='lat'>.</span> <span class='ocrx_word' id='word_1_197' title='bbox 1391 1422 1399 1429; x_wconf 95' lang='lat'>.</span> <span class='ocrx_word' id='word_1_198' title='bbox 1412 1422 1420 1429; x_wconf 89' lang='lat'><em>.</em></span> <span class='ocrx_word' id='word_1_199' title='bbox 1430 1397 1520 1428; x_wconf 87' lang='lat' dir='ltr'>Ecce</span> <span class='ocrx_word' id='word_1_200' title='bbox 1534 1396 1611 1436; x_wconf 83' lang='lat' dir='ltr'>Ego</span> <span class='ocrx_word' id='word_1_201' title='bbox 1624 1397 1733 1427; x_wconf 90' lang='lat' dir='ltr'>addu-</span> 
     </span>
     <span class='ocr_line' id='line_1_23' title="bbox 421 1440 1731 1482; baseline -0.003 -8"><span class='ocrx_word' id='word_1_202' title='bbox 421 1453 505 1475; x_wconf 88' lang='lat' dir='ltr'>cens</span> <span class='ocrx_word' id='word_1_203' title='bbox 521 1450 646 1474; x_wconf 86' lang='lat' dir='ltr'>contra</span> <span class='ocrx_word' id='word_1_204' title='bbox 662 1449 696 1474; x_wconf 92' lang='lat' dir='ltr'>te</span> <span class='ocrx_word' id='word_1_205' title='bbox 715 1443 884 1482; x_wconf 86' lang='lat' dir='ltr'>gladium,</span> <span class='ocrx_word' id='word_1_206' title='bbox 901 1449 936 1473; x_wconf 85' lang='lat' dir='ltr'>et</span> <span class='ocrx_word' id='word_1_207' title='bbox 956 1442 1160 1473; x_wconf 87' lang='lat' dir='ltr'>exscindam</span> <span class='ocrx_word' id='word_1_208' title='bbox 1186 1451 1230 1472; x_wconf 88' lang='lat' dir='ltr'>ex</span> <span class='ocrx_word' id='word_1_209' title='bbox 1254 1448 1288 1472; x_wconf 90' lang='lat' dir='ltr'>te</span> <span class='ocrx_word' id='word_1_210' title='bbox 1307 1441 1490 1471; x_wconf 89' lang='lat' dir='ltr'>hominem</span> <span class='ocrx_word' id='word_1_211' title='bbox 1510 1447 1546 1471; x_wconf 90' lang='lat' dir='ltr'>et</span> <span class='ocrx_word' id='word_1_212' title='bbox 1569 1440 1731 1477; x_wconf 81' lang='lat' dir='ltr'>bestiam,</span> 
     </span>
     <span class='ocr_line' id='line_1_24' title="bbox 421 1483 1731 1526; baseline -0.003 -8"><span class='ocrx_word' id='word_1_213' title='bbox 421 1493 461 1518; x_wconf 89' lang='lat' dir='ltr'>ut</span> <span class='ocrx_word' id='word_1_214' title='bbox 477 1486 538 1518; x_wconf 87' lang='lat' dir='ltr'>fiat</span> <span class='ocrx_word' id='word_1_215' title='bbox 556 1492 651 1518; x_wconf 88' lang='lat' dir='ltr'>terra</span> <span class='ocrx_word' id='word_1_216' title='bbox 666 1486 822 1526; x_wconf 86' lang='lat' dir='ltr'>Aegypti</span> <span class='ocrx_word' id='word_1_217' title='bbox 838 1485 995 1517; x_wconf 90' lang='lat' dir='ltr'>solitudo</span> <span class='ocrx_word' id='word_1_218' title='bbox 1011 1491 1047 1516; x_wconf 92' lang='lat' dir='ltr'>et</span> <span class='ocrx_word' id='word_1_219' title='bbox 1066 1485 1242 1522; x_wconf 49' lang='lat' dir='ltr'>vastitas.</span> <span class='ocrx_word' id='word_1_220' title='bbox 1256 1509 1264 1516; x_wconf 91' lang='lat'><strong>.</strong></span> <span class='ocrx_word' id='word_1_221' title='bbox 1278 1509 1286 1516; x_wconf 91' lang='lat'>.</span> <span class='ocrx_word' id='word_1_222' title='bbox 1300 1491 1505 1524; x_wconf 84' lang='lat' dir='ltr'>‚propterea</span> <span class='ocrx_word' id='word_1_223' title='bbox 1521 1483 1614 1524; x_wconf 86' lang='lat' dir='ltr'>quod</span> <span class='ocrx_word' id='word_1_224' title='bbox 1633 1483 1731 1520; x_wconf 83' lang='lat' dir='ltr'>dixit,</span> 
     </span>
     <span class='ocr_line' id='line_1_25' title="bbox 421 1526 1731 1569; baseline -0.003 -8"><span class='ocrx_word' id='word_1_225' title='bbox 421 1529 566 1561; x_wconf 84' lang='lat' dir='ltr'>Fluvius</span> <span class='ocrx_word' id='word_1_226' title='bbox 590 1539 701 1567; x_wconf 89' lang='lat' dir='ltr'>meus,</span> <span class='ocrx_word' id='word_1_227' title='bbox 718 1536 754 1560; x_wconf 90' lang='lat' dir='ltr'>et</span> <span class='ocrx_word' id='word_1_228' title='bbox 777 1539 844 1569; x_wconf 89' lang='lat' dir='ltr'>ego</span> <span class='ocrx_word' id='word_1_229' title='bbox 868 1529 955 1565; x_wconf 78' lang='lat' dir='ltr'>feci:</span> <span class='ocrx_word' id='word_1_230' title='bbox 984 1529 1065 1559; x_wconf 90' lang='lat' dir='ltr'>ideo</span> <span class='ocrx_word' id='word_1_231' title='bbox 1087 1528 1164 1568; x_wconf 88' lang='lat' dir='ltr'>Ego</span> <span class='ocrx_word' id='word_1_232' title='bbox 1187 1534 1313 1559; x_wconf 89' lang='lat' dir='ltr'>contra</span> <span class='ocrx_word' id='word_1_233' title='bbox 1336 1535 1380 1565; x_wconf 88' lang='lat' dir='ltr'>te,</span> <span class='ocrx_word' id='word_1_234' title='bbox 1400 1534 1435 1558; x_wconf 87' lang='lat' dir='ltr'>et</span> <span class='ocrx_word' id='word_1_235' title='bbox 1459 1534 1585 1558; x_wconf 90' lang='lat' dir='ltr'>contra</span> <span class='ocrx_word' id='word_1_236' title='bbox 1603 1526 1731 1558; x_wconf 87' lang='lat' dir='ltr'>fluvios</span> 
     </span>
     <span class='ocr_line' id='line_1_26' title="bbox 420 1571 1732 1615; baseline -0.003 -11"><span class='ocrx_word' id='word_1_237' title='bbox 420 1579 511 1610; x_wconf 88' lang='lat' dir='ltr'>tuos,</span> <span class='ocrx_word' id='word_1_238' title='bbox 529 1580 564 1604; x_wconf 91' lang='lat' dir='ltr'>et</span> <span class='ocrx_word' id='word_1_239' title='bbox 582 1573 675 1604; x_wconf 91' lang='lat' dir='ltr'>dabo</span> <span class='ocrx_word' id='word_1_240' title='bbox 691 1580 821 1603; x_wconf 88' lang='lat' dir='ltr'>terram</span> <span class='ocrx_word' id='word_1_241' title='bbox 840 1572 996 1612; x_wconf 87' lang='lat' dir='ltr'>Aegypti</span> <span class='ocrx_word' id='word_1_242' title='bbox 1016 1572 1051 1602; x_wconf 90' lang='lat' dir='ltr'>in</span> <span class='ocrx_word' id='word_1_243' title='bbox 1070 1572 1271 1603; x_wconf 86' lang='lat' dir='ltr'>vastitates.</span> <span class='ocrx_word' id='word_1_244' title='bbox 1286 1596 1293 1602; x_wconf 95' lang='lat'>.</span> <span class='ocrx_word' id='word_1_245' title='bbox 1307 1581 1345 1602; x_wconf 87' lang='lat' dir='ltr'>.a</span> <span class='ocrx_word' id='word_1_246' title='bbox 1364 1571 1451 1601; x_wconf 89' lang='lat' dir='ltr'>turri</span> <span class='ocrx_word' id='word_1_247' title='bbox 1467 1571 1605 1615; x_wconf 77' lang='lat' dir='ltr'>Seyene</span> <span class='ocrx_word' id='word_1_248' title='bbox 1620 1580 1732 1610; x_wconf 89' lang='lat' dir='ltr'>usque</span> 
     </span>
     <span class='ocr_line' id='line_1_27' title="bbox 420 1614 1733 1655; baseline -0.002 -8"><span class='ocrx_word' id='word_1_249' title='bbox 420 1616 466 1647; x_wconf 89' lang='lat' dir='ltr'>ad</span> <span class='ocrx_word' id='word_1_250' title='bbox 492 1616 681 1648; x_wconf 86' lang='lat' dir='ltr'>terminum</span> <span class='ocrx_word' id='word_1_251' title='bbox 702 1616 847 1653; x_wconf 86' lang='lat' dir='ltr'>Cusch,.</span> <span class='ocrx_word' id='word_1_252' title='bbox 861 1641 869 1647; x_wconf 91' lang='lat'><em>.</em></span> <span class='ocrx_word' id='word_1_253' title='bbox 884 1641 892 1647; x_wconf 91' lang='lat'>.</span> <span class='ocrx_word' id='word_1_254' title='bbox 905 1623 957 1647; x_wconf 91' lang='lat' dir='ltr'>.et</span> <span class='ocrx_word' id='word_1_255' title='bbox 979 1616 1085 1647; x_wconf 88' lang='lat' dir='ltr'>urbes</span> <span class='ocrx_word' id='word_1_256' title='bbox 1109 1615 1203 1655; x_wconf 85' lang='lat' dir='ltr'>ejus.</span> <span class='ocrx_word' id='word_1_257' title='bbox 1216 1639 1225 1646; x_wconf 89' lang='lat'>.</span> <span class='ocrx_word' id='word_1_258' title='bbox 1238 1639 1246 1646; x_wconf 88' lang='lat'>.</span> <span class='ocrx_word' id='word_1_259' title='bbox 1261 1621 1380 1646; x_wconf 88' lang='lat' dir='ltr'>.erunt</span> <span class='ocrx_word' id='word_1_260' title='bbox 1404 1614 1559 1645; x_wconf 84' lang='lat' dir='ltr'>solitudo</span> <span class='ocrx_word' id='word_1_261' title='bbox 1583 1614 1733 1654; x_wconf 86' lang='lat' dir='ltr'>quadra-</span> 
     </span>
     <span class='ocr_line' id='line_1_28' title="bbox 419 1659 945 1699; baseline 0 -9"><span class='ocrx_word' id='word_1_262' title='bbox 419 1660 524 1699; x_wconf 88' lang='lat' dir='ltr'>ginta</span> <span class='ocrx_word' id='word_1_263' title='bbox 538 1669 654 1690; x_wconf 90' lang='lat' dir='ltr'>annos</span> <span class='ocrx_word' id='word_1_264' title='bbox 665 1659 684 1670; x_wconf 84' lang='lat'>&#39;¹</span> <span class='ocrx_word' id='word_1_265' title='bbox 700 1659 808 1698; x_wconf 87' lang='lat' dir='ltr'>(xxix.</span> <span class='ocrx_word' id='word_1_266' title='bbox 829 1659 925 1699; x_wconf 83' lang='lat'><em>1-12)</em></span> <span class='ocrx_word' id='word_1_267' title='bbox 938 1670 945 1690; x_wconf 91' lang='lat'>:</span> 
     </span>
    </p>
   </div>
   <div class='ocr_carea' id='block_1_6' title="bbox 246 1776 1731 2955">
    <p class='ocr_par' dir='ltr' id='par_1_6' title="bbox 246 1776 1731 2955">
     <span class='ocr_line' id='line_1_29' title="bbox 250 1776 1728 1829; baseline -0.001 -12"><span class='ocrx_word' id='word_1_268' title='bbox 250 1789 330 1829; x_wconf 91' lang='lat' dir='ltr'>per</span> <span class='ocrx_word' id='word_1_269' title='bbox 357 1776 470 1817; x_wconf 89' lang='lat' dir='ltr'>haec</span> <span class='ocrx_word' id='word_1_270' title='bbox 501 1777 638 1817; x_wconf 86' lang='lat' dir='ltr'>verba</span> <span class='ocrx_word' id='word_1_271' title='bbox 663 1778 800 1817; x_wconf 89' lang='lat' dir='ltr'>etiam</span> <span class='ocrx_word' id='word_1_272' title='bbox 826 1777 1093 1817; x_wconf 89' lang='lat' dir='ltr'>describitur</span> <span class='ocrx_word' id='word_1_273' title='bbox 1118 1776 1334 1816; x_wconf 88' lang='lat' dir='ltr'>naturalis</span> <span class='ocrx_word' id='word_1_274' title='bbox 1358 1776 1496 1817; x_wconf 91' lang='lat' dir='ltr'>homo</span> <span class='ocrx_word' id='word_1_275' title='bbox 1521 1776 1728 1829; x_wconf 89' lang='lat' dir='ltr'>depriva-</span> 
     </span>
     <span class='ocr_line' id='line_1_30' title="bbox 251 1839 1729 1892; baseline 0.001 -13"><span class='ocrx_word' id='word_1_276' title='bbox 251 1844 325 1879; x_wconf 87' lang='lat' dir='ltr'>tus</span> <span class='ocrx_word' id='word_1_277' title='bbox 349 1839 471 1879; x_wconf 91' lang='lat' dir='ltr'>omni</span> <span class='ocrx_word' id='word_1_278' title='bbox 496 1853 602 1879; x_wconf 92' lang='lat' dir='ltr'>vero</span> <span class='ocrx_word' id='word_1_279' title='bbox 628 1846 674 1879; x_wconf 91' lang='lat' dir='ltr'>et</span> <span class='ocrx_word' id='word_1_280' title='bbox 706 1839 826 1879; x_wconf 90' lang='lat' dir='ltr'>bono</span> <span class='ocrx_word' id='word_1_281' title='bbox 851 1853 931 1892; x_wconf 90' lang='lat' dir='ltr'>per</span> <span class='ocrx_word' id='word_1_282' title='bbox 955 1839 1117 1879; x_wconf 80' lang='lat' dir='ltr'>fastum</span> <span class='ocrx_word' id='word_1_283' title='bbox 1149 1853 1209 1879; x_wconf 88' lang='lat' dir='ltr'>ex</span> <span class='ocrx_word' id='word_1_284' title='bbox 1239 1840 1428 1879; x_wconf 86' lang='lat' dir='ltr'>scientia</span> <span class='ocrx_word' id='word_1_285' title='bbox 1458 1846 1505 1880; x_wconf 88' lang='lat' dir='ltr'>et</span> <span class='ocrx_word' id='word_1_286' title='bbox 1536 1840 1639 1880; x_wconf 88' lang='lat' dir='ltr'>inde</span> <span class='ocrx_word' id='word_1_287' title='bbox 1670 1854 1729 1880; x_wconf 88' lang='lat' dir='ltr'>ex</span> 
     </span>
     <span class='ocr_line' id='line_1_31' title="bbox 251 1900 1731 1955; baseline 0.002 -15"><span class='ocrx_word' id='word_1_288' title='bbox 251 1901 429 1953; x_wconf 91' lang='lat' dir='ltr'>propria</span> <span class='ocrx_word' id='word_1_289' title='bbox 467 1900 793 1954; x_wconf 84' lang='lat' dir='ltr'>intelligentia:</span> <span class='ocrx_word' id='word_1_290' title='bbox 842 1902 1051 1954; x_wconf 89' lang='lat' dir='ltr'>quoniam</span> <span class='ocrx_word' id='word_1_291' title='bbox 1093 1915 1172 1954; x_wconf 93' lang='lat' dir='ltr'>per</span> <span class='ocrx_word' id='word_1_292' title='bbox 1214 1901 1534 1944; x_wconf 88' lang='lat' dir='ltr'>“Pharaonem</span> <span class='ocrx_word' id='word_1_293' title='bbox 1575 1916 1731 1955; x_wconf 91' lang='lat' dir='ltr'>regem</span> 
     </span>
     <span class='ocr_line' id='line_1_32' title="bbox 248 1961 1729 2016; baseline 0.001 -13"><span class='ocrx_word' id='word_1_294' title='bbox 248 1961 484 2015; x_wconf 88' lang='lat' dir='ltr'>Aegypti’&#39;</span> <span class='ocrx_word' id='word_1_295' title='bbox 515 1963 790 2016; x_wconf 88' lang='lat' dir='ltr'>significatur</span> <span class='ocrx_word' id='word_1_296' title='bbox 826 1964 1015 2004; x_wconf 91' lang='lat' dir='ltr'>scientia</span> <span class='ocrx_word' id='word_1_297' title='bbox 1054 1964 1269 2004; x_wconf 86' lang='lat' dir='ltr'>naturalis</span> <span class='ocrx_word' id='word_1_298' title='bbox 1308 1964 1501 2005; x_wconf 90' lang='lat' dir='ltr'>hominis</span> <span class='ocrx_word' id='word_1_299' title='bbox 1541 1972 1586 2006; x_wconf 92' lang='lat' dir='ltr'>et</span> <span class='ocrx_word' id='word_1_300' title='bbox 1626 1965 1729 2005; x_wconf 91' lang='lat' dir='ltr'>inde</span> 
     </span>
     <span class='ocr_line' id='line_1_33' title="bbox 246 2026 1726 2080; baseline 0.002 -15"><span class='ocrx_word' id='word_1_301' title='bbox 246 2026 429 2078; x_wconf 91' lang='lat' dir='ltr'>propria</span> <span class='ocrx_word' id='word_1_302' title='bbox 458 2026 774 2078; x_wconf 87' lang='lat' dir='ltr'>intelligentia,</span> <span class='ocrx_word' id='word_1_303' title='bbox 807 2027 908 2066; x_wconf 90' lang='lat' dir='ltr'>ideo</span> <span class='ocrx_word' id='word_1_304' title='bbox 939 2027 1114 2075; x_wconf 89' lang='lat' dir='ltr'>dicitur,</span> <span class='ocrx_word' id='word_1_305' title='bbox 1145 2027 1306 2068; x_wconf 91' lang='lat' dir='ltr'>“Ecce</span> <span class='ocrx_word' id='word_1_306' title='bbox 1342 2027 1446 2080; x_wconf 86' lang='lat' dir='ltr'>Ego</span> <span class='ocrx_word' id='word_1_307' title='bbox 1476 2034 1635 2068; x_wconf 90' lang='lat' dir='ltr'>contra</span> <span class='ocrx_word' id='word_1_308' title='bbox 1666 2034 1726 2075; x_wconf 91' lang='lat' dir='ltr'>te,</span> 
     </span>
     <span class='ocr_line' id='line_1_34' title="bbox 252 2087 1726 2142; baseline 0.002 -14"><span class='ocrx_word' id='word_1_309' title='bbox 252 2087 424 2128; x_wconf 92' lang='lat' dir='ltr'>Pharao</span> <span class='ocrx_word' id='word_1_310' title='bbox 449 2102 531 2128; x_wconf 86' lang='lat' dir='ltr'>rex</span> <span class='ocrx_word' id='word_1_311' title='bbox 556 2087 775 2140; x_wconf 88' lang='lat' dir='ltr'>Aegypti,</span> <span class='ocrx_word' id='word_1_312' title='bbox 803 2095 905 2129; x_wconf 89' lang='lat' dir='ltr'>cete</span> <span class='ocrx_word' id='word_1_313' title='bbox 931 2102 1109 2141; x_wconf 86' lang='lat' dir='ltr'>magne,</span> <span class='ocrx_word' id='word_1_314' title='bbox 1136 2090 1210 2142; x_wconf 89' lang='lat' dir='ltr'>qui</span> <span class='ocrx_word' id='word_1_315' title='bbox 1236 2090 1371 2131; x_wconf 90' lang='lat' dir='ltr'>cubat</span> <span class='ocrx_word' id='word_1_316' title='bbox 1402 2091 1446 2130; x_wconf 91' lang='lat' dir='ltr'>in</span> <span class='ocrx_word' id='word_1_317' title='bbox 1472 2091 1622 2131; x_wconf 89' lang='lat' dir='ltr'>medio</span> <span class='ocrx_word' id='word_1_318' title='bbox 1646 2091 1726 2131; x_wconf 89' lang='lat' dir='ltr'>flu-</span> 
     </span>
     <span class='ocr_line' id='line_1_35' title="bbox 250 2149 1729 2205; baseline 0.003 -15"><span class='ocrx_word' id='word_1_319' title='bbox 250 2149 422 2190; x_wconf 88' lang='lat' dir='ltr'>viorum</span> <span class='ocrx_word' id='word_1_320' title='bbox 447 2164 625 2190; x_wconf 91' lang='lat' dir='ltr'>suorum</span> <span class='ocrx_word' id='word_1_321' title='bbox 644 2150 677 2200; x_wconf 87' lang='lat'>;’‘</span> <span class='ocrx_word' id='word_1_322' title='bbox 709 2164 787 2203; x_wconf 90' lang='lat' dir='ltr'>per</span> <span class='ocrx_word' id='word_1_323' title='bbox 806 2155 994 2191; x_wconf 89' lang='lat' dir='ltr'>“cetum</span> <span class='ocrx_word' id='word_1_324' title='bbox 1021 2165 1236 2204; x_wconf 88' lang='lat' dir='ltr'>magnum</span> <span class='ocrx_word' id='word_1_325' title='bbox 1249 2152 1268 2167; x_wconf 84' lang='lat'>’¹</span> <span class='ocrx_word' id='word_1_326' title='bbox 1285 2152 1562 2205; x_wconf 88' lang='lat' dir='ltr'>significatur</span> <span class='ocrx_word' id='word_1_327' title='bbox 1584 2154 1729 2194; x_wconf 88' lang='lat' dir='ltr'>scien-</span> 
     </span>
     <span class='ocr_line' id='line_1_36' title="bbox 252 2211 1728 2263; baseline 0.002 -10"><span class='ocrx_word' id='word_1_328' title='bbox 252 2211 422 2254; x_wconf 87' lang='lat' dir='ltr'>tificum</span> <span class='ocrx_word' id='word_1_329' title='bbox 462 2213 683 2253; x_wconf 87' lang='lat' dir='ltr'>naturalis·</span> <span class='ocrx_word' id='word_1_330' title='bbox 716 2213 907 2253; x_wconf 89' lang='lat' dir='ltr'>hominis</span> <span class='ocrx_word' id='word_1_331' title='bbox 952 2214 995 2253; x_wconf 92' lang='lat' dir='ltr'>in</span> <span class='ocrx_word' id='word_1_332' title='bbox 1036 2215 1277 2263; x_wconf 89' lang='lat' dir='ltr'>communi,</span> <span class='ocrx_word' id='word_1_333' title='bbox 1318 2215 1388 2255; x_wconf 91' lang='lat' dir='ltr'>hic</span> <span class='ocrx_word' id='word_1_334' title='bbox 1434 2215 1728 2256; x_wconf 90' lang='lat' dir='ltr'>scientificum</span> 
     </span>
     <span class='ocr_line' id='line_1_37' title="bbox 249 2274 1725 2332; baseline 0.003 -17"><span class='ocrx_word' id='word_1_335' title='bbox 249 2274 422 2323; x_wconf 85' lang='lat' dir='ltr'>salsum,</span> <span class='ocrx_word' id='word_1_336' title='bbox 450 2281 495 2315; x_wconf 92' lang='lat' dir='ltr'>et</span> <span class='ocrx_word' id='word_1_337' title='bbox 518 2289 596 2327; x_wconf 91' lang='lat' dir='ltr'>per</span> <span class='ocrx_word' id='word_1_338' title='bbox 623 2275 869 2315; x_wconf 85' lang='lat' dir='ltr'>“fluvium’&#39;</span> <span class='ocrx_word' id='word_1_339' title='bbox 894 2275 1171 2328; x_wconf 88' lang='lat' dir='ltr'>significatur</span> <span class='ocrx_word' id='word_1_340' title='bbox 1196 2279 1373 2330; x_wconf 90' lang='lat' dir='ltr'>propria</span> <span class='ocrx_word' id='word_1_341' title='bbox 1398 2279 1725 2332; x_wconf 87' lang='lat' dir='ltr'>intelligentia:</span> 
     </span>
     <span class='ocr_line' id='line_1_38' title="bbox 249 2337 1728 2395; baseline 0.003 -18"><span class='ocrx_word' id='word_1_342' title='bbox 249 2337 323 2390; x_wconf 89' lang='lat' dir='ltr'>qui</span> <span class='ocrx_word' id='word_1_343' title='bbox 344 2337 465 2389; x_wconf 78' lang='lat' dir='ltr'>dicjt,</span> <span class='ocrx_word' id='word_1_344' title='bbox 487 2342 512 2357; x_wconf 93' lang='lat'><em>“</em></span> <span class='ocrx_word' id='word_1_345' title='bbox 527 2338 654 2378; x_wconf 88' lang='lat' dir='ltr'>Meus</span> <span class='ocrx_word' id='word_1_346' title='bbox 676 2345 745 2378; x_wconf 91' lang='lat' dir='ltr'>est</span> <span class='ocrx_word' id='word_1_347' title='bbox 767 2338 934 2386; x_wconf 89' lang='lat' dir='ltr'>fluvius,</span> <span class='ocrx_word' id='word_1_348' title='bbox 955 2345 1002 2379; x_wconf 91' lang='lat' dir='ltr'>et</span> <span class='ocrx_word' id='word_1_349' title='bbox 1023 2353 1110 2391; x_wconf 89' lang='lat' dir='ltr'>ego</span> <span class='ocrx_word' id='word_1_350' title='bbox 1132 2339 1212 2380; x_wconf 87' lang='lat' dir='ltr'>feci</span> <span class='ocrx_word' id='word_1_351' title='bbox 1235 2340 1344 2387; x_wconf 92' lang='lat' dir='ltr'>me,”</span> <span class='ocrx_word' id='word_1_352' title='bbox 1363 2341 1586 2393; x_wconf 88' lang='lat' dir='ltr'>significat</span> <span class='ocrx_word' id='word_1_353' title='bbox 1608 2343 1728 2395; x_wconf 90' lang='lat' dir='ltr'>quod</span> 
     </span>
     <span class='ocr_line' id='line_1_39' title="bbox 251 2401 1731 2455; baseline 0.004 -15"><span class='ocrx_word' id='word_1_354' title='bbox 251 2413 310 2440; x_wconf 86' lang='lat' dir='ltr'>ex</span> <span class='ocrx_word' id='word_1_355' title='bbox 351 2413 423 2441; x_wconf 89' lang='lat' dir='ltr'>me</span> <span class='ocrx_word' id='word_1_356' title='bbox 458 2401 772 2454; x_wconf 86' lang='lat' dir='ltr'>intelligentia,</span> <span class='ocrx_word' id='word_1_357' title='bbox 810 2408 857 2442; x_wconf 91' lang='lat' dir='ltr'>et</span> <span class='ocrx_word' id='word_1_358' title='bbox 893 2415 982 2443; x_wconf 91' lang='lat' dir='ltr'>non</span> <span class='ocrx_word' id='word_1_359' title='bbox 1018 2417 1078 2443; x_wconf 89' lang='lat' dir='ltr'>ex</span> <span class='ocrx_word' id='word_1_360' title='bbox 1119 2403 1342 2455; x_wconf 87' lang='lat' dir='ltr'>Domino;</span> <span class='ocrx_word' id='word_1_361' title='bbox 1383 2404 1448 2445; x_wconf 88' lang='lat' dir='ltr'>ita</span> <span class='ocrx_word' id='word_1_362' title='bbox 1481 2405 1619 2446; x_wconf 87' lang='lat' dir='ltr'>verba</span> <span class='ocrx_word' id='word_1_363' title='bbox 1653 2406 1731 2446; x_wconf 91' lang='lat' dir='ltr'>illa</span> 
     </span>
     <span class='ocr_line' id='line_1_40' title="bbox 252 2462 1729 2520; baseline 0.004 -18"><span class='ocrx_word' id='word_1_364' title='bbox 252 2462 485 2514; x_wconf 85' lang='lat' dir='ltr'>involvunt</span> <span class='ocrx_word' id='word_1_365' title='bbox 510 2464 673 2504; x_wconf 84' lang='lat' dir='ltr'>fastum</span> <span class='ocrx_word' id='word_1_366' title='bbox 699 2465 901 2518; x_wconf 88' lang='lat' dir='ltr'>propriae</span> <span class='ocrx_word' id='word_1_367' title='bbox 923 2465 1276 2518; x_wconf 88' lang='lat' dir='ltr'>intelligentiae:</span> <span class='ocrx_word' id='word_1_368' title='bbox 1311 2470 1589 2520; x_wconf 90' lang='lat' dir='ltr'>“propterea</span> <span class='ocrx_word' id='word_1_369' title='bbox 1610 2468 1729 2509; x_wconf 92' lang='lat' dir='ltr'>dabo</span> 
     </span>
     <span class='ocr_line' id='line_1_41' title="bbox 251 2523 1730 2582; baseline 0.004 -18"><span class='ocrx_word' id='word_1_370' title='bbox 251 2523 431 2565; x_wconf 90' lang='lat' dir='ltr'>hamum</span> <span class='ocrx_word' id='word_1_371' title='bbox 466 2526 509 2566; x_wconf 91' lang='lat' dir='ltr'>in</span> <span class='ocrx_word' id='word_1_372' title='bbox 549 2527 758 2567; x_wconf 86' lang='lat' dir='ltr'>maxillas</span> <span class='ocrx_word' id='word_1_373' title='bbox 794 2528 924 2567; x_wconf 89' lang='lat' dir='ltr'>tuas”</span> <span class='ocrx_word' id='word_1_374' title='bbox 954 2527 1178 2581; x_wconf 87' lang='lat' dir='ltr'>significat</span> <span class='ocrx_word' id='word_1_375' title='bbox 1213 2529 1510 2582; x_wconf 86' lang='lat' dir='ltr'>falsiloquium</span> <span class='ocrx_word' id='word_1_376' title='bbox 1546 2537 1730 2582; x_wconf 87' lang='lat' dir='ltr'>propter</span> 
     </span>
     <span class='ocr_line' id='line_1_42' title="bbox 251 2587 1727 2645; baseline 0.003 -18"><span class='ocrx_word' id='word_1_377' title='bbox 251 2587 370 2640; x_wconf 89' lang='lat' dir='ltr'>quod</span> <span class='ocrx_word' id='word_1_378' title='bbox 398 2589 715 2641; x_wconf 90' lang='lat' dir='ltr'>castigabitur:</span> <span class='ocrx_word' id='word_1_379' title='bbox 752 2594 839 2631; x_wconf 83' lang='lat' dir='ltr'>“et</span> <span class='ocrx_word' id='word_1_380' title='bbox 865 2590 1106 2632; x_wconf 90' lang='lat' dir='ltr'>adhaerere</span> <span class='ocrx_word' id='word_1_381' title='bbox 1128 2591 1286 2632; x_wconf 87' lang='lat' dir='ltr'>faciam</span> <span class='ocrx_word' id='word_1_382' title='bbox 1307 2593 1474 2645; x_wconf 90' lang='lat' dir='ltr'>piscem</span> <span class='ocrx_word' id='word_1_383' title='bbox 1497 2592 1727 2633; x_wconf 90' lang='lat' dir='ltr'>fluviorum</span> 
     </span>
     <span class='ocr_line' id='line_1_43' title="bbox 252 2652 1728 2705; baseline 0.004 -16"><span class='ocrx_word' id='word_1_384' title='bbox 252 2655 429 2689; x_wconf 87' lang='lat' dir='ltr'>tuorum</span> <span class='ocrx_word' id='word_1_385' title='bbox 471 2652 666 2703; x_wconf 89' lang='lat' dir='ltr'>squamis</span> <span class='ocrx_word' id='word_1_386' title='bbox 707 2652 824 2692; x_wconf 85' lang='lat' dir='ltr'>tuis’&#39;</span> <span class='ocrx_word' id='word_1_387' title='bbox 859 2652 1082 2705; x_wconf 87' lang='lat' dir='ltr'>significat</span> <span class='ocrx_word' id='word_1_388' title='bbox 1118 2654 1362 2695; x_wconf 87' lang='lat' dir='ltr'>scientifica</span> <span class='ocrx_word' id='word_1_389' title='bbox 1401 2654 1512 2695; x_wconf 88' lang='lat' dir='ltr'>falsa</span> <span class='ocrx_word' id='word_1_390' title='bbox 1552 2654 1728 2695; x_wconf 88' lang='lat' dir='ltr'>infimae</span> 
     </span>
     <span class='ocr_line' id='line_1_44' title="bbox 251 2711 1726 2770; baseline 0.005 -20"><span class='ocrx_word' id='word_1_391' title='bbox 251 2711 384 2751; x_wconf 90' lang='lat' dir='ltr'>sortis</span> <span class='ocrx_word' id='word_1_392' title='bbox 409 2725 522 2765; x_wconf 90' lang='lat' dir='ltr'>quae</span> <span class='ocrx_word' id='word_1_393' title='bbox 547 2727 606 2753; x_wconf 86' lang='lat' dir='ltr'>ex</span> <span class='ocrx_word' id='word_1_394' title='bbox 631 2713 815 2754; x_wconf 88' lang='lat' dir='ltr'>fallaciis</span> <span class='ocrx_word' id='word_1_395' title='bbox 837 2728 1071 2766; x_wconf 86' lang='lat' dir='ltr'>sensuum;</span> <span class='ocrx_word' id='word_1_396' title='bbox 1105 2717 1317 2770; x_wconf 85' lang='lat' dir='ltr'>“pisces&#39;’</span> <span class='ocrx_word' id='word_1_397' title='bbox 1338 2723 1442 2758; x_wconf 92' lang='lat' dir='ltr'>sunt</span> <span class='ocrx_word' id='word_1_398' title='bbox 1468 2717 1726 2766; x_wconf 86' lang='lat' dir='ltr'>scientifica,</span> 
     </span>
     <span class='ocr_line' id='line_1_45' title="bbox 255 2774 1729 2832; baseline 0.005 -20"><span class='ocrx_word' id='word_1_399' title='bbox 255 2774 536 2825; x_wconf 81' lang='lat' dir='ltr'>“squamae&#39;’</span> <span class='ocrx_word' id='word_1_400' title='bbox 566 2782 669 2816; x_wconf 90' lang='lat' dir='ltr'>sunt</span> <span class='ocrx_word' id='word_1_401' title='bbox 706 2776 904 2817; x_wconf 85' lang='lat' dir='ltr'>fallaciae</span> <span class='ocrx_word' id='word_1_402' title='bbox 941 2791 1163 2827; x_wconf 89' lang='lat' dir='ltr'>sensuum,</span> <span class='ocrx_word' id='word_1_403' title='bbox 1196 2793 1308 2832; x_wconf 88' lang='lat' dir='ltr'>quae</span> <span class='ocrx_word' id='word_1_404' title='bbox 1344 2786 1448 2820; x_wconf 87' lang='lat' dir='ltr'>sunt</span> <span class='ocrx_word' id='word_1_405' title='bbox 1485 2779 1729 2820; x_wconf 89' lang='lat' dir='ltr'>scientifica</span> 
     </span>
     <span class='ocr_line' id='line_1_46' title="bbox 251 2833 1727 2893; baseline 0.007 -20"><span class='ocrx_word' id='word_1_406' title='bbox 251 2833 427 2875; x_wconf 84' lang='lat' dir='ltr'>infimae</span> <span class='ocrx_word' id='word_1_407' title='bbox 449 2838 605 2878; x_wconf 87' lang='lat' dir='ltr'>sortis:</span> <span class='ocrx_word' id='word_1_408' title='bbox 635 2842 718 2879; x_wconf 87' lang='lat' dir='ltr'>“et</span> <span class='ocrx_word' id='word_1_409' title='bbox 741 2839 1046 2893; x_wconf 89' lang='lat' dir='ltr'>derelinquam</span> <span class='ocrx_word' id='word_1_410' title='bbox 1067 2847 1113 2881; x_wconf 94' lang='lat' dir='ltr'>te</span> <span class='ocrx_word' id='word_1_411' title='bbox 1135 2842 1178 2881; x_wconf 91' lang='lat' dir='ltr'>in</span> <span class='ocrx_word' id='word_1_412' title='bbox 1196 2842 1391 2890; x_wconf 89' lang='lat' dir='ltr'>deserto,</span> <span class='ocrx_word' id='word_1_413' title='bbox 1411 2849 1455 2883; x_wconf 91' lang='lat' dir='ltr'>te</span> <span class='ocrx_word' id='word_1_414' title='bbox 1478 2849 1523 2883; x_wconf 92' lang='lat' dir='ltr'>et</span> <span class='ocrx_word' id='word_1_415' title='bbox 1546 2856 1727 2883; x_wconf 90' lang='lat' dir='ltr'>omnem</span> 
     </span>
     <span class='ocr_line' id='line_1_47' title="bbox 252 2897 1726 2955; baseline 0.007 -19"><span class='ocrx_word' id='word_1_416' title='bbox 252 2897 419 2948; x_wconf 90' lang='lat' dir='ltr'>piscem</span> <span class='ocrx_word' id='word_1_417' title='bbox 460 2897 688 2940; x_wconf 89' lang='lat' dir='ltr'>fluviorum</span> <span class='ocrx_word' id='word_1_418' title='bbox 730 2902 944 2951; x_wconf 83' lang='lat' dir='ltr'>tuorum,”</span> <span class='ocrx_word' id='word_1_419' title='bbox 981 2902 1201 2955; x_wconf 83' lang='lat' dir='ltr'>significat</span> <span class='ocrx_word' id='word_1_420' title='bbox 1242 2911 1430 2945; x_wconf 86' lang='lat' dir='ltr'>exutum</span> <span class='ocrx_word' id='word_1_421' title='bbox 1471 2906 1585 2946; x_wconf 85' lang='lat' dir='ltr'>veris</span> <span class='ocrx_word' id='word_1_422' title='bbox 1626 2918 1726 2946; x_wconf 89' lang='lat' dir='ltr'>cum</span> 
     </span>
    </p>
   </div>
  </div>
 </body>
</html>
