1962 3334
279 241 385 284 1626
690 251 1024 286 APOCALYPSIS
1055 252 1356 286 EXPLICATA.

274 364 449 405 culcare
473 364 660 418 pedibus
677 364 712 406 :’'
743 379 821 419 per
841 366 1181 408 “sedimentum
1200 367 1446 421 aquarum‘’
1463 367 1771 421 significantur

273 441 380 468 vera
411 434 714 481 conspurcata
745 428 881 478 falsis,
917 430 1129 484 “aquae''
1160 432 1279 471 enirn
1311 438 1416 472 sunt
1447 445 1580 482 vera;
1624 431 1770 472 “illud

273 491 456 532 bibere'’
494 491 719 544 significat
757 493 929 534 discere
971 501 1017 535 et
1055 495 1279 547 recipere;
1329 495 1554 547 “pedibus
1591 496 1770 536 turbare

273 555 467 609 reliquas
499 555 670 609 aquas'’
695 556 921 609 significat
953 572 1058 598 vera
1090 571 1179 598 non
1215 566 1515 611 conspurcata
1545 559 1666 600 falsis
1698 573 1770 599 us-

275 632 359 672 que
386 632 465 671 per
487 619 721 660 ratiocinia
743 634 802 660 ex
826 621 1017 661 naturali
1039 621 1220 661 homine
1245 621 1517 662 confundere
1543 621 1772 675 (“pedes”

275 681 530 735 significant
555 683 777 724 naturalia
801 684 919 736 apud
942 684 1193 738 hominem)
1213 698 1221 725 :
1255 685 1358 725 inde
1385 692 1594 726 constare
1618 691 1771 738 potest

275 746 379 799 quid
402 745 680 799 significatur
702 760 781 800 per
802 748 922 801 quod
943 752 1094 801 “grex
1119 761 1243 788 meus
1266 748 1582 789 conculcatum
1605 749 1771 802 pedum

275 815 322 850 et
348 810 579 850 turbatum
606 810 771 863 pedum
799 811 995 852 bibant.''
1055 811 1194 864 Apud
1220 811 1464 861 Danielem,

350 905 481 938 Hircus
500 907 518 920 ‘⁴
529 906 707 947 projecit”
724 907 872 938 arietem
893 907 955 938 “in
976 913 1117 945 terram,
1136 913 1170 938 et
1187 907 1407 939 conculcavit
1424 917 1517 946 eum,
1535 917 1599 939 nec
1616 914 1692 939 erat
1707 907 1773 939 eri-

452 951 553 990 piens
574 951 720 982 arietem
742 961 760 982 e
786 961 894 982 manu
914 951 1030 991 ejusz.
1045 975 1052 983 .
1067 976 1074 983 .
1088 958 1230 991 ‚postea
1249 961 1360 982 cornu
1384 961 1494 982 unum
1515 952 1558 983 de
1578 952 1722 991 exiguo.
1737 976 1745 983 .
1759 976 1767 984 .

450 995 560 1026 crevit
579 1005 690 1035 usque
710 995 755 1026 ad
775 995 968 1026 exercitum
987 995 1177 1032 caelorum,
1201 1001 1236 1026 et
1253 995 1381 1035 dejecit
1402 995 1437 1026 in
1456 1002 1586 1026 terram
1606 996 1650 1026 de
1670 1004 1772 1026 exer-

450 1038 531 1076 citu,
550 1044 585 1070 et
601 1039 645 1070 de
662 1039 787 1077 stellis,
805 1045 840 1070 et
857 1039 1078 1070 conculcavit
1095 1038 1167 1070 ea''
1184 1038 1269 1077 (viii.
1290 1047 1318 1077 7,
1339 1036 1402 1080 [9,]
1424 1038 1495 1079 10):

276 1145 356 1185 per
382 1132 592 1173 “hircum
608 1131 627 1147 '’
652 1132 711 1172 ibi
738 1132 1015 1185 significatur
1041 1130 1151 1172 fides
1179 1138 1387 1185 separata
1413 1146 1439 1173 a
1465 1133 1701 1183 charitate,
1725 1141 1772 1176 et

276 1209 356 1249 per
397 1196 624 1236 “arietem
639 1195 657 1210 '’
698 1194 978 1248 significatur
1017 1194 1128 1235 fides
1169 1194 1408 1248 conjuncta
1447 1196 1670 1245 charitati,
1710 1197 1774 1238 ita

278 1258 473 1299 charitas
514 1258 694 1312 (similia
731 1273 846 1312 quae
885 1272 963 1311 per
997 1258 1214 1298 “hircos”
1252 1265 1298 1299 et
1335 1272 1414 1311 per
1447 1259 1624 1300 “oves’'
1655 1261 1773 1313 apud

274 1321 570 1370 Mamaeum,
599 1335 695 1374 cap.
729 1336 839 1362 xxv.
870 1321 1056 1375 31—46):
1097 1334 1176 1374 per
1204 1324 1384 1362 “cornu
1416 1336 1551 1363 unum
1584 1322 1640 1363 de
1673 1325 1771 1364 exi-

278 1398 368 1437 guo
403 1385 523 1438 quod
564 1386 834 1425 immensum
872 1384 1050 1425 crevit''
1088 1384 1366 1437 significatur
1397 1384 1659 1437 justificatio
1695 1399 1775 1439 per

278 1449 422 1490 solam
471 1447 632 1489 fidem:
686 1462 765 1501 per
816 1449 1108 1489 “exercitum
1158 1447 1416 1489 caelorum”
1465 1448 1774 1501 significantur

279 1512 430 1553 omnia
461 1525 567 1552 vera
604 1518 650 1552 et
687 1512 807 1552 bona
845 1511 958 1552 caeli
996 1518 1042 1554 et
1080 1510 1312 1559 ecclesiae,
1347 1517 1393 1552 et
1432 1524 1510 1564 per
1549 1512 1774 1553 “stellas”

277 1575 588 1629 significantur
614 1575 899 1628 cognitiones
925 1574 1030 1615 boni
1056 1581 1102 1615 et
1128 1575 1247 1624 veri;
1285 1588 1420 1627 quare
1447 1588 1526 1627 per
1553 1575 1773 1616 “concul-

278 1652 379 1679 care
406 1637 632 1686 arietem,”
658 1645 704 1678 et
735 1651 911 1691 quoque
940 1637 1230 1677 “exercitum
1257 1636 1523 1686 caelorum,”
1548 1637 1772 1691 significa-

278 1709 351 1742 tur
382 1715 561 1754 prorsus
594 1701 826 1741 destruere
859 1700 1143 1749 charitatem,
1167 1706 1212 1740 et
1245 1713 1345 1740 cum
1378 1699 1454 1740 illa
1485 1701 1635 1740 omnia
1666 1715 1773 1741 vera

278 1772 324 1807 et
351 1766 470 1806 bona
495 1765 608 1806 caeli
635 1771 682 1805 et
709 1764 941 1813 ecclesiae,
966 1771 1012 1804 et
1039 1764 1124 1804 hoc
1153 1777 1230 1817 per
1252 1763 1458 1804 sensuale
1482 1777 1771 1817 corporeum:

279 1841 383 1869 nam
420 1829 493 1882 qui
530 1829 573 1868 in
611 1827 697 1868 fide
734 1834 946 1880 separata
983 1841 1009 1867 a
1046 1827 1266 1876 charitate
1304 1833 1422 1875 sunt,
1461 1827 1546 1868 hoc
1584 1834 1667 1875 est,
1700 1828 1774 1881 qui

279 1892 469 1932 credunt
496 1891 659 1931 salvari
686 1904 765 1943 per
790 1890 934 1931 solam
961 1889 1110 1938 fidem,
1138 1890 1460 1943 qualiscunque
1487 1891 1580 1931 vita
1612 1891 1683 1938 sit,
1711 1890 1774 1931 illi

278 1954 390 1995 fiunt
413 1954 644 1995 sensuales
667 1954 884 2006 corporei,
909 1960 955 1994 et
982 1953 1084 1993 inde
1111 1954 1155 1993 in
1181 1953 1302 1993 falsis
1324 1959 1428 1994 sunt
1455 1953 1602 2006 quoad
1625 1953 1776 1994 omnia

279 2017 419 2058 Verbi
461 2024 507 2058 et
549 2017 795 2066 ecclesiae;
842 2030 932 2057 non
973 2017 1093 2056 enim
1125 2016 1256 2056 aliter
1288 2016 1538 2068 percipiunt
1571 2015 1774 2057 Verbum

279 2094 412 2134 quam
439 2081 687 2121 Secundum
715 2080 921 2120 ultimum
949 2092 1130 2120 sensum
1158 2079 1338 2119 litterae
1365 2078 1471 2131 ejus,
1500 2092 1581 2120 nec
1608 2079 1774 2133 aliquid

282 2144 341 2184 ibi
378 2145 563 2184 interius
601 2143 787 2190 vident;
831 2143 985 2191 immo,
1019 2143 1054 2182 si
1092 2142 1334 2196 loquantur
1371 2156 1476 2182 vera
1512 2157 1573 2182 exi
1604 2142 1773 2190 Verbo,

280 2221 419 2260 usque
442 2206 552 2247 false
575 2206 827 2259 percipiunt
851 2205 952 2256 illa;
981 2205 1066 2246 hoc
1090 2206 1241 2258 itaque
1265 2211 1334 2245 est
1357 2205 1478 2258 quod
1500 2204 1776 2258 significatur

279 2284 358 2323 per
384 2270 504 2323 quod
530 2270 715 2310 “hircus
737 2269 949 2322 dejecerit
977 2269 1019 2309 in
1048 2275 1213 2309 terram
1241 2268 1295 2308 de
1319 2269 1524 2309 exercitu
1547 2268 1775 2309 caelorum

280 2340 326 2374 et
358 2333 414 2374 de
446 2332 606 2381 stellis,
635 2338 681 2373 et
708 2331 1043 2373 conculcaverit
1075 2345 1129 2372 ea
1149 2331 1183 2371 :'’
1220 2331 1340 2384 quod
1367 2331 1635 2372 charitatem
1667 2344 1777 2384 erga

280 2397 552 2449 proximum,
572 2396 658 2436 hoc
682 2402 766 2443 est,
791 2395 958 2436 bonum
981 2395 1116 2443 vitae,
1141 2394 1347 2434 similiter
1369 2394 1621 2443 destruant,
1640 2394 1775 2435 intel-

280 2460 433 2513 ligitur
465 2473 544 2512 per
576 2459 696 2513 quod
731 2459 918 2499 “hircus
950 2457 1187 2511 projecerit
1220 2458 1407 2498 arietem
1439 2458 1483 2497 in
1516 2464 1696 2506 terram,
1729 2465 1775 2499 et

281 2522 617 2564 conculcaverit
644 2535 746 2563 eum
765 2521 799 2572 ;”
836 2534 939 2562 nam
963 2521 1026 2561 illi
1057 2521 1131 2574 qui
1162 2521 1205 2560 in
1232 2519 1318 2560 fide
1345 2527 1555 2572 separata
1579 2534 1606 2561 a
1631 2521 1775 2561 chari-

280 2592 377 2627 tate
414 2592 533 2633 sunt,
567 2586 640 2639 qui
677 2584 994 2637 intelliguntur
1032 2597 1111 2636 per
1147 2582 1398 2631 “hircum,”
1435 2582 1570 2624 fidem
1607 2583 1775 2624 faciunt

281 2648 585 2697 essentialem,
610 2655 656 2689 et
683 2648 955 2689 charitatem
989 2660 1079 2687 non
1106 2646 1423 2697 essentialem;
1457 2661 1591 2700 quare
1618 2647 1775 2688 vivunt

281 2713 456 2765 corpori
483 2718 529 2752 et
557 2712 741 2760 mundo,
769 2724 821 2752 ac
847 2711 930 2751 sibi
962 2710 1069 2750 solis
1101 2710 1301 2758 student,
1329 2716 1375 2750 et
1403 2709 1511 2750 nihil
1539 2711 1774 2762 proximo;

280 2783 327 2817 et
353 2775 538 2829 qui-hoc
565 2776 747 2823 faciunt,
773 2775 1059 2823 charitatem,
1084 2787 1196 2827 quae
1223 2773 1492 2826 intelligitur
1518 2787 1596 2826 per
1624 2774 1774 2813 “arie-

281 2838 414 2887 tem,’'
452 2838 688 2892 projiciunt
729 2839 773 2879 in
815 2845 996 2887 terram,
1034 2843 1081 2878 et
1117 2836 1241 2878 illam
1281 2836 1565 2877 conculcant.
1636 2835 1775 2889 Apud

280 2903 458 2953 Lucam,
