1962 3334
242 274 348 327 1426
653 285 986 319 APOCALvPffls
1019 286 1320 319 EXPLICATA.

235 396 443 439 nificatur
466 412 544 452 per
565 399 685 452 quod
707 402 823 453 “per
845 399 1113 441 novaculam
1132 399 1454 441 mercenariam
1473 400 1730 441 detonden-

236 467 308 501 tur
323 460 399 514 pili
415 462 576 515 capitis
596 468 642 503 et
662 463 843 516 pedum,
860 469 906 503 et
925 469 1217 504 consumetur
1228 463 1368 503 barba
1385 462 1419 514 ;’'
1445 477 1525 517 per
1545 462 1698 517 “pilos
1710 462 1730 477 ”

235 524 354 564 enim
382 524 695 578 significantur
722 525 946 566 naturalia
977 526 1021 566 in
1053 539 1167 579 quae
1194 532 1439 579 operantur
1465 525 1728 579 spiritualia,

234 593 281 627 et
314 588 358 627 in
385 601 500 641 quae
526 588 767 638 desinunt;
806 602 942 641 quare
975 602 1054 642 per
1083 588 1268 642 “pilos’'
1291 590 1335 629 in
1368 588 1524 629 Verbo
1558 587 1730 642 signifi-

234 656 395 691 cantur
444 650 604 691 ultima
649 652 901 704 sapientiae
953 658 1000 692 et
1050 651 1399 705 intelligentiae,
1447 665 1526 705 per
1572 655 1598 671 ‘⁴
1615 650 1730 704 pilos

234 713 428 766 capitis''
460 713 620 754 ultima
657 715 922 767 sapientiae,
960 728 1039 768 per
1073 714 1331 755 “barbam''
1363 714 1523 755 ultima
1559 712 1731 755 intelli·

233 777 433 829 gentiae,
468 783 514 817 et
547 791 626 830 per
659 777 816 830 “pilos
848 777 1013 830 pedum
1026 777 1046 792 ”
1078 777 1238 818 ultima
1270 778 1514 828 scientiae;
1548 776 1730 831 quando

233 839 394 880 ultima
426 838 503 880 illa
540 853 630 880 non
663 846 783 888 sunt,
818 853 899 881 nec
941 847 1047 881 sunt
1080 841 1243 894 priora,
1277 841 1393 881 sicut
1426 840 1608 894 quando
1639 852 1730 880 non

234 902 354 942 basis
381 909 451 943 est
479 902 733 951 columnae,
759 909 837 943 aut
864 903 1210 944 fundamentum
1234 903 1399 944 domui.
1463 902 1534 943 Illi
1557 903 1630 957 qui
1653 916 1732 956 per

234 966 470 1006 ratiocinia
496 980 555 1006 ex
582 966 771 1007 fallaciis
798 973 844 1007 et
871 980 931 1007 ex
957 966 1080 1007 salsis
1107 981 1155 1007 se
1181 967 1533 1020 deprivaverunt
1559 965 1730 1007 intelli-

234 1028 408 1079 gentia,
427 1034 652 1081 apparent
674 1029 717 1068 in
741 1028 913 1068 mundo
928 1028 1152 1081 spirituali
1169 1028 1286 1069 calvi
1305 1039 1465 1077 (videatur
1478 1047 1584 1076 supra,
1600 1047 1631 1068 n.
1644 1027 1729 1077 66).

235 1088 374 1142 Apud
402 1089 611 1139 eundern,

301 1179 319 1191 ‘⁴
331 1177 422 1209 Ecce
438 1178 619 1210 Dominus
634 1180 830 1211 ascendere
847 1179 933 1211 fecit
950 1189 1057 1220 super
1074 1190 1136 1211 eos
1150 1189 1262 1220 aquas
1276 1179 1373 1211 fluvii
1388 1179 1526 1211 validas
1540 1185 1574 1211 et
1588 1179 1731 1217 multas,

410 1231 530 1262 regem
546 1223 730 1261 Aschuris,
745 1230 781 1255 et
795 1233 939 1254 omnem
954 1224 1105 1264 gloriam
1120 1223 1209 1263 ejus,
1224 1223 1283 1264 qui
1297 1224 1468 1255 ascendet
1485 1233 1591 1264 super
1604 1233 1731 1254 omnes

409 1266 507 1297 rivos
527 1266 616 1306 ejus,
637 1273 672 1298 et
693 1267 757 1298 ibit
777 1277 886 1307 super
906 1277 1033 1298 omnes
1054 1267 1151 1308 ripas
1172 1267 1273 1308 ejus;
1298 1268 1354 1299 hic
1375 1268 1439 1299 ibit
1460 1277 1522 1308 per
1542 1267 1730 1309 Jehudam‚

409 1310 597 1342 inundabit
614 1316 648 1342 et
666 1311 833 1342 transibit
845 1310 863 1322 ’'
880 1310 966 1351 (viii.
986 1318 1015 1350 7,
1034 1311 1085 1351 8);

233 1417 312 1457 per
338 1403 449 1444 haec
478 1404 747 1445 describitur
773 1404 894 1458 quod
920 1405 964 1445 in
991 1405 1186 1446 ecclesia
1211 1404 1489 1446 falsificaturi
1515 1406 1605 1446 sint
1632 1418 1730 1446 om-

234 1468 307 1508 nia
329 1474 375 1508 et
403 1467 581 1520 singula
599 1467 740 1508 Verbi
763 1482 841 1521 per
863 1469 1100 1509 ratiocinia
1122 1482 1181 1509 ex
1207 1468 1394 1509 fallaciis
1417 1475 1464 1510 et
1491 1482 1550 1510 ex
1577 1468 1699 1509 falsis
1719 1483 1727 1519 ;

234 1545 314 1585 per
357 1535 534 1585 “aquas
575 1531 693 1571 fluvii
734 1531 907 1572 validas
953 1538 999 1573 et
1045 1532 1228 1581 multas,
1271 1545 1426 1585 regem
1468 1531 1731 1581 Aschuris‚”

235 1593 547 1647 significantur
565 1595 801 1635 ratiocinia
819 1608 877 1635 ex
898 1596 1031 1636 meris
1046 1594 1235 1636 fallaciis
1258 1601 1304 1636 et
1331 1594 1453 1635 falsis
1471 1609 1481 1646 ;
1514 1608 1592 1648 per
1610 1595 1730 1648 quod

236 1658 494 1699 “ascendet
522 1672 654 1711 super
686 1671 844 1699 omnes
877 1659 996 1699 rivos
1029 1664 1075 1699 et
1108 1672 1241 1712 super
1273 1671 1430 1698 omnes
1462 1657 1612 1712 ripas’'
1639 1659 1730 1711 sig-

236 1720 445 1762 nificatur
476 1721 596 1775 quod
630 1735 709 1774 per
746 1721 823 1762 illa
854 1720 1134 1762 falsificaturi
1166 1722 1256 1762 sint
1290 1722 1442 1762 omnia
1474 1728 1520 1762 et
1552 1721 1732 1775 singula

234 1783 404 1834 Verbi;
443 1798 521 1838 per
555 1784 847 1837 “Jehudam’'
876 1798 1009 1838 quem
1037 1785 1274 1825 inundabit
1302 1791 1349 1825 et
1382 1785 1608 1833 transibit,
1637 1785 1730 1838 sig-

233 1846 441 1888 nificatur
471 1846 663 1888 ecclesia
698 1848 771 1888 ubi
802 1847 1020 1897 Verbum,
1053 1848 1118 1889 ita
1149 1847 1366 1888 Verbum.
1427 1847 1566 1901 Apud
1596 1847 1731 1896 Jere-

235 1925 383 1960 meam,

299 2003 318 2016 ‘⁴
331 2001 468 2033 Contra
485 2002 680 2033 exercitum
704 2001 920 2033 Pharaonis.
935 2026 943 2033 .
956 2026 964 2033 .
979 2001 1092 2042 segis
1112 2001 1282 2042 Aegypti,
1302 2001 1361 2042 qui
1382 2001 1449 2033 fuit
1469 2001 1563 2042 apud
1582 2001 1730 2032 fluvium

410 2046 647 2086 Euphratem.
663 2070 669 2077 .
684 2070 692 2077 .
707 2070 730 2084 .,
756 2055 861 2086 quem
891 2046 1066 2086 percussit
1100 2045 1404 2076 Nebuchadnezar
1420 2054 1443 2082 ;.
1458 2070 1466 2076 .
1479 2070 1487 2076 .
1502 2045 1732 2085 .septentri0-

409 2099 491 2120 nem
509 2099 646 2127 versus,
658 2089 760 2129 juxta
774 2089 858 2120 litus
873 2089 971 2120 fluvii
992 2089 1185 2130 Euphratis
1199 2089 1428 2129 impegerunt
1444 2094 1480 2120 et
1496 2087 1730 2120 ceciderunt‘'
1772 2099 1775 2102 ·

410 2133 507 2172 (xlvi.
526 2141 555 2171 2,
570 2134 599 2171 6,
621 2136 694 2173 10):

234 2234 312 2274 per
334 2220 446 2261 haec
471 2219 751 2274 significatur
773 2219 1022 2261 destructio
1045 2219 1264 2261 ecclesiae
1291 2225 1337 2260 et
1365 2218 1458 2272 ejus
1483 2219 1730 2260 veritatum

233 2297 312 2336 per
338 2283 450 2324 falsa
476 2284 713 2324 ratiocinia
745 2298 804 2324 ex
837 2282 1124 2334 scientificis;
1162 2296 1241 2336 per
1270 2282 1492 2323 “fluvium
1519 2281 1729 2335 Euphra-

234 2347 361 2389 tem’'
385 2346 697 2400 significantur
719 2347 831 2387 falsa
854 2347 1105 2395 ratiocinia,
1130 2360 1210 2400 per
1235 2345 1543 2399 “Aegyptum
1566 2351 1612 2386 et
1636 2344 1730 2398 ejus

233 2410 519 2452 exercitum”
542 2410 791 2451 scientifica
814 2409 1158 2460 confirmantia;
1192 2423 1270 2462 per
1295 2407 1730 2462 “septentrionem'’

234 2476 307 2516 ubi
339 2475 625 2528 impegerunt
654 2480 699 2514 et
733 2474 1008 2522 ceciderunt,
1037 2471 1317 2526 significatur
1342 2472 1461 2512 unde
1493 2471 1571 2512 illa
1601 2471 1727 2512 falsa.

234 2549 300 2586 (De
322 2548 370 2576 his
385 2546 480 2576 etiam
493 2546 637 2574 videatur
651 2555 757 2583 supra,
773 2554 804 2574 n.
825 2535 980 2587 518[e].)
1038 2534 1178 2587 Apud
1205 2533 1417 2582 eundem,

299 2624 463 2666 Jehovah
483 2623 572 2655 dixit
595 2623 640 2654 ad
666 2623 888 2663 prophetam,
908 2628 947 2653 ut
966 2628 1101 2653 emeret
1121 2620 1303 2661 cingulum
1324 2620 1397 2659 lini,
1416 2626 1451 2652 et
1471 2626 1622 2661 poneret
1642 2619 1728 2652 illud

409 2677 517 2708 super
537 2667 689 2704 lumbos,
711 2666 774 2698 sed
794 2675 867 2697 non
893 2675 957 2706 per
980 2675 1109 2706 aquam
1135 2665 1301 2701 duceret;
1327 2670 1362 2696 et
1386 2665 1468 2695 dein
1493 2664 1588 2705 quod
1613 2665 1729 2695 abiret

409 2711 454 2742 ad
474 2711 703 2751 Euphratem,
718 2716 753 2742 et
771 2710 806 2741 id
823 2710 1005 2749 cingulum
1021 2709 1056 2740 in
1074 2708 1252 2739 foramine
1266 2714 1388 2748 petrae
1402 2708 1451 2739 ibi
1469 2708 1706 2739 absconderet
1720 2718 1726 2739 :

408 2762 443 2786 et
466 2754 578 2786 abivit
601 2760 636 2785 et
661 2753 888 2784 abscondidit
912 2753 958 2784 ad
983 2752 1212 2793 Euphratem.
1260 2751 1421 2783 “Postea
1445 2762 1467 2783 a
1491 2751 1562 2783 fine
1587 2751 1726 2783 dierum

408 2799 602 2829 multorum
621 2797 710 2828 dixit
733 2797 906 2839 Jehovah,
928 2796 1050 2836 Surge,
1068 2796 1127 2827 abi
1145 2795 1189 2826 ad
1209 2794 1435 2836 Euphratem,
1454 2801 1490 2826 et
1506 2795 1624 2835 recipe
1642 2794 1725 2826 inde

409 2839 591 2882 cingulurri
608 2841 636 2879 ;''
662 2847 697 2872 et
714 2841 801 2872 abiit
818 2847 854 2872 et
873 2840 1015 2880 recepit,
1034 2840 1097 2871 “et
1116 2849 1198 2870 ecce
1215 2844 1419 2879 corruptum
1439 2844 1515 2870 erat
1533 2838 1726 2878 cingulum,

410 2895 476 2917 nec
497 2886 663 2925 proderat
687 2885 731 2916 ad
756 2885 955 2925 quicquam.
994 2908 1001 2915 .
1016 2908 1024 2915 .
1037 2908 1044 2915 .
1060 2908 1067 2915 .
1078 2883 1133 2914 Ita
1149 2882 1450 2923 quemadmodum
1467 2882 1638 2913 adhaeret
1654 2881 1728 2912 cin-

407 2929 529 2970 gulum
544 2929 588 2960 ad
606 2929 748 2960 lumbos
762 2928 839 2967 viri,
855 2927 906 2959 sic
919 2927 1113 2959 adhaerere
1127 2927 1171 2958 ad
1191 2926 1251 2958 Me
1269 2926 1336 2958 feci
1354 2926 1560 2957 universam
1577 2925 1725 2956 domum
