1962 3334
247 294 262 324 1
273 283 356 336 384
659 293 995 328 APOCALYPSIS
1026 295 1327 329 EXPLICATA.

241 405 464 455 crinitum,
493 411 570 447 aut
597 419 698 447 cum
722 413 845 448 crate
868 407 1071 448 dentium
1093 407 1318 460 horribili3
1342 410 1611 464 quandoque
1634 410 1738 453 luri·

241 468 347 509 dum
374 470 489 511 sicut
515 476 757 519 mortuum,
786 471 829 511 in
861 484 950 524 quo
976 484 1067 512 non
1093 471 1274 526 aliquod
1296 473 1445 514 vivum
1468 473 1738 526 humanum;

240 538 344 572 sunt
371 533 490 573 enim
516 533 684 573 formae
711 533 929 582 odiorum,
957 533 1255 575 vindictarum
1287 542 1334 577 et
1366 537 1667 587 saevitiarum,
1694 539 1738 579 in

239 595 397 648 quibus
424 602 494 636 est
521 609 640 636 mors
663 596 920 648 spiritualis,
945 597 1047 650 quia
1071 598 1114 638 in
1141 600 1352 650 opposito
1378 599 1435 639 ad
1462 600 1602 640 vitam
1625 614 1738 654 quae

240 671 267 698 a
293 657 503 699 Domino.
567 658 701 711 Quod
728 660 845 700 inter
870 673 917 700 se
945 668 1194 713 appareant
1226 661 1338 702 facie
1370 663 1485 703 sicut
1516 663 1737 713 homines,

240 726 313 760 est
349 733 408 760 ex
440 720 687 773 phantasia
722 727 769 761 et
808 721 914 762 inde
950 723 1262 775 persuasione.
1322 734 1400 773 (Sed
1420 735 1461 764 de
1479 735 1529 764 his
1547 736 1741 774 apparemus

239 783 384 812 videatur
399 784 494 812 etiam
510 784 542 812 in
558 793 655 822 opere
673 786 723 814 De
740 786 831 815 Caelo
846 789 877 814 et
891 786 1028 824 Inferna,
1044 795 1075 815 n.
1089 787 1175 825 553.)

318 856 433 900 555
441 845 535 900 [a].
567 857 674 895 [Vers.
696 858 740 896 8.]
781 847 860 888 “ft
877 847 1082 888 habehant
1099 848 1270 901 capillos
1285 849 1397 890 sicut
1413 850 1583 902 capillos
1596 851 1739 891 mulie-

240 906 471 959 rum.''—Q
478 907 567 947 uod
583 907 811 960 significet
827 908 1092 961 quodetiam
1105 915 1360 961 appareant
1373 910 1467 950 sibi
1479 910 1739 964 affetliones

238 967 339 1008 veri
356 968 599 1018 naturales,
621 975 803 1010 constat
826 984 886 1010 ex
910 970 1239 1023 significatione
1257 971 1602 1024 “capillorumss'
1619 973 1739 1026 quod

239 1031 329 1072 sint
348 1031 424 1072 illa
441 1046 554 1085 quae
574 1032 789 1073 naturalis
808 1033 1002 1073 hominis
1025 1040 1144 1082 sunt,
1163 1040 1210 1075 et
1233 1035 1276 1074 in
1299 1036 1448 1087 specie
1466 1049 1572 1076 vera
1594 1036 1738 1076 scien-

239 1092 362 1133 tifica
383 1093 444 1134 ibi
467 1104 523 1142 (de
535 1113 601 1141 qua
615 1114 721 1142 supra,
739 1114 770 1135 n.
785 1094 876 1146 66„
908 1101 956 1135 et
979 1108 1039 1135 ex
1065 1095 1399 1148 significatione
1421 1096 1739 1145 “mulierum’'

239 1153 361 1206 quod
392 1154 482 1194 sint
509 1153 774 1196 affectiones
794 1165 849 1204 (de
864 1175 928 1204 qua
942 1167 1113 1205 sequitur).
1187 1155 1323 1208 Quod
1347 1156 1575 1209 “capilli’'
1597 1157 1738 1209 signi-

239 1214 376 1256 ficent
412 1214 489 1255 illa
520 1229 633 1269 quae
665 1217 881 1257 naturalis
915 1217 1107 1258 hominis
1140 1224 1259 1266 sunt,
1292 1224 1362 1258 est
1396 1219 1499 1271 quia
1533 1217 1740 1270 “caput'’

239 1277 464 1331 significat
490 1278 568 1319 illa
593 1293 706 1333 quae
733 1280 974 1333 spiritualis
997 1280 1191 1321 hominis
1217 1288 1336 1330 sunt,
1361 1295 1411 1322 ac
1435 1282 1586 1322 omnia
1607 1287 1739 1322 natu-

239 1341 343 1382 ralis
369 1342 562 1383 hominis
589 1343 835 1384 investiunt
858 1344 1008 1384 omnia
1030 1343 1272 1396 spiritualis
1295 1344 1502 1393 hominis,
1527 1345 1649 1394 sicut!
1664 1357 1739 1384 ca-

239 1404 334 1458 pilli
349 1412 484 1458 caput
503 1420 511 1456 ;
540 1407 676 1447 etiam
695 1413 830 1459 caput
849 1407 1174 1459 correspondet
1194 1407 1513 1459 spiritualibus,
1529 1414 1575 1448 et
1591 1407 1740 1460 capilli

239 1469 600 1521 correspondent
624 1469 915 1519 naturalibus,
939 1471 1043 1511 inde
1066 1470 1203 1511 etiam
1230 1470 1307 1510 illa
1332 1469 1602 1523 significant.
1664 1470 1739 1510 Ex

240 1532 644 1584 correspondentia
681 1532 759 1573 illa
799 1539 869 1574 est
912 1533 1033 1587 quod
1074 1533 1226 1586 angeli
1269 1539 1518 1586 appareant
1555 1533 1740 1586 pulchre

240 1596 422 1644 comati,
439 1602 485 1636 et
503 1596 624 1649 quod
643 1596 890 1637 secundum
909 1609 1138 1637 comarum
1158 1597 1412 1637 ordinatam
1430 1596 1738 1649 pendentiam,

240 1657 451 1699 decorem
497 1665 543 1700 et
585 1660 792 1708 nitorem,
835 1660 1002 1700 sciatur
1042 1659 1186 1713 qualis
1227 1659 1629 1712 correspondentia
1669 1666 1740 1700 est

241 1721 457 1762 naturalis
499 1722 692 1763 hominis
733 1735 834 1763 cum
877 1722 1095 1775 spirituali
1135 1722 1253 1775 apud
1295 1722 1408 1762 illos.
1471 1721 1600 1762 Nunc
1638 1722 1741 1775 quia

243 1787 268 1804 ‘⁴
283 1784 521 1826 mulieres''
539 1785 796 1838 significant
819 1784 1094 1835 affectiones,
1114 1793 1324 1828 constare
1348 1792 1502 1838 potest
1519 1785 1639 1838 quod
1663 1798 1742 1837 per

241 1848 362 1902 quod
397 1849 656 1890 “haberent
688 1849 878 1902 capillos
910 1850 1026 1890 sicut
1059 1849 1247 1902 capillos
1279 1847 1544 1889 mulierum''
1570 1846 1739 1900 signifi-

241 1918 368 1952 cetur
389 1912 509 1965 quod
533 1919 781 1965 appareant
805 1913 886 1953 sibi
909 1913 1023 1953 sicut
1042 1910 1302 1953 affectiones
1327 1910 1457 1965 [veri]
1484 1910 1738 1951 naturales:

242 1975 362 2028 quod
399 1975 511 2016 haec
549 1975 873 2028 significentur,
906 1976 1044 2016 etiarn
1086 1989 1145 2016 ex
1187 1975 1299 2015 serie
1336 1981 1479 2027 patet,
1517 1987 1621 2014 narn
1663 1987 1741 2027 per

243 2037 417 2079 “facies
443 2039 558 2079 sicut
584 2039 720 2079 facies
747 2038 1010 2080 hominum’'
1032 2037 1309 2092 significatur
1334 2037 1599 2090 apparentia
1624 2037 1739 2078 sicut

242 2107 394 2142 essent
421 2102 673 2154 spirituales
696 2100 957 2143 affectiones
979 2102 1098 2152 veri;
1130 2101 1233 2142 inde
1261 2114 1376 2141 nunc
1400 2101 1599 2154 sequitur
1620 2100 1739 2153 quod

243 2178 323 2218 per
357 2164 582 2217 “capillos
620 2166 734 2206 sicut
771 2165 959 2218 capillos
991 2164 1225 2205 mulierum
1239 2164 1258 2179 ’'
1289 2163 1565 2217 significetur
1599 2175 1739 2215 appa-

245 2228 392 2269 rentia
423 2229 538 2269 sicut
571 2235 723 2269 essent
750 2228 980 2269 naturales
1011 2226 1271 2269 affefflones
1302 2227 1421 2277 veri;
1461 2239 1569 2267 mox
1601 2227 1738 2267 etiarn

246 2291 408 2332 dicitur
430 2291 485 2332 de
508 2291 733 2340 dentibus,
758 2292 878 2345 quod
901 2291 964 2332 illi
988 2297 1141 2332 essent
1161 2291 1312 2331 “sicut
1335 2290 1497 2330 dentes
1519 2288 1740 2337 leonum‚”

244 2361 290 2396 et
329 2368 409 2408 per
445 2354 547 2395 illos
584 2353 894 2407 significantur
930 2353 1090 2395 ultima
1121 2353 1336 2394 naturalis
1367 2352 1559 2392 hominis
1591 2351 1739 2405 quoad

243 2419 479 2460 scientiam
506 2425 552 2459 et
578 2418 725 2471 quoad
749 2418 1017 2470 potentiam.
1079 2417 1131 2458 In
1154 2416 1309 2457 Verbo
1332 2416 1603 2468 Prophetico
1625 2414 1738 2455 mul-

244 2483 382 2523 toties
409 2482 570 2522 dicitur
597 2480 832 2529 “mulier,''
858 2487 904 2521 et
936 2494 1114 2534 quoque
1143 2479 1301 2520 “filia''
1327 2486 1373 2519 et
1402 2479 1568 2531 “virgo
1585 2477 1619 2528 ;’‘
1659 2478 1740 2518 sed

243 2543 462 2586 hactenus
484 2545 692 2597 ignotum
715 2543 795 2585 fuit
822 2543 926 2597 quid
949 2557 1028 2596 per
1049 2542 1148 2583 illas
1174 2541 1474 2595 significatur3
1506 2540 1626 2594 quod
1649 2553 1739 2581 non

245 2608 415 2657 mulier,
433 2621 515 2648 nec
530 2606 619 2647 filia
633 2613 678 2647 et
693 2607 821 2659 virgo
836 2606 1162 2659 intelligantur,
1179 2605 1298 2646 clare
1314 2611 1455 2657 patet,
1472 2617 1575 2645 narn
1594 2603 1738 2644 nomi-

245 2677 409 2712 nantur
430 2670 503 2711 ubi
525 2670 673 2723 agitur
695 2670 751 2710 de
770 2669 988 2720 ecclesia3
1021 2668 1126 2722 quid
1145 2674 1296 2709 autem
1320 2681 1398 2720 per
1415 2666 1492 2707 illa
1513 2665 1739 2719 significa-

244 2740 331 2783 tur,
354 2734 494 2774 videri
521 2739 675 2786 potest
698 2747 757 2773 ex
784 2733 895 2773 serie
918 2745 1064 2772 rerum
1089 2732 1144 2772 de
1171 2732 1329 2784 quibus
1355 2731 1516 2783 agitur,
1539 2730 1583 2770 in
1606 2742 1739 2769 sensu

245 2796 476 2849 spirituali.
528 2795 662 2849 Quod
681 2809 759 2849 per
775 2799 799 2815 “
813 2794 1075 2835 mulierem’'
1089 2793 1366 2848 significetur
1383 2793 1573 2834 ecclesia
1590 2791 1738 2846 quoad

245 2857 528 2900 affectionem
546 2859 651 2907 veri,
669 2865 714 2899 et
733 2859 836 2899 inde
855 2856 1029 2898 affectio
1046 2858 1138 2898 veri
1156 2857 1387 2905 ecclesiae,
1407 2862 1614 2896 constare
1633 2860 1738 2908 pot-

246 2928 316 2963 est
339 2935 364 2963 a
389 2922 680 2976 sequentibus
703 2921 813 2962 locis
839 2921 883 2961 in
907 2920 1062 2961 Verbo
1078 2919 1287 2972 t—-Apud
1313 2918 1573 2967 Jeremz'am‚
