1962 3334
629 288 737 321 CAP.
759 288 843 329 1x.,
866 287 1005 320 VERs.
1030 287 1175 332 5.—N.
1200 279 1291 331 548.
1403 296 1408 300 ·
1600 287 1703 332 1375

220 400 412 454 ginibus,
439 407 509 442 est
535 401 637 454 quia
664 404 891 454 “regnum
921 398 1180 441 caelorum”
1204 397 1427 453 significat
1453 397 1705 447 ecclesiam,

220 463 424 504 similiter
450 464 614 516 “virgo
630 463 663 514 ;”
702 470 749 504 et
782 463 981 504 “decem
1011 461 1239 516 virgines”
1263 461 1519 515 significant
1550 475 1707 502 omnes

219 526 294 579 qui
323 526 381 567 ab
411 526 627 567 ecclesia:
665 526 785 579 quod
812 526 979 566 dixerit
1006 525 1128 578 quod
1155 525 1388 578 “quinque
1419 530 1573 565 essent
1604 537 1707 577 pru—

219 587 382 629 dentes
407 595 453 629 et
474 589 665 642 quinque
689 588 896 636 stultae‚”
916 594 1013 628 erat
1038 587 1141 640 quia
1167 587 1397 640 “quinque
1409 586 1429 601 ‘'
1450 585 1707 639 significant

219 651 438 704 quosdam
460 665 519 691 ex
545 650 645 699 illis,
669 664 746 691 seu
767 663 925 691 omnes
946 650 1020 704 qui
1044 649 1161 691 tales
1182 649 1239 690 ab
1261 662 1349 689 una
1370 655 1512 702 parte.
1572 648 1707 702 Quod

221 713 417 766 “virgo‘'
447 712 669 767 significet
701 713 954 761 ecclesiam,
986 718 1196 753 constare
1233 718 1387 764 potest
1418 726 1478 752 ex
1509 711 1709 764 pluribus

219 775 330 816 locis
360 777 405 816 in
436 776 591 817 Verbo
622 777 695 816 ubi
725 776 888 817 dicitur
914 775 1080 828 “virgo
1112 774 1264 823 Zion,”
1290 775 1456 827 “virgo
1489 774 1707 815 Hieroso-

219 837 379 890 lyma,'’
398 839 554 891 “virgo
572 838 751 887 Israel,'’
767 852 846 891 per
866 852 977 892 quas
998 837 1274 891 significatur
1290 837 1494 878 ecclesia.
1554 836 1707 878 Simile

218 900 494 954 significatur
516 915 594 954 per
613 905 637 921 “
651 901 809 942 decem
821 900 841 916 ”
862 907 909 942 et
932 901 1164 955 “quinque
1179 900 1200 915 '¹
1220 901 1264 941 in
1287 900 1502 954 parabola
1525 900 1707 940 Domini

291 995 345 1028 De
361 996 506 1028 homine
523 997 633 1028 nobili
653 997 711 1037 qui
730 996 828 1028 dedit
844 996 961 1027 minas
978 996 1091 1027 servis
1108 996 1181 1027 suis
1200 1002 1239 1027 ut
1256 995 1536 1035 negotiarentur,
1557 1001 1593 1026 et
1608 995 1706 1036 quod

392 1049 484 1070 unus
502 1050 548 1071 ex
564 1040 662 1071 mina
675 1040 902 1080 acquisiverit
918 1040 1041 1071 decem
1059 1039 1189 1077 minas,
1206 1046 1241 1070 et
1258 1039 1352 1079 quod
1371 1039 1462 1070 alter
1477 1049 1521 1070 ex
1538 1039 1636 1070 mina
1651 1048 1708 1070 ac-

390 1083 574 1124 quisiverit
592 1084 746 1124 quinque
766 1083 892 1120 minas,
915 1090 950 1115 et
969 1083 1064 1124 quod
1087 1083 1168 1114 ideo
1188 1090 1404 1123 potestatem
1424 1083 1579 1113 habituri
1598 1092 1707 1123 super

390 1132 443 1157 tot
458 1127 564 1158 urbes
580 1126 678 1166 (Luc.
697 1127 768 1158 xix.
791 1128 910 1165 13—20)
925 1137 932 1158 :

219 1232 426 1261 numerus
451 1220 610 1261 decem
636 1227 682 1261 et
709 1233 916 1261 numerus
946 1221 1141 1274 quinque
1173 1219 1279 1262 dicti
1311 1227 1415 1262 sunt
1441 1235 1468 1261 a
1493 1220 1704 1270 Domino,

217 1283 320 1336 quia
351 1282 547 1323 “decem
560 1283 579 1298 ''
610 1282 863 1336 significant
895 1283 1100 1332 multum,
1132 1290 1180 1325 et
1213 1284 1445 1337 “quinque
1458 1284 1478 1299 '¹
1508 1283 1705 1337 aliquid;

217 1358 296 1398 per
322 1345 748 1398 “negotiationem‘’
773 1352 924 1387 autern
954 1346 1131 1387 illorum
1163 1345 1441 1399 significatur
1465 1347 1705 1400 acquisitio

217 1414 264 1449 et
287 1409 565 1460 comparatio
588 1408 920 1461 intelligentiae
943 1409 1179 1460 caelestis;
1210 1415 1258 1450 et
1284 1423 1363 1462 per
1386 1413 1704 1462 “potestatem

217 1483 350 1522 super
374 1470 504 1511 urbes
517 1470 536 1485 “
562 1471 838 1524 significatur
862 1471 1167 1525 intelligentia
1197 1479 1244 1513 et
1270 1473 1504 1525 sapientia,
1534 1473 1676 1513 “urbs
1687 1473 1706 1487 '’

216 1534 336 1574 enim
366 1534 411 1573 in
440 1533 595 1574 Verbo
627 1533 854 1587 significat
885 1533 1151 1584 doetrinam,
1183 1541 1231 1576 at
1262 1541 1542 1588 potestatem
1574 1549 1708 1588 super

217 1596 340 1637 illam
370 1596 535 1637 habere
567 1596 790 1649 significat
821 1597 1080 1651 intelligens
1106 1604 1152 1639 et
1178 1599 1355 1651 sapiens
1381 1612 1494 1647 esse,
1521 1605 1568 1639 et
1592 1602 1703 1639 “su-

217 1672 295 1711 per
325 1659 482 1699 decem
514 1659 643 1700 urbes
655 1659 675 1674 ’'
706 1659 929 1712 significat
960 1659 1167 1709 multum,
1199 1667 1246 1701 et
1280 1665 1450 1713 “super
1481 1661 1706 1715 quinque”

217 1721 396 1775 aliquid.
456 1721 607 1762 Etiam
633 1721 767 1775 aliqui
794 1729 839 1763 et
866 1735 1023 1763 omnes
1051 1723 1125 1776 qui
1151 1722 1267 1764 tales
1293 1723 1602 1776 significantur
1626 1738 1706 1777 per

218 1785 450 1838 “quinque
463 1784 483 1799 ”
508 1785 551 1824 in
578 1785 794 1837 parabola
821 1785 1003 1826 Domini

291 1878 344 1910 De
354 1879 463 1910 divite
477 1886 511 1910 et
523 1879 667 1917 Lazaro,
681 1880 774 1920 quod
787 1880 887 1911 dives
899 1880 1029 1912 dixerit
1044 1880 1251 1912 Abrahamo
1264 1891 1303 1913 se
1318 1881 1449 1914 habere
1463 1882 1618 1923 quinque
1635 1882 1705 1913 fra-

389 1928 472 1959 tres,
486 1930 521 1954 et
534 1923 714 1963 rogaverit
727 1931 764 1954 ut
779 1923 932 1955 Lazarus
945 1924 991 1955 ad
1007 1924 1086 1956 illos
1103 1925 1301 1956 mitteretur
1313 1925 1413 1964 (Luc.
1426 1926 1497 1957 xvi.
1513 1933 1565 1964 27,
1582 1926 1639 1966 28)
1653 1936 1660 1957 :

217 2017 332 2058 dixit
358 2017 483 2062 dives
510 2018 630 2071 quod
661 2018 849 2059 haberet
875 2019 1068 2072 quinque
1098 2019 1270 2069 fratres,
1298 2020 1401 2073 quia
1432 2033 1511 2073 per
1538 2021 1704 2074 “quin-

216 2094 301 2133 que
312 2079 333 2095 ''
353 2080 659 2134 significantur
681 2095 837 2122 omnes
859 2082 932 2135 qui
958 2082 1074 2123 tales
1097 2089 1214 2124 sunt.
1274 2082 1487 2124 Similiter
1507 2084 1551 2124 in
1574 2097 1705 2137 para-

216 2141 322 2205 bola
345 2142 527 2184 Domini
553 2144 608 2184 de
634 2144 720 2184 illis
746 2145 819 2197 qui
844 2144 1022 2185 invitati
1046 2145 1104 2186 ad
1130 2158 1289 2186 cenam
1316 2159 1544 2199 magnam,

289 2245 392 2286 Quod
405 2255 497 2277 unus
514 2255 552 2277 se
566 2247 796 2283 excusaverit,
811 2247 893 2287 quia
905 2253 1041 2279 emerat
1057 2248 1212 2289 quinque
1224 2248 1310 2289 juga
1325 2249 1444 2287 boum,
1459 2250 1504 2280 ad
1521 2259 1610 2291 quae
1624 2259 1706 2290 pro-

388 2290 506 2320 banda
521 2291 635 2321 abiret
651 2290 747 2329 (Luc.
764 2290 834 2322 xiv.
855 2290 907 2330 19)
922 2301 930 2322 ι

216 2396 295 2436 per
321 2383 529 2424 “boves''
559 2385 604 2424 in
636 2384 792 2425 Verbo
822 2383 1132 2438 significantur
1162 2385 1422 2428 affectiones
1455 2388 1700 2437 naturales,

215 2452 262 2486 et
306 2459 384 2499 per
425 2447 656 2500 “quinque
691 2447 799 2500 juga
842 2447 1010 2488 boum”
1048 2448 1357 2501 significantur
1401 2463 1559 2491 omnes
1598 2450 1701 2491 illae

215 2506 487 2556 affectiones,
510 2522 588 2549 seu
610 2510 880 2562 cupiditates
902 2523 1015 2563 quae
1037 2510 1266 2553 abducunt
1291 2526 1318 2561 a
1339 2512 1495 2562 caelo;
1526 2512 1702 2554 caelum

215 2577 263 2611 ct
278 2570 468 2611 ecclesia
486 2572 632 2624 quoad
653 2573 943 2613 nutritionem
966 2573 1243 2625 spiritualem
1266 2588 1344 2616 seu
1360 2574 1701 2616 instructionem

215 2631 488 2685 significatur
514 2646 591 2686 per
618 2638 815 2675 “cenam
848 2635 1101 2688 magnam‚”
1125 2636 1183 2677 ad
1214 2650 1347 2690 quam
1379 2638 1555 2678 invitati
1582 2645 1700 2679 sunt.

216 2694 327 2748 Quis
352 2709 442 2737 non
474 2698 625 2739 videre
657 2705 810 2751 potest
842 2698 962 2752 quod
992 2712 1201 2741 numerus
1229 2701 1459 2754 “quinque
1472 2701 1491 2716 ”
1516 2702 1559 2742 in
1592 2715 1701 2755 qua-

215 2765 317 2799 tuor
337 2758 421 2799 illis
444 2760 665 2812 parabolis
687 2774 898 2802 arcanum
919 2761 1137 2812 involvat,
1159 2763 1262 2816 quia
1286 2777 1312 2804 a
1334 2763 1530 2805 Domino
1556 2762 1701 2805 dictus

214 2820 315 2861 est?
374 2820 586 2863 Similiter
611 2823 728 2876 apud
754 2822 958 2873 Esaiam,

280 2916 298 2930 ‘⁴
311 2915 352 2949 In
370 2917 426 2949 die
444 2917 504 2950 illo
521 2924 624 2950 erunt
637 2919 792 2960 quinque
809 2919 914 2952 urbes
932 2918 967 2952 in
985 2925 1079 2953 terra
1092 2920 1248 2963 Aegypti
1265 2921 1451 2963 loquentes
1467 2921 1569 2954 labiis
1584 2921 1700 2955 Cana·
