<?xml version="1.0" encoding="UTF-8"?>
<!DOCTYPE html PUBLIC "-//W3C//DTD XHTML 1.0 Transitional//EN"
    "http://www.w3.org/TR/xhtml1/DTD/xhtml1-transitional.dtd">
<html xmlns="http://www.w3.org/1999/xhtml" xml:lang="en" lang="en">
 <head>
  <title>
</title>
<meta http-equiv="Content-Type" content="text/html;charset=utf-8" />
  <meta name='ocr-system' content='tesseract 3.04.00' />
  <meta name='ocr-capabilities' content='ocr_page ocr_carea ocr_par ocr_line ocrx_word'/>
</head>
<body>
  <div class='ocr_page' id='page_1' title='image "apocalypsisexpli03sweduoft_0088.png"; bbox 0 0 1962 3334; ppageno 0'>
   <div class='ocr_carea' id='block_1_1' title="bbox 243 286 1317 337">
    <p class='ocr_par' dir='ltr' id='par_1_1' title="bbox 243 286 1317 337">
     <span class='ocr_line' id='line_1_1' title="bbox 243 286 1317 337; baseline 0.001 -11"><span class='ocrx_word' id='word_1_1' title='bbox 243 294 347 337; x_wconf 88' lang='lat'>1402</span> <span class='ocrx_word' id='word_1_2' title='bbox 510 286 515 291; x_wconf 53' lang='lat'><strong>¹</strong></span> <span class='ocrx_word' id='word_1_3' title='bbox 652 293 985 327; x_wconf 87' lang='lat' dir='ltr'>APOCALYPSIS</span> <span class='ocrx_word' id='word_1_4' title='bbox 1017 294 1317 329; x_wconf 89' lang='lat' dir='ltr'><strong>EXPLICATA.</strong></span> 
     </span>
    </p>
   </div>
   <div class='ocr_carea' id='block_1_2' title="bbox 301 405 1728 448">
    <p class='ocr_par' dir='ltr' id='par_1_2' title="bbox 301 405 1728 448">
     <span class='ocr_line' id='line_1_2' title="bbox 301 405 1728 448; baseline 0.001 -10"><span class='ocrx_word' id='word_1_5' title='bbox 301 407 320 421; x_wconf 81' lang='lat'>⁴⁴</span> <span class='ocrx_word' id='word_1_6' title='bbox 329 405 454 448; x_wconf 84' lang='lat' dir='ltr'>Aquae</span> <span class='ocrx_word' id='word_1_7' title='bbox 464 407 740 439; x_wconf 87' lang='lat' dir='ltr'>submersissent</span> <span class='ocrx_word' id='word_1_8' title='bbox 751 417 827 445; x_wconf 89' lang='lat' dir='ltr'>nos,</span> <span class='ocrx_word' id='word_1_9' title='bbox 836 432 844 439; x_wconf 90' lang='lat'><strong><em>.</em></strong></span> <span class='ocrx_word' id='word_1_10' title='bbox 858 432 866 439; x_wconf 90' lang='lat'><strong>.</strong></span> <span class='ocrx_word' id='word_1_11' title='bbox 880 432 888 439; x_wconf 92' lang='lat'><em>.</em></span> <span class='ocrx_word' id='word_1_12' title='bbox 902 432 909 439; x_wconf 92' lang='lat'>.</span> <span class='ocrx_word' id='word_1_13' title='bbox 918 417 1029 448; x_wconf 88' lang='lat' dir='ltr'>aquae</span> <span class='ocrx_word' id='word_1_14' title='bbox 1039 407 1181 448; x_wconf 82' lang='lat' dir='ltr'><strong>superbi</strong></span> <span class='ocrx_word' id='word_1_15' title='bbox 1193 407 1443 439; x_wconf 83' lang='lat' dir='ltr'>transivissent</span> <span class='ocrx_word' id='word_1_16' title='bbox 1453 416 1559 448; x_wconf 88' lang='lat' dir='ltr'>super</span> <span class='ocrx_word' id='word_1_17' title='bbox 1567 407 1728 439; x_wconf 85' lang='lat' dir='ltr'>animam</span> 
     </span>
    </p>
   </div>
   <div class='ocr_carea' id='block_1_3' title="bbox 409 449 1732 534">
    <p class='ocr_par' dir='ltr' id='par_1_3' title="bbox 409 449 1732 534">
     <span class='ocr_line' id='line_1_3' title="bbox 410 449 1732 492; baseline 0.001 -11"><span class='ocrx_word' id='word_1_18' title='bbox 410 456 569 481; x_wconf 88' lang='lat' dir='ltr'>nostram</span> <span class='ocrx_word' id='word_1_19' title='bbox 584 459 591 488; x_wconf 76' lang='lat'>3</span> <span class='ocrx_word' id='word_1_20' title='bbox 615 449 824 482; x_wconf 65' lang='lat' dir='ltr'>benedietus</span> <span class='ocrx_word' id='word_1_21' title='bbox 841 450 1012 492; x_wconf 90' lang='lat' dir='ltr'>Jehovah,</span> <span class='ocrx_word' id='word_1_22' title='bbox 1030 452 1088 492; x_wconf 94' lang='lat' dir='ltr'>qui</span> <span class='ocrx_word' id='word_1_23' title='bbox 1106 461 1178 482; x_wconf 88' lang='lat' dir='ltr'>non</span> <span class='ocrx_word' id='word_1_24' title='bbox 1196 451 1340 483; x_wconf 86' lang='lat' dir='ltr'>tradidit</span> <span class='ocrx_word' id='word_1_25' title='bbox 1357 461 1423 482; x_wconf 92' lang='lat' dir='ltr'>nos</span> <span class='ocrx_word' id='word_1_26' title='bbox 1441 451 1602 491; x_wconf 86' lang='lat' dir='ltr'>rapinam</span> <span class='ocrx_word' id='word_1_27' title='bbox 1615 450 1732 482; x_wconf 87' lang='lat' dir='ltr'>denti·</span> 
     </span>
     <span class='ocr_line' id='line_1_4' title="bbox 409 493 980 534; baseline 0.002 -9"><span class='ocrx_word' id='word_1_28' title='bbox 409 495 474 526; x_wconf 93' lang='lat' dir='ltr'>bus</span> <span class='ocrx_word' id='word_1_29' title='bbox 492 503 615 525; x_wconf 90' lang='lat' dir='ltr'>eorum</span> <span class='ocrx_word' id='word_1_30' title='bbox 627 493 646 506; x_wconf 88' lang='lat'>&#39;’</span> <span class='ocrx_word' id='word_1_31' title='bbox 662 494 736 534; x_wconf 86' lang='lat' dir='ltr'>(Ps.</span> <span class='ocrx_word' id='word_1_32' title='bbox 750 495 864 526; x_wconf 86' lang='lat' dir='ltr'>cxxiv.</span> <span class='ocrx_word' id='word_1_33' title='bbox 881 494 960 534; x_wconf 86' lang='lat'><strong>4—6)</strong></span> <span class='ocrx_word' id='word_1_34' title='bbox 974 506 980 527; x_wconf 91' lang='lat'>:</span> 
     </span>
    </p>
   </div>
   <div class='ocr_carea' id='block_1_4' title="bbox 235 580 1736 824">
    <p class='ocr_par' dir='ltr' id='par_1_4' title="bbox 235 580 1736 824">
     <span class='ocr_line' id='line_1_5' title="bbox 235 580 1733 636; baseline 0.001 -15"><span class='ocrx_word' id='word_1_35' title='bbox 235 594 314 633; x_wconf 90' lang='lat' dir='ltr'>per</span> <span class='ocrx_word' id='word_1_36' title='bbox 347 580 553 635; x_wconf 84' lang='lat' dir='ltr'>“aquas”</span> <span class='ocrx_word' id='word_1_37' title='bbox 585 595 697 635; x_wconf 89' lang='lat' dir='ltr'>quae</span> <span class='ocrx_word' id='word_1_38' title='bbox 729 582 1093 631; x_wconf 85' lang='lat' dir='ltr'>submersissent,</span> <span class='ocrx_word' id='word_1_39' title='bbox 1129 582 1442 636; x_wconf 84' lang='lat' dir='ltr'>significantur</span> <span class='ocrx_word' id='word_1_40' title='bbox 1477 582 1589 623; x_wconf 87' lang='lat' dir='ltr'>falsa</span> <span class='ocrx_word' id='word_1_41' title='bbox 1619 595 1733 636; x_wconf 91' lang='lat' dir='ltr'>quae</span> 
     </span>
     <span class='ocr_line' id='line_1_6' title="bbox 237 643 1733 698; baseline 0.001 -14"><span class='ocrx_word' id='word_1_42' title='bbox 237 643 459 685; x_wconf 87' lang='lat' dir='ltr'>inundant</span> <span class='ocrx_word' id='word_1_43' title='bbox 485 650 531 685; x_wconf 93' lang='lat' dir='ltr'>et</span> <span class='ocrx_word' id='word_1_44' title='bbox 563 645 687 698; x_wconf 89' lang='lat' dir='ltr'>quasi</span> <span class='ocrx_word' id='word_1_45' title='bbox 714 645 1009 698; x_wconf 87' lang='lat' dir='ltr'>submergunt</span> <span class='ocrx_word' id='word_1_46' title='bbox 1041 646 1270 687; x_wconf 90' lang='lat' dir='ltr'>hominem</span> <span class='ocrx_word' id='word_1_47' title='bbox 1303 646 1409 686; x_wconf 90' lang='lat' dir='ltr'>dum</span> <span class='ocrx_word' id='word_1_48' title='bbox 1441 646 1484 686; x_wconf 91' lang='lat' dir='ltr'>in</span> <span class='ocrx_word' id='word_1_49' title='bbox 1512 645 1733 686; x_wconf 86' lang='lat' dir='ltr'>tentatio·</span> 
     </span>
     <span class='ocr_line' id='line_1_7' title="bbox 236 707 1734 762; baseline 0.001 -15"><span class='ocrx_word' id='word_1_50' title='bbox 236 708 365 748; x_wconf 89' lang='lat' dir='ltr'>nibus</span> <span class='ocrx_word' id='word_1_51' title='bbox 402 714 499 758; x_wconf 88' lang='lat' dir='ltr'>est;</span> <span class='ocrx_word' id='word_1_52' title='bbox 542 721 677 761; x_wconf 86' lang='lat' dir='ltr'>quare</span> <span class='ocrx_word' id='word_1_53' title='bbox 716 708 893 757; x_wconf 88' lang='lat' dir='ltr'>dicitur,</span> <span class='ocrx_word' id='word_1_54' title='bbox 935 707 1247 749; x_wconf 65' lang='lat' dir='ltr'>“Benedictus</span> <span class='ocrx_word' id='word_1_55' title='bbox 1283 709 1491 762; x_wconf 88' lang='lat' dir='ltr'>Jehovah</span> <span class='ocrx_word' id='word_1_56' title='bbox 1528 709 1602 762; x_wconf 90' lang='lat' dir='ltr'>qui</span> <span class='ocrx_word' id='word_1_57' title='bbox 1643 721 1734 749; x_wconf 90' lang='lat' dir='ltr'>non</span> 
     </span>
     <span class='ocr_line' id='line_1_8' title="bbox 236 770 1736 824; baseline 0.001 -13"><span class='ocrx_word' id='word_1_58' title='bbox 236 770 423 812; x_wconf 85' lang='lat' dir='ltr'>tradidit</span> <span class='ocrx_word' id='word_1_59' title='bbox 464 785 545 811; x_wconf 85' lang='lat' dir='ltr'>nos</span> <span class='ocrx_word' id='word_1_60' title='bbox 583 771 784 824; x_wconf 86' lang='lat' dir='ltr'>rapinam</span> <span class='ocrx_word' id='word_1_61' title='bbox 823 771 1036 812; x_wconf 82' lang='lat' dir='ltr'>dentibus</span> <span class='ocrx_word' id='word_1_62' title='bbox 1074 771 1269 820; x_wconf 87' lang='lat' dir='ltr'>eorum,&#39;&#39;</span> <span class='ocrx_word' id='word_1_63' title='bbox 1306 772 1392 813; x_wconf 91' lang='lat' dir='ltr'>hoc</span> <span class='ocrx_word' id='word_1_64' title='bbox 1430 778 1516 821; x_wconf 90' lang='lat' dir='ltr'>est,</span> <span class='ocrx_word' id='word_1_65' title='bbox 1554 771 1736 813; x_wconf 90' lang='lat' dir='ltr'>infernis</span> 
     </span>
    </p>
   </div>
   <div class='ocr_carea' id='block_1_5' title="bbox 236 834 1735 946">
    <p class='ocr_par' dir='ltr' id='par_1_5' title="bbox 236 834 1735 946">
     <span class='ocr_line' id='line_1_9' title="bbox 236 834 1735 937; baseline 0.001 -63"><span class='ocrx_word' id='word_1_66' title='bbox 236 847 348 937; x_wconf 49' lang='lat' dir='ltr'>{isiae</span> <span class='ocrx_word' id='word_1_67' title='bbox 363 847 442 887; x_wconf 89' lang='lat' dir='ltr'>per</span> <span class='ocrx_word' id='word_1_68' title='bbox 455 834 566 875; x_wconf 87' lang='lat' dir='ltr'>falsa</span> <span class='ocrx_word' id='word_1_69' title='bbox 580 834 819 875; x_wconf 90' lang='lat' dir='ltr'>destruunt</span> <span class='ocrx_word' id='word_1_70' title='bbox 834 847 953 884; x_wconf 88' lang='lat' dir='ltr'>vera,</span> <span class='ocrx_word' id='word_1_71' title='bbox 966 834 1030 875; x_wconf 89' lang='lat' dir='ltr'>ita</span> <span class='ocrx_word' id='word_1_72' title='bbox 1043 834 1165 875; x_wconf 90' lang='lat' dir='ltr'>falsis</span> <span class='ocrx_word' id='word_1_73' title='bbox 1180 834 1532 876; x_wconf 83' lang='lat' dir='ltr'>destruentibus.</span> <span class='ocrx_word' id='word_1_74' title='bbox 1593 834 1735 888; x_wconf 88' lang='lat' dir='ltr'>Apud</span> 
     </span>
     <span class='ocr_line' id='line_1_10' title="bbox 286 896 443 946; baseline 0 -9"><span class='ocrx_word' id='word_1_75' title='bbox 286 896 443 946; x_wconf 81' lang='lat' dir='ltr'>iobum,</span> 
     </span>
    </p>
   </div>
   <div class='ocr_carea' id='block_1_6' title="bbox 271 992 1703 1035">
    <p class='ocr_par' dir='ltr' id='par_1_6' title="bbox 271 992 1703 1035">
     <span class='ocr_line' id='line_1_11' title="bbox 271 992 1703 1035; baseline 0 -11"><span class='ocrx_word' id='word_1_76' title='bbox 271 994 288 1006; x_wconf 81' lang='lat'>‘⁴</span> <span class='ocrx_word' id='word_1_77' title='bbox 299 992 470 1033; x_wconf 83' lang='lat' dir='ltr'>Confregi</span> <span class='ocrx_word' id='word_1_78' title='bbox 488 993 642 1026; x_wconf 88' lang='lat' dir='ltr'>molares</span> <span class='ocrx_word' id='word_1_79' title='bbox 659 994 779 1035; x_wconf 91' lang='lat' dir='ltr'>iniqui,</span> <span class='ocrx_word' id='word_1_80' title='bbox 793 1000 828 1025; x_wconf 92' lang='lat' dir='ltr'>et</span> <span class='ocrx_word' id='word_1_81' title='bbox 845 1003 864 1025; x_wconf 91' lang='lat' dir='ltr'>e</span> <span class='ocrx_word' id='word_1_82' title='bbox 881 993 1047 1025; x_wconf 85' lang='lat' dir='ltr'>dentibus</span> <span class='ocrx_word' id='word_1_83' title='bbox 1061 993 1139 1034; x_wconf 87' lang='lat' dir='ltr'>ejus</span> <span class='ocrx_word' id='word_1_84' title='bbox 1157 994 1270 1034; x_wconf 89' lang='lat' dir='ltr'>eripui</span> <span class='ocrx_word' id='word_1_85' title='bbox 1288 994 1457 1034; x_wconf 85' lang='lat' dir='ltr'>praedam</span> <span class='ocrx_word' id='word_1_86' title='bbox 1469 992 1487 1005; x_wconf 86' lang='lat'>&#39;&#39;</span> <span class='ocrx_word' id='word_1_87' title='bbox 1501 992 1610 1034; x_wconf 87' lang='lat' dir='ltr'>(xxix.</span> <span class='ocrx_word' id='word_1_88' title='bbox 1628 992 1681 1033; x_wconf 92' lang='lat'>17)</span> <span class='ocrx_word' id='word_1_89' title='bbox 1695 1003 1703 1025; x_wconf 88' lang='lat'>:</span> 
     </span>
    </p>
   </div>
   <div class='ocr_carea' id='block_1_7' title="bbox 238 1081 1743 1642">
    <p class='ocr_par' dir='ltr' id='par_1_7' title="bbox 238 1081 1743 1642">
     <span class='ocr_line' id='line_1_12' title="bbox 238 1081 1739 1136; baseline -0.001 -12"><span class='ocrx_word' id='word_1_90' title='bbox 238 1083 349 1124; x_wconf 90' lang='lat' dir='ltr'>haec</span> <span class='ocrx_word' id='word_1_91' title='bbox 376 1083 552 1124; x_wconf 90' lang='lat' dir='ltr'>Hiobus</span> <span class='ocrx_word' id='word_1_92' title='bbox 575 1083 630 1124; x_wconf 94' lang='lat' dir='ltr'>de</span> <span class='ocrx_word' id='word_1_93' title='bbox 654 1097 728 1134; x_wconf 89' lang='lat' dir='ltr'>se;</span> <span class='ocrx_word' id='word_1_94' title='bbox 754 1083 882 1136; x_wconf 90' lang='lat' dir='ltr'>quod</span> <span class='ocrx_word' id='word_1_95' title='bbox 906 1083 1175 1136; x_wconf 86' lang='lat' dir='ltr'>pugnaverit</span> <span class='ocrx_word' id='word_1_96' title='bbox 1199 1088 1359 1123; x_wconf 90' lang='lat' dir='ltr'>contra</span> <span class='ocrx_word' id='word_1_97' title='bbox 1380 1081 1491 1122; x_wconf 88' lang='lat' dir='ltr'>falsa</span> <span class='ocrx_word' id='word_1_98' title='bbox 1512 1087 1558 1123; x_wconf 90' lang='lat' dir='ltr'>et</span> <span class='ocrx_word' id='word_1_99' title='bbox 1582 1082 1739 1123; x_wconf 87' lang='lat' dir='ltr'>vicerit</span> 
     </span>
     <span class='ocr_line' id='line_1_13' title="bbox 238 1141 1739 1200; baseline -0.001 -13"><span class='ocrx_word' id='word_1_100' title='bbox 238 1146 328 1195; x_wconf 83' lang='lat' dir='ltr'>illa,</span> <span class='ocrx_word' id='word_1_101' title='bbox 356 1146 634 1200; x_wconf 79' lang='lat' dir='ltr'>significatur</span> <span class='ocrx_word' id='word_1_102' title='bbox 661 1160 739 1200; x_wconf 87' lang='lat' dir='ltr'>per</span> <span class='ocrx_word' id='word_1_103' title='bbox 767 1145 1017 1199; x_wconf 84' lang='lat' dir='ltr'>“Confregi</span> <span class='ocrx_word' id='word_1_104' title='bbox 1041 1145 1235 1187; x_wconf 86' lang='lat' dir='ltr'>molares</span> <span class='ocrx_word' id='word_1_105' title='bbox 1254 1146 1390 1199; x_wconf 88' lang='lat' dir='ltr'>iniqui</span> <span class='ocrx_word' id='word_1_106' title='bbox 1408 1144 1441 1196; x_wconf 87' lang='lat'>;’&#39;</span> <span class='ocrx_word' id='word_1_107' title='bbox 1475 1141 1739 1186; x_wconf 85' lang='lat' dir='ltr'>“molares&#39;’</span> 
     </span>
     <span class='ocr_line' id='line_1_14' title="bbox 239 1206 1740 1263; baseline -0.001 -13"><span class='ocrx_word' id='word_1_108' title='bbox 239 1209 494 1263; x_wconf 84' lang='lat' dir='ltr'>significant</span> <span class='ocrx_word' id='word_1_109' title='bbox 521 1209 768 1251; x_wconf 84' lang='lat' dir='ltr'>scientifica</span> <span class='ocrx_word' id='word_1_110' title='bbox 793 1223 852 1250; x_wconf 89' lang='lat' dir='ltr'>ex</span> <span class='ocrx_word' id='word_1_111' title='bbox 880 1208 1021 1250; x_wconf 89' lang='lat' dir='ltr'>Verbi</span> <span class='ocrx_word' id='word_1_112' title='bbox 1048 1222 1181 1249; x_wconf 91' lang='lat' dir='ltr'>sensu</span> <span class='ocrx_word' id='word_1_113' title='bbox 1213 1208 1394 1250; x_wconf 88' lang='lat' dir='ltr'>litterae</span> <span class='ocrx_word' id='word_1_114' title='bbox 1421 1207 1652 1261; x_wconf 86' lang='lat' dir='ltr'>applicata</span> <span class='ocrx_word' id='word_1_115' title='bbox 1682 1206 1740 1248; x_wconf 93' lang='lat' dir='ltr'>ad</span> 
     </span>
     <span class='ocr_line' id='line_1_15' title="bbox 241 1269 1741 1326; baseline -0.002 -13"><span class='ocrx_word' id='word_1_116' title='bbox 241 1271 596 1314; x_wconf 85' lang='lat' dir='ltr'>confirmandum</span> <span class='ocrx_word' id='word_1_117' title='bbox 639 1272 765 1321; x_wconf 88' lang='lat' dir='ltr'>falsa,</span> <span class='ocrx_word' id='word_1_118' title='bbox 799 1286 878 1325; x_wconf 92' lang='lat' dir='ltr'>per</span> <span class='ocrx_word' id='word_1_119' title='bbox 916 1286 1029 1326; x_wconf 92' lang='lat' dir='ltr'>quae</span> <span class='ocrx_word' id='word_1_120' title='bbox 1076 1272 1319 1313; x_wconf 87' lang='lat' dir='ltr'>destruunt</span> <span class='ocrx_word' id='word_1_121' title='bbox 1360 1285 1493 1322; x_wconf 86' lang='lat' dir='ltr'>vera;</span> <span class='ocrx_word' id='word_1_122' title='bbox 1531 1277 1578 1311; x_wconf 90' lang='lat' dir='ltr'>et</span> <span class='ocrx_word' id='word_1_123' title='bbox 1619 1269 1741 1324; x_wconf 91' lang='lat' dir='ltr'>quod</span> 
     </span>
     <span class='ocr_line' id='line_1_16' title="bbox 241 1333 1740 1388; baseline -0.002 -11"><span class='ocrx_word' id='word_1_124' title='bbox 241 1336 498 1377; x_wconf 88' lang='lat' dir='ltr'>liberaverit</span> <span class='ocrx_word' id='word_1_125' title='bbox 539 1336 651 1376; x_wconf 89' lang='lat' dir='ltr'>alios</span> <span class='ocrx_word' id='word_1_126' title='bbox 690 1350 717 1376; x_wconf 90' lang='lat' dir='ltr'>a</span> <span class='ocrx_word' id='word_1_127' title='bbox 758 1335 880 1376; x_wconf 86' lang='lat' dir='ltr'>salsis</span> <span class='ocrx_word' id='word_1_128' title='bbox 918 1335 1201 1384; x_wconf 88' lang='lat' dir='ltr'>instruendo,</span> <span class='ocrx_word' id='word_1_129' title='bbox 1235 1334 1513 1388; x_wconf 85' lang='lat' dir='ltr'>significatur</span> <span class='ocrx_word' id='word_1_130' title='bbox 1545 1333 1740 1387; x_wconf 79' lang='lat' dir='ltr'>per.‘⁴E</span> 
     </span>
     <span class='ocr_line' id='line_1_17' title="bbox 242 1396 1740 1451; baseline -0.002 -12"><span class='ocrx_word' id='word_1_131' title='bbox 242 1399 451 1440; x_wconf 86' lang='lat' dir='ltr'>dentibus</span> <span class='ocrx_word' id='word_1_132' title='bbox 483 1398 576 1451; x_wconf 90' lang='lat' dir='ltr'>ejus</span> <span class='ocrx_word' id='word_1_133' title='bbox 602 1398 742 1451; x_wconf 89' lang='lat' dir='ltr'>eripui</span> <span class='ocrx_word' id='word_1_134' title='bbox 775 1398 1030 1451; x_wconf 87' lang='lat' dir='ltr'>praedam.¹&#39;</span> <span class='ocrx_word' id='word_1_135' title='bbox 1091 1397 1316 1450; x_wconf 78' lang='lat' dir='ltr'>Quoniam</span> <span class='ocrx_word' id='word_1_136' title='bbox 1345 1396 1576 1437; x_wconf 84' lang='lat' dir='ltr'>“dentes&#39;&#39;</span> <span class='ocrx_word' id='word_1_137' title='bbox 1602 1397 1740 1449; x_wconf 85' lang='lat' dir='ltr'>signi-</span> 
     </span>
     <span class='ocr_line' id='line_1_18' title="bbox 242 1459 1741 1514; baseline -0.001 -12"><span class='ocrx_word' id='word_1_138' title='bbox 242 1461 379 1503; x_wconf 90' lang='lat' dir='ltr'>ficant</span> <span class='ocrx_word' id='word_1_139' title='bbox 405 1461 516 1502; x_wconf 86' lang='lat' dir='ltr'>falsa</span> <span class='ocrx_word' id='word_1_140' title='bbox 540 1462 583 1502; x_wconf 91' lang='lat' dir='ltr'>in</span> <span class='ocrx_word' id='word_1_141' title='bbox 611 1463 843 1510; x_wconf 86' lang='lat' dir='ltr'>extremis,</span> <span class='ocrx_word' id='word_1_142' title='bbox 878 1461 982 1502; x_wconf 90' lang='lat' dir='ltr'>inde</span> <span class='ocrx_word' id='word_1_143' title='bbox 1010 1474 1088 1514; x_wconf 89' lang='lat' dir='ltr'>per</span> <span class='ocrx_word' id='word_1_144' title='bbox 1116 1461 1355 1501; x_wconf 86' lang='lat' dir='ltr'>“frendere</span> <span class='ocrx_word' id='word_1_145' title='bbox 1383 1461 1593 1500; x_wconf 89' lang='lat' dir='ltr'>dentibus</span> <span class='ocrx_word' id='word_1_146' title='bbox 1605 1459 1624 1474; x_wconf 92' lang='lat'><strong>”</strong></span> <span class='ocrx_word' id='word_1_147' title='bbox 1650 1460 1741 1512; x_wconf 87' lang='lat' dir='ltr'>sig-</span> 
     </span>
     <span class='ocr_line' id='line_1_19' title="bbox 243 1525 1743 1577; baseline -0.002 -11"><span class='ocrx_word' id='word_1_148' title='bbox 243 1525 448 1566; x_wconf 87' lang='lat' dir='ltr'>nificatur</span> <span class='ocrx_word' id='word_1_149' title='bbox 479 1540 539 1566; x_wconf 86' lang='lat' dir='ltr'>ex</span> <span class='ocrx_word' id='word_1_150' title='bbox 570 1525 690 1566; x_wconf 87' lang='lat' dir='ltr'>falsis</span> <span class='ocrx_word' id='word_1_151' title='bbox 721 1538 822 1566; x_wconf 89' lang='lat' dir='ltr'>cum</span> <span class='ocrx_word' id='word_1_152' title='bbox 854 1525 1143 1565; x_wconf 88' lang='lat' dir='ltr'>vehementia</span> <span class='ocrx_word' id='word_1_153' title='bbox 1174 1531 1221 1565; x_wconf 92' lang='lat' dir='ltr'>et</span> <span class='ocrx_word' id='word_1_154' title='bbox 1252 1525 1316 1564; x_wconf 90' lang='lat' dir='ltr'>ira</span> <span class='ocrx_word' id='word_1_155' title='bbox 1347 1537 1548 1577; x_wconf 89' lang='lat' dir='ltr'>pugnare</span> <span class='ocrx_word' id='word_1_156' title='bbox 1581 1529 1743 1564; x_wconf 89' lang='lat' dir='ltr'>contra</span> 
     </span>
     <span class='ocr_line' id='line_1_20' title="bbox 243 1587 1355 1642; baseline -0.002 -13"><span class='ocrx_word' id='word_1_157' title='bbox 243 1602 362 1638; x_wconf 89' lang='lat' dir='ltr'>vera,</span> <span class='ocrx_word' id='word_1_158' title='bbox 390 1590 434 1629; x_wconf 89' lang='lat' dir='ltr'>in</span> <span class='ocrx_word' id='word_1_159' title='bbox 460 1589 752 1642; x_wconf 84' lang='lat' dir='ltr'>sequentibus</span> <span class='ocrx_word' id='word_1_160' title='bbox 785 1588 896 1629; x_wconf 90' lang='lat' dir='ltr'>locis</span> <span class='ocrx_word' id='word_1_161' title='bbox 913 1587 1123 1640; x_wconf 78' lang='lat' dir='ltr'>z—Apud</span> <span class='ocrx_word' id='word_1_162' title='bbox 1148 1587 1355 1636; x_wconf 79' lang='lat' dir='ltr'>Hz&#39;obum,</span> 
     </span>
    </p>
   </div>
   <div class='ocr_carea' id='block_1_8' title="bbox 311 1674 1743 1759">
    <p class='ocr_par' dir='ltr' id='par_1_8' title="bbox 311 1674 1743 1759">
     <span class='ocr_line' id='line_1_21' title="bbox 311 1674 1743 1718; baseline -0.002 -9"><span class='ocrx_word' id='word_1_163' title='bbox 311 1677 400 1709; x_wconf 88' lang='lat' dir='ltr'>“Ira</span> <span class='ocrx_word' id='word_1_164' title='bbox 419 1677 496 1718; x_wconf 84' lang='lat' dir='ltr'>ejus</span> <span class='ocrx_word' id='word_1_165' title='bbox 516 1677 693 1717; x_wconf 88' lang='lat' dir='ltr'>discerpit,</span> <span class='ocrx_word' id='word_1_166' title='bbox 713 1683 750 1708; x_wconf 90' lang='lat' dir='ltr'>et</span> <span class='ocrx_word' id='word_1_167' title='bbox 772 1676 855 1708; x_wconf 92' lang='lat' dir='ltr'>odio</span> <span class='ocrx_word' id='word_1_168' title='bbox 875 1676 982 1708; x_wconf 82' lang='lat' dir='ltr'>habet</span> <span class='ocrx_word' id='word_1_169' title='bbox 1006 1686 1072 1713; x_wconf 77' lang='lat' dir='ltr'>me.</span> <span class='ocrx_word' id='word_1_170' title='bbox 1091 1674 1232 1707; x_wconf 84' lang='lat' dir='ltr'>frendet</span> <span class='ocrx_word' id='word_1_171' title='bbox 1255 1681 1381 1706; x_wconf 89' lang='lat' dir='ltr'>contra</span> <span class='ocrx_word' id='word_1_172' title='bbox 1405 1685 1463 1706; x_wconf 90' lang='lat' dir='ltr'>me</span> <span class='ocrx_word' id='word_1_173' title='bbox 1482 1675 1648 1707; x_wconf 89' lang='lat' dir='ltr'>dentibus</span> <span class='ocrx_word' id='word_1_174' title='bbox 1668 1675 1743 1707; x_wconf 86' lang='lat' dir='ltr'>suis</span> 
     </span>
     <span class='ocr_line' id='line_1_22' title="bbox 419 1719 1452 1759; baseline -0.002 -7"><span class='ocrx_word' id='word_1_175' title='bbox 419 1721 533 1753; x_wconf 90' lang='lat' dir='ltr'>hostis</span> <span class='ocrx_word' id='word_1_176' title='bbox 552 1730 652 1752; x_wconf 87' lang='lat' dir='ltr'>meus</span> <span class='ocrx_word' id='word_1_177' title='bbox 667 1730 674 1759; x_wconf 85' lang='lat'>;</span> <span class='ocrx_word' id='word_1_178' title='bbox 698 1722 791 1752; x_wconf 88' lang='lat' dir='ltr'>acuit</span> <span class='ocrx_word' id='word_1_179' title='bbox 807 1720 930 1752; x_wconf 89' lang='lat' dir='ltr'>oculos</span> <span class='ocrx_word' id='word_1_180' title='bbox 947 1730 1031 1751; x_wconf 89' lang='lat' dir='ltr'>suos</span> <span class='ocrx_word' id='word_1_181' title='bbox 1049 1726 1175 1751; x_wconf 83' lang='lat' dir='ltr'>contra</span> <span class='ocrx_word' id='word_1_182' title='bbox 1193 1729 1250 1750; x_wconf 91' lang='lat' dir='ltr'>me</span> <span class='ocrx_word' id='word_1_183' title='bbox 1265 1719 1282 1730; x_wconf 91' lang='grc'>”</span> <span class='ocrx_word' id='word_1_184' title='bbox 1300 1719 1383 1759; x_wconf 88' lang='lat' dir='ltr'>(xvi.</span> <span class='ocrx_word' id='word_1_185' title='bbox 1398 1719 1452 1759; x_wconf 85' lang='lat'>9);</span> 
     </span>
    </p>
   </div>
   <div class='ocr_carea' id='block_1_9' title="bbox 246 1796 626 1851">
    <p class='ocr_par' dir='ltr' id='par_1_9' title="bbox 246 1796 626 1851">
     <span class='ocr_line' id='line_1_23' title="bbox 246 1796 626 1851; baseline -0.003 -13"><span class='ocrx_word' id='word_1_186' title='bbox 246 1797 364 1851; x_wconf 90' lang='lat' dir='ltr'>apud</span> <span class='ocrx_word' id='word_1_187' title='bbox 389 1796 626 1845; x_wconf 79' lang='lat' dir='ltr'>Davidem,</span> 
     </span>
    </p>
   </div>
   <div class='ocr_carea' id='block_1_10' title="bbox 315 1871 1744 1956">
    <p class='ocr_par' dir='ltr' id='par_1_10' title="bbox 315 1871 1744 1956">
     <span class='ocr_line' id='line_1_24' title="bbox 315 1871 1744 1914; baseline -0.002 -9"><span class='ocrx_word' id='word_1_188' title='bbox 315 1873 617 1914; x_wconf 86' lang='lat' dir='ltr'>“Congregantur</span> <span class='ocrx_word' id='word_1_189' title='bbox 629 1879 755 1904; x_wconf 89' lang='lat' dir='ltr'>contra</span> <span class='ocrx_word' id='word_1_190' title='bbox 768 1882 825 1904; x_wconf 89' lang='lat' dir='ltr'>me</span> <span class='ocrx_word' id='word_1_191' title='bbox 842 1872 957 1904; x_wconf 89' lang='lat' dir='ltr'>claudi</span> <span class='ocrx_word' id='word_1_192' title='bbox 978 1882 1066 1913; x_wconf 91' lang='lat' dir='ltr'>quos</span> <span class='ocrx_word' id='word_1_193' title='bbox 1084 1882 1157 1903; x_wconf 90' lang='lat' dir='ltr'>non</span> <span class='ocrx_word' id='word_1_194' title='bbox 1176 1871 1271 1909; x_wconf 83' lang='lat' dir='ltr'>novi,</span> <span class='ocrx_word' id='word_1_195' title='bbox 1286 1871 1511 1912; x_wconf 87' lang='lat' dir='ltr'>distorquent</span> <span class='ocrx_word' id='word_1_196' title='bbox 1528 1881 1592 1903; x_wconf 92' lang='lat' dir='ltr'>nec</span> <span class='ocrx_word' id='word_1_197' title='bbox 1611 1876 1744 1908; x_wconf 80' lang='lat' dir='ltr'>tacent.</span> 
     </span>
     <span class='ocr_line' id='line_1_25' title="bbox 427 1915 1558 1956; baseline -0.003 -7"><span class='ocrx_word' id='word_1_198' title='bbox 427 1942 434 1949; x_wconf 91' lang='lat'><strong>.</strong></span> <span class='ocrx_word' id='word_1_199' title='bbox 449 1942 457 1949; x_wconf 89' lang='lat'><strong>.</strong></span> <span class='ocrx_word' id='word_1_200' title='bbox 471 1943 477 1949; x_wconf 95' lang='lat'>.</span> <span class='ocrx_word' id='word_1_201' title='bbox 493 1918 675 1949; x_wconf 89' lang='lat' dir='ltr'>.frendent</span> <span class='ocrx_word' id='word_1_202' title='bbox 691 1923 816 1948; x_wconf 87' lang='lat' dir='ltr'>contra</span> <span class='ocrx_word' id='word_1_203' title='bbox 832 1926 888 1947; x_wconf 90' lang='lat' dir='ltr'>me</span> <span class='ocrx_word' id='word_1_204' title='bbox 905 1916 1071 1948; x_wconf 88' lang='lat' dir='ltr'>dentibus</span> <span class='ocrx_word' id='word_1_205' title='bbox 1089 1916 1162 1947; x_wconf 89' lang='lat' dir='ltr'>suis</span> <span class='ocrx_word' id='word_1_206' title='bbox 1173 1915 1191 1927; x_wconf 87' lang='grc'>”</span> <span class='ocrx_word' id='word_1_207' title='bbox 1206 1915 1278 1956; x_wconf 86' lang='lat' dir='ltr'>(Ps.</span> <span class='ocrx_word' id='word_1_208' title='bbox 1293 1925 1398 1947; x_wconf 83' lang='lat' dir='ltr'>xxxv.</span> <span class='ocrx_word' id='word_1_209' title='bbox 1415 1923 1465 1954; x_wconf 88' lang='lat'>15,</span> <span class='ocrx_word' id='word_1_210' title='bbox 1483 1915 1535 1955; x_wconf 88' lang='lat'>16)</span> <span class='ocrx_word' id='word_1_211' title='bbox 1551 1924 1558 1954; x_wconf 85' lang='lat'>;</span> 
     </span>
    </p>
   </div>
   <div class='ocr_carea' id='block_1_11' title="bbox 248 1993 601 2047">
    <p class='ocr_par' dir='ltr' id='par_1_11' title="bbox 248 1993 601 2047">
     <span class='ocr_line' id='line_1_26' title="bbox 248 1993 601 2047; baseline -0.008 -12"><span class='ocrx_word' id='word_1_212' title='bbox 248 1994 367 2047; x_wconf 87' lang='lat' dir='ltr'>apud</span> <span class='ocrx_word' id='word_1_213' title='bbox 394 1993 601 2042; x_wconf 91' lang='lat' dir='ltr'>eundem,</span> 
     </span>
    </p>
   </div>
   <div class='ocr_carea' id='block_1_12' title="bbox 311 2065 1745 2152">
    <p class='ocr_par' dir='ltr' id='par_1_12' title="bbox 311 2065 1745 2152">
     <span class='ocr_line' id='line_1_27' title="bbox 311 2065 1745 2152; baseline 0 -52"><span class='ocrx_word' id='word_1_214' title='bbox 311 2069 332 2084; x_wconf 74' lang='lat'>‘⁶</span> <span class='ocrx_word' id='word_1_215' title='bbox 344 2069 544 2119; x_wconf 42' lang='lat' dir='ltr'>Meditatur·</span> <span class='ocrx_word' id='word_1_216' title='bbox 555 2069 688 2152; x_wconf 73' lang='lat' dir='ltr'>mal)um</span> <span class='ocrx_word' id='word_1_217' title='bbox 703 2068 832 2109; x_wconf 90' lang='lat' dir='ltr'>impius</span> <span class='ocrx_word' id='word_1_218' title='bbox 848 2067 956 2108; x_wconf 88' lang='lat' dir='ltr'>justo,</span> <span class='ocrx_word' id='word_1_219' title='bbox 973 2073 1009 2099; x_wconf 87' lang='lat' dir='ltr'>et</span> <span class='ocrx_word' id='word_1_220' title='bbox 1025 2067 1166 2099; x_wconf 82' lang='lat' dir='ltr'>frendet</span> <span class='ocrx_word' id='word_1_221' title='bbox 1182 2076 1289 2107; x_wconf 90' lang='lat' dir='ltr'>super</span> <span class='ocrx_word' id='word_1_222' title='bbox 1307 2076 1351 2098; x_wconf 89' lang='lat' dir='ltr'>eo</span> <span class='ocrx_word' id='word_1_223' title='bbox 1367 2066 1534 2098; x_wconf 90' lang='lat' dir='ltr'>dentibus</span> <span class='ocrx_word' id='word_1_224' title='bbox 1552 2066 1626 2098; x_wconf 89' lang='lat' dir='ltr'>suis</span> <span class='ocrx_word' id='word_1_225' title='bbox 1637 2065 1656 2079; x_wconf 83' lang='lat'>&#39;&#39;</span> <span class='ocrx_word' id='word_1_226' title='bbox 1670 2065 1745 2107; x_wconf 83' lang='lat' dir='ltr'>(Ps.</span> 
     </span>
     <span class='ocr_line' id='line_1_28' title="bbox 424 2120 652 2151; baseline -0.004 -7"><span class='ocrx_word' id='word_1_227' title='bbox 424 2123 556 2144; x_wconf 77' lang='lat' dir='ltr'>xxxvii.</span> <span class='ocrx_word' id='word_1_228' title='bbox 578 2120 615 2143; x_wconf 86' lang='lat'>12</span> <span class='ocrx_word' id='word_1_229' title='bbox 646 2122 652 2151; x_wconf 86' lang='lat'>;</span> 
     </span>
    </p>
   </div>
   <div class='ocr_carea' id='block_1_13' title="bbox 250 2189 603 2243">
    <p class='ocr_par' dir='ltr' id='par_1_13' title="bbox 250 2189 603 2243">
     <span class='ocr_line' id='line_1_29' title="bbox 250 2189 603 2243; baseline -0.006 -12"><span class='ocrx_word' id='word_1_230' title='bbox 250 2189 367 2243; x_wconf 84' lang='lat' dir='ltr'>apud</span> <span class='ocrx_word' id='word_1_231' title='bbox 394 2189 603 2238; x_wconf 88' lang='lat' dir='ltr'>eundem,</span> 
     </span>
    </p>
   </div>
   <div class='ocr_carea' id='block_1_14' title="bbox 317 2260 1746 2349">
    <p class='ocr_par' dir='ltr' id='par_1_14' title="bbox 317 2260 1746 2349">
     <span class='ocr_line' id='line_1_30' title="bbox 317 2260 1746 2349; baseline -0.001 -52"><span class='ocrx_word' id='word_1_232' title='bbox 317 2265 481 2349; x_wconf 50' lang='grc' dir='ltr'>*(Ιῐῐιρὲιέε</span> <span class='ocrx_word' id='word_1_233' title='bbox 499 2265 632 2315; x_wconf 74' lang='lat' dir='ltr'>videbit</span> <span class='ocrx_word' id='word_1_234' title='bbox 648 2271 686 2349; x_wconf 57' lang='lat' dir='ltr'>{et</span> <span class='ocrx_word' id='word_1_235' title='bbox 709 2263 941 2302; x_wconf 90' lang='lat' dir='ltr'>succensebit,</span> <span class='ocrx_word' id='word_1_236' title='bbox 964 2263 1130 2296; x_wconf 86' lang='lat' dir='ltr'>dentibus</span> <span class='ocrx_word' id='word_1_237' title='bbox 1150 2264 1224 2296; x_wconf 87' lang='lat' dir='ltr'>suis</span> <span class='ocrx_word' id='word_1_238' title='bbox 1244 2262 1384 2295; x_wconf 81' lang='lat' dir='ltr'>frendet</span> <span class='ocrx_word' id='word_1_239' title='bbox 1403 2269 1439 2295; x_wconf 88' lang='lat' dir='ltr'>et</span> <span class='ocrx_word' id='word_1_240' title='bbox 1456 2260 1746 2305; x_wconf 77' lang='lat' dir='ltr'>[¹1c011iquescet’·</span> 
     </span>
     <span class='ocr_line' id='line_1_31' title="bbox 472 2317 684 2346; baseline -0.005 -6"><span class='ocrx_word' id='word_1_241' title='bbox 472 2319 498 2340; x_wconf 89' lang='lat' dir='ltr'>s.</span> <span class='ocrx_word' id='word_1_242' title='bbox 513 2318 590 2340; x_wconf 84' lang='lat' dir='ltr'>exn.</span> <span class='ocrx_word' id='word_1_243' title='bbox 608 2317 648 2339; x_wconf 93' lang='lat'>10</span> <span class='ocrx_word' id='word_1_244' title='bbox 678 2318 684 2346; x_wconf 87' lang='lat'><em>;</em></span> 
     </span>
    </p>
   </div>
   <div class='ocr_carea' id='block_1_15' title="bbox 251 2385 1747 2630">
    <p class='ocr_par' dir='ltr' id='par_1_15' title="bbox 251 2385 1747 2630">
     <span class='ocr_line' id='line_1_32' title="bbox 251 2385 606 2440; baseline -0.008 -12"><span class='ocrx_word' id='word_1_245' title='bbox 251 2386 369 2440; x_wconf 84' lang='lat' dir='ltr'>apud</span> <span class='ocrx_word' id='word_1_246' title='bbox 394 2385 606 2434; x_wconf 69' lang='lat' dir='ltr'>Mz&#39;clzam,</span> 
     </span>
     <span class='ocr_line' id='line_1_33' title="bbox 318 2457 1747 2546; baseline -0.002 -53"><span class='ocrx_word' id='word_1_247' title='bbox 318 2463 336 2477; x_wconf 83' lang='lat'>⁴‘</span> <span class='ocrx_word' id='word_1_248' title='bbox 347 2462 483 2546; x_wconf 49' lang='grc' dir='ltr'>Εοηέξῇι</span> <span class='ocrx_word' id='word_1_249' title='bbox 495 2461 688 2545; x_wconf 54' lang='grc' dir='ltr'>ρξορὴεῐεις</span> <span class='ocrx_word' id='word_1_250' title='bbox 702 2461 913 2493; x_wconf 85' lang='lat' dir='ltr'>seducentes</span> <span class='ocrx_word' id='word_1_251' title='bbox 927 2460 1116 2501; x_wconf 90' lang='lat' dir='ltr'>populum.</span> <span class='ocrx_word' id='word_1_252' title='bbox 1131 2483 1139 2491; x_wconf 85' lang='lat'><strong>.</strong></span> <span class='ocrx_word' id='word_1_253' title='bbox 1153 2484 1160 2491; x_wconf 93' lang='lat'><em>.</em></span> <span class='ocrx_word' id='word_1_254' title='bbox 1175 2484 1198 2498; x_wconf 87' lang='lat'>.,</span> <span class='ocrx_word' id='word_1_255' title='bbox 1210 2459 1269 2501; x_wconf 89' lang='lat' dir='ltr'>qui</span> <span class='ocrx_word' id='word_1_256' title='bbox 1283 2459 1449 2491; x_wconf 87' lang='lat' dir='ltr'>mordent</span> <span class='ocrx_word' id='word_1_257' title='bbox 1461 2459 1627 2491; x_wconf 86' lang='lat' dir='ltr'>dentibus</span> <span class='ocrx_word' id='word_1_258' title='bbox 1641 2459 1716 2491; x_wconf 89' lang='lat' dir='ltr'>suis</span> <span class='ocrx_word' id='word_1_259' title='bbox 1728 2457 1747 2472; x_wconf 84' lang='lat'><strong>”</strong></span> 
     </span>
     <span class='ocr_line' id='line_1_34' title="bbox 442 2513 556 2544; baseline 0.009 -8"><span class='ocrx_word' id='word_1_260' title='bbox 442 2516 487 2537; x_wconf 83' lang='lat'>111.</span> <span class='ocrx_word' id='word_1_261' title='bbox 504 2513 519 2544; x_wconf 87' lang='grc'><strong>5</strong></span> <span class='ocrx_word' id='word_1_262' title='bbox 549 2515 556 2544; x_wconf 87' lang='grc'><strong>;</strong></span> 
     </span>
     <span class='ocr_line' id='line_1_35' title="bbox 252 2581 532 2630; baseline -0.007 -6"><span class='ocrx_word' id='word_1_263' title='bbox 252 2583 296 2624; x_wconf 83' lang='grc' dir='ltr'>ἰη</span> <span class='ocrx_word' id='word_1_264' title='bbox 330 2582 370 2622; x_wconf 87' lang='lat' dir='ltr'><em>T</em></span> <span class='ocrx_word' id='word_1_265' title='bbox 365 2581 532 2630; x_wconf 72' lang='lat' dir='ltr'>lcrenis,</span> 
     </span>
    </p>
   </div>
   <div class='ocr_carea' id='block_1_16' title="bbox 318 2653 1741 2740">
    <p class='ocr_par' dir='ltr' id='par_1_16' title="bbox 318 2653 1741 2740">
     <span class='ocr_line' id='line_1_36' title="bbox 318 2653 1741 2699; baseline -0.004 -9"><span class='ocrx_word' id='word_1_266' title='bbox 318 2660 337 2673; x_wconf 79' lang='lat'>⁴⁸</span> <span class='ocrx_word' id='word_1_267' title='bbox 348 2658 575 2699; x_wconf 88' lang='lat' dir='ltr'>Aperuerunt</span> <span class='ocrx_word' id='word_1_268' title='bbox 588 2662 714 2688; x_wconf 79' lang='lat' dir='ltr'>contra</span> <span class='ocrx_word' id='word_1_269' title='bbox 730 2655 798 2694; x_wconf 89' lang='lat' dir='ltr'>te‚”</span> <span class='ocrx_word' id='word_1_270' title='bbox 812 2655 884 2687; x_wconf 89' lang='lat' dir='ltr'>filia</span> <span class='ocrx_word' id='word_1_271' title='bbox 901 2655 1185 2696; x_wconf 85' lang='lat' dir='ltr'>Hierosolymae,</span> <span class='ocrx_word' id='word_1_272' title='bbox 1201 2655 1219 2669; x_wconf 92' lang='lat'><strong>“</strong></span> <span class='ocrx_word' id='word_1_273' title='bbox 1229 2664 1270 2686; x_wconf 91' lang='lat' dir='ltr'>os</span> <span class='ocrx_word' id='word_1_274' title='bbox 1284 2663 1387 2686; x_wconf 91' lang='lat' dir='ltr'>suum</span> <span class='ocrx_word' id='word_1_275' title='bbox 1401 2662 1526 2686; x_wconf 90' lang='lat' dir='ltr'>omnes</span> <span class='ocrx_word' id='word_1_276' title='bbox 1540 2653 1664 2685; x_wconf 87' lang='lat' dir='ltr'>hostes</span> <span class='ocrx_word' id='word_1_277' title='bbox 1679 2653 1741 2692; x_wconf 86' lang='lat' dir='ltr'>tui,</span> 
     </span>
     <span class='ocr_line' id='line_1_37' title="bbox 429 2698 1229 2740; baseline -0.005 -7"><span class='ocrx_word' id='word_1_278' title='bbox 429 2701 672 2739; x_wconf 87' lang='lat' dir='ltr'>exsibilarunt,</span> <span class='ocrx_word' id='word_1_279' title='bbox 691 2700 924 2731; x_wconf 84' lang='lat' dir='ltr'>frenduerunt</span> <span class='ocrx_word' id='word_1_280' title='bbox 940 2699 1046 2739; x_wconf 79' lang='lat' dir='ltr'>dente</span> <span class='ocrx_word' id='word_1_281' title='bbox 1057 2698 1075 2710; x_wconf 85' lang='lat'>&#39;¹</span> <span class='ocrx_word' id='word_1_282' title='bbox 1090 2698 1136 2740; x_wconf 91' lang='lat' dir='ltr'>(ii.</span> <span class='ocrx_word' id='word_1_283' title='bbox 1155 2698 1206 2738; x_wconf 88' lang='lat'>16)</span> <span class='ocrx_word' id='word_1_284' title='bbox 1222 2707 1229 2736; x_wconf 83' lang='lat'>;</span> 
     </span>
    </p>
   </div>
   <div class='ocr_carea' id='block_1_17' title="bbox 254 2778 620 2833">
    <p class='ocr_par' dir='ltr' id='par_1_17' title="bbox 254 2778 620 2833">
     <span class='ocr_line' id='line_1_38' title="bbox 254 2778 620 2833; baseline -0.008 -13"><span class='ocrx_word' id='word_1_285' title='bbox 254 2779 371 2833; x_wconf 89' lang='lat' dir='ltr'>apud</span> <span class='ocrx_word' id='word_1_286' title='bbox 397 2778 620 2826; x_wconf 82' lang='lat' dir='ltr'>Marcum,</span> 
     </span>
    </p>
   </div>
   <div class='ocr_carea' id='block_1_18' title="bbox 320 2849 1747 2979">
    <p class='ocr_par' dir='ltr' id='par_1_18' title="bbox 320 2849 1747 2979">
     <span class='ocr_line' id='line_1_39' title="bbox 320 2849 1743 2897; baseline -0.005 -10"><span class='ocrx_word' id='word_1_287' title='bbox 320 2856 473 2897; x_wconf 72' lang='lat' dir='ltr'>Quidam</span> <span class='ocrx_word' id='word_1_288' title='bbox 490 2855 578 2886; x_wconf 87' lang='lat' dir='ltr'>dixit</span> <span class='ocrx_word' id='word_1_289' title='bbox 595 2854 638 2885; x_wconf 89' lang='lat' dir='ltr'>ad</span> <span class='ocrx_word' id='word_1_290' title='bbox 655 2853 790 2895; x_wconf 89' lang='lat' dir='ltr'>Jesum,</span> <span class='ocrx_word' id='word_1_291' title='bbox 805 2852 946 2884; x_wconf 89' lang='lat' dir='ltr'>“Attuli</span> <span class='ocrx_word' id='word_1_292' title='bbox 965 2852 1074 2883; x_wconf 84' lang='lat' dir='ltr'>filium</span> <span class='ocrx_word' id='word_1_293' title='bbox 1092 2861 1210 2883; x_wconf 91' lang='lat' dir='ltr'>meum</span> <span class='ocrx_word' id='word_1_294' title='bbox 1228 2851 1274 2883; x_wconf 91' lang='lat' dir='ltr'>ad</span> <span class='ocrx_word' id='word_1_295' title='bbox 1290 2850 1352 2888; x_wconf 91' lang='lat' dir='ltr'>Te,</span> <span class='ocrx_word' id='word_1_296' title='bbox 1370 2851 1561 2882; x_wconf 89' lang='lat' dir='ltr'>habentem</span> <span class='ocrx_word' id='word_1_297' title='bbox 1579 2849 1743 2890; x_wconf 87' lang='lat' dir='ltr'>spiritum</span> 
     </span>
     <span class='ocr_line' id='line_1_40' title="bbox 429 2894 1744 2939; baseline -0.005 -10"><span class='ocrx_word' id='word_1_298' title='bbox 429 2896 621 2935; x_wconf 78' lang='lat' dir='ltr'>[²]mutum;</span> <span class='ocrx_word' id='word_1_299' title='bbox 645 2904 681 2929; x_wconf 88' lang='lat' dir='ltr'>et</span> <span class='ocrx_word' id='word_1_300' title='bbox 700 2897 900 2937; x_wconf 88' lang='lat' dir='ltr'>ubicunque</span> <span class='ocrx_word' id='word_1_301' title='bbox 920 2896 1018 2939; x_wconf 84' lang='lat' dir='ltr'>illum</span> <span class='ocrx_word' id='word_1_302' title='bbox 1038 2895 1283 2936; x_wconf 86' lang='lat' dir='ltr'>apprehendit,</span> <span class='ocrx_word' id='word_1_303' title='bbox 1301 2895 1432 2925; x_wconf 87' lang='lat' dir='ltr'>lacerat</span> <span class='ocrx_word' id='word_1_304' title='bbox 1453 2894 1572 2930; x_wconf 82' lang='lat' dir='ltr'>illum:</span> <span class='ocrx_word' id='word_1_305' title='bbox 1597 2898 1744 2933; x_wconf 85' lang='lat' dir='ltr'>spumat</span> 
     </span>
     <span class='ocr_line' id='line_1_41' title="bbox 431 2935 1747 2979; baseline -0.005 -5"><span class='ocrx_word' id='word_1_306' title='bbox 431 2948 466 2974; x_wconf 89' lang='lat' dir='ltr'>et</span> <span class='ocrx_word' id='word_1_307' title='bbox 490 2942 615 2974; x_wconf 88' lang='lat' dir='ltr'>stridet</span> <span class='ocrx_word' id='word_1_308' title='bbox 634 2941 811 2979; x_wconf 86' lang='lat' dir='ltr'>dentibus,</span> <span class='ocrx_word' id='word_1_309' title='bbox 831 2946 866 2972; x_wconf 88' lang='lat' dir='ltr'>et</span> <span class='ocrx_word' id='word_1_310' title='bbox 890 2939 1082 2972; x_wconf 85' lang='lat' dir='ltr'>exarescit:</span> <span class='ocrx_word' id='word_1_311' title='bbox 1111 2939 1184 2971; x_wconf 84' lang='lat' dir='ltr'>dixi</span> <span class='ocrx_word' id='word_1_312' title='bbox 1203 2938 1385 2979; x_wconf 89' lang='lat' dir='ltr'>discipulis</span> <span class='ocrx_word' id='word_1_313' title='bbox 1405 2937 1474 2969; x_wconf 89' lang='lat' dir='ltr'>tuis</span> <span class='ocrx_word' id='word_1_314' title='bbox 1498 2942 1536 2969; x_wconf 91' lang='lat' dir='ltr'>ut</span> <span class='ocrx_word' id='word_1_315' title='bbox 1559 2936 1658 2969; x_wconf 89' lang='lat' dir='ltr'>illum</span> <span class='ocrx_word' id='word_1_316' title='bbox 1683 2935 1747 2976; x_wconf 84' lang='lat' dir='ltr'>eji-</span> 
     </span>
    </p>
   </div>
  </div>
 </body>
</html>
