1962 3334
608 273 717 306 CAP.
739 273 821 315 XL,
843 272 983 305 VERs.
1006 272 1152 316 3.—N.
1173 261 1341 317 637[b].
1613 262 1714 314 1641

298 385 443 418 “Omne
459 392 564 427 caput
579 386 750 424 calvities,
763 392 799 418 et
813 386 932 417 omnis
949 385 1058 417 barba
1074 395 1165 423 rasa,
1181 394 1288 426 super
1302 385 1470 416 omnibus
1487 384 1652 416 manibus
1668 385 1720 415 in-

406 430 570 468 cisiones,
583 437 620 461 et
635 439 743 470 super
757 429 887 461 lumbis
904 439 1037 467 saccus,
1055 439 1162 469 super
1177 430 1344 460 omnibus
1361 427 1464 460 tec'tis
1482 427 1614 466 Moabi,
1631 434 1668 459 et
1683 428 1719 458 in

406 474 533 514 plateis
548 474 627 514 ejus
643 479 740 505 totus
756 471 872 505 ludlus
883 472 902 484 ’'
918 473 1041 513 (xlviii.
1059 480 1110 512 37,
1129 473 1204 512 38):

231 581 312 620 per
333 566 619 608 “Moabum”
639 566 950 620 significantur
974 565 1038 607 illi
1063 566 1137 620 qui
1163 566 1206 606 in
1232 566 1354 607 bono
1380 564 1574 606 naturali
1599 570 1719 612 sunt,

231 636 279 671 et
316 629 575 671 adulterant
612 629 734 670 bona
768 629 1015 679 ecclesiae;
1059 629 1180 682 quod
1215 626 1474 669 intellectus
1508 628 1600 668 veri
1634 626 1721 667 illis

232 692 379 733 nullus
405 694 477 741 sit,
504 705 586 733 nec
618 693 806 733 scientia
830 693 936 740 veri,
964 691 1240 745 significatur
1266 705 1344 744 per
1368 690 1489 745 quod
1516 691 1596 730 “in
1622 703 1720 731 orn—

232 756 361 796 nibus
387 756 608 809 capitibus
634 755 787 796 Moabi
813 755 1031 804 calvities,
1054 761 1101 796 et
1126 755 1273 796 omnis
1296 755 1435 795 barba
1460 753 1599 801 rasa,”
1624 759 1721 793 tum

231 831 312 871 per
332 819 451 872 quod
477 819 558 858 “in
581 816 714 859 teetis
735 817 829 871 ejus
851 824 899 859 et
921 819 965 858 in
987 817 1151 871 plateis
1176 817 1269 870 ejus
1291 816 1475 869 ejulabit
1487 817 1506 832 ”
1528 823 1575 857 et
1598 817 1721 856 “erit

232 878 427 921 laetus?
472 881 749 921 “incisiones
785 894 918 933 super
953 880 1161 921 omnibus
1199 878 1436 920 manibus’'
1466 877 1722 932 significant

231 943 492 994 falsificata;
539 941 684 984 luctus
723 951 965 996 propterea
1006 941 1283 996 significatur
1327 955 1407 994 per
1447 942 1722 994 “accingere

232 1006 452 1054 saccum,’'
488 1013 586 1047 tum
626 1020 706 1060 per
737 1006 971 1059 “ejulare”
1006 1013 1054 1047 et
1092 1005 1405 1046 “descendere
1445 1006 1490 1045 in
1531 1004 1723 1046 fletum.‘’

236 1068 375 1122 Apud
399 1069 602 1118 Esaiam,

298 1164 319 1178 ‘¹
328 1163 415 1202 Fiet,
434 1164 514 1195 loco
532 1165 703 1196 aromatis
723 1165 823 1196 tabes
847 1165 924 1203 erit,
943 1171 980 1196 et
1002 1164 1081 1196 loco
1100 1164 1232 1204 cinguli
1251 1164 1426 1202 discissio,
1445 1170 1481 1195 et
1505 1164 1584 1195 loco
1603 1165 1724 1205 operis

406 1208 552 1248 implexi
569 1208 740 1246 calvities,
752 1214 789 1239 et
805 1208 884 1239 loco
900 1215 1007 1248 togae
1023 1206 1184 1239 cinctura
1198 1209 1301 1245 sacci,
1318 1208 1459 1239 adustio
1476 1208 1555 1239 loco
1572 1209 1724 1248 pulchri-

405 1251 560 1291 tudinis;
579 1252 745 1283 homines
757 1251 810 1283 tui
825 1252 945 1292 gladio
961 1252 1099 1289 cadent,
1112 1258 1148 1283 et
1165 1253 1272 1283 robur
1288 1258 1387 1283 tuum
1404 1252 1440 1283 in
1457 1252 1551 1283 bello
1561 1251 1580 1263 ”
1595 1252 1656 1292 (iii.
1671 1260 1723 1291 24,

407 1295 480 1335 25):

232 1381 344 1423 haec
381 1382 437 1423 de
476 1381 687 1423 “filiabus
724 1381 915 1430 Zionis,”
951 1397 1031 1436 per
1070 1396 1180 1436 quas
1220 1381 1497 1436 significatur
1533 1381 1725 1423 ecclesia

234 1446 382 1499 quoad
399 1443 660 1486 affectiones
677 1446 783 1487 boni
801 1445 1011 1487 caelestis
1029 1460 1038 1497 ;
1066 1447 1253 1499 proinde
1270 1459 1350 1499 per
1365 1450 1390 1466 “
1406 1445 1519 1486 filias
1538 1445 1722 1487 Zionis'’

234 1508 542 1562 significantur
566 1507 826 1550 affefflones
848 1510 953 1550 boni
977 1523 1093 1563 quae
1119 1515 1224 1550 sunt
1246 1508 1463 1550 ecclesiae
1486 1509 1722 1550 caelestis:

229 1569 400 1624 jactura
421 1578 468 1612 et
490 1572 723 1625 dissipatio
745 1572 920 1613 illarum
947 1586 1025 1625 per
1049 1573 1214 1613 fastum
1237 1573 1442 1625 propriae
1463 1572 1723 1625 intelligen-

234 1635 325 1675 tiae
346 1635 610 1675 describitur
631 1635 691 1675 ibi
711 1648 791 1688 per
811 1636 933 1676 varia
954 1636 1113 1688 quibus
1135 1635 1251 1676 filiae
1273 1635 1375 1675 illae
1399 1649 1446 1675 se
1468 1642 1719 1685 exornant;

236 1698 429 1738 mutatio
465 1697 642 1738 illarum
673 1696 959 1739 affectionum
996 1699 1040 1738 in
1082 1699 1329 1739 contrarias
1370 1704 1416 1738 et
1450 1698 1724 1751 impulchras

235 1760 513 1813 significatur
548 1773 627 1813 per
662 1761 783 1814 quod
816 1760 956 1801 “loco
991 1762 1207 1802 aromatis
1243 1761 1386 1809 tabes,
1419 1760 1522 1801 loco
1558 1761 1725 1814 cinguli

234 1824 450 1871 discissio,
475 1822 578 1863 loco
603 1824 750 1876 operis
776 1823 962 1876 implexi
988 1824 1207 1872 calvities,
1235 1824 1337 1865 loco
1363 1830 1500 1876 togae
1526 1822 1726 1864 cinCtura

236 1887 370 1935 sacci,
396 1893 443 1927 et
469 1886 571 1926 loco
597 1886 939 1938 pulchritudinis
965 1887 1145 1928 adustio
1162 1887 1196 1938 ;”
1229 1900 1309 1939 per
1335 1890 1361 1907 “
1377 1888 1530 1927 tabem
1541 1887 1561 1902 '’
1586 1888 1724 1940 signi-

234 1948 392 1990 ficatur
414 1950 588 2001 periens
613 1948 776 1999 vitale3
809 1962 887 2002 per
911 1949 1255 1990 “discissionem
1282 1949 1385 1990 loco
1410 1949 1577 2002 cinguli
1591 1949 1610 1964 ”
1632 1950 1724 2002 sig-

235 2011 440 2053 nificatur
483 2012 717 2064 dissipatio
761 2013 1101 2065 perceptionum
1146 2013 1238 2053 veri
1280 2012 1383 2054 loco
1427 2014 1725 2054 connexionis

235 2075 436 2125 illarum;
477 2088 557 2127 per
588 2074 854 2125 “calvitiem
890 2074 992 2116 loco
1022 2076 1170 2128 operis
1200 2075 1419 2129 implexi'’
1450 2075 1727 2129 significatur

235 2138 418 2179 fatuitas
444 2138 545 2178 loco
570 2138 784 2179 scientiae
806 2153 815 2188 ;
848 2152 927 2191 per
954 2139 1277 2180 “adustionem
1303 2139 1405 2180 loco
1430 2139 1724 2192 pulchritudi-

236 2200 335 2241 nis‘’
374 2199 652 2253 significatur
696 2200 891 2241 stultitia
936 2200 1038 2242 loco
1078 2201 1408 2256 intelligentiae
1452 2201 1726 2255 (“adustio'’

237 2262 462 2316 significat
496 2263 713 2304 insaniam
748 2277 809 2304 ex
849 2263 966 2304 fastu
1007 2265 1212 2316 propriae
1246 2265 1575 2317 intelligentiae
1610 2279 1725 2318 quae

237 2332 308 2366 est
347 2325 555 2374 stultitia,
592 2333 639 2367 et
672 2330 697 2346 ‘⁴
713 2326 1032 2379 pulchritud0”
1062 2326 1286 2380 significat
1325 2327 1723 2382 intelligentiam):

238 2389 359 2442 quod
378 2402 485 2429 vera
505 2387 761 2430 intellectus
783 2390 979 2442 peritura
1003 2390 1093 2430 sint
1119 2403 1197 2442 per
1220 2390 1344 2439 salsa,
1369 2405 1506 2444 usque
1529 2398 1577 2432 ut
1603 2391 1726 2432 nulla

237 2452 495 2492 resistentia
516 2453 574 2493 sit
597 2459 756 2494 contra
777 2453 909 2502 mala,
931 2452 1208 2506 significatur
1231 2467 1310 2506 per
1334 2456 1455 2508 quod
1480 2459 1504 2475 “
1520 2455 1725 2495 homines

238 2515 302 2555 tui
326 2514 480 2571 gladio
507 2515 686 2564 cadent,
714 2522 761 2556 et
786 2516 919 2556 robur
945 2523 1071 2556 tuum
1102 2517 1147 2556 in
1173 2516 1294 2558 bello
1310 2517 1344 2567 ;”
1383 2517 1630 2570 “gladius”
1655 2525 1725 2559 est

237 2577 395 2618 falsum
418 2578 655 2619 destruens
677 2592 845 2619 verum.
906 2578 1077 2620 Similia
1098 2593 1177 2632 per
1199 2581 1448 2621 “saccum'’
1470 2581 1725 2634 significan-

238 2647 311 2682 tur
335 2642 380 2681 in
406 2641 473 2682 his
499 2643 790 2695 sequentibus
806 2641 1015 2695 :—Apud
1041 2642 1322 2693 Ezechielem,

306 2735 471 2767 “Omnes
484 2746 612 2769 manus
628 2738 810 2775 remissae,
824 2738 947 2769 omnia
963 2747 1082 2778 genua
1097 2739 1229 2770 abeunt
1242 2739 1278 2770 in
1296 2749 1416 2780 aquas,
1429 2741 1524 2772 unde
1538 2740 1727 2781 accingent

413 2789 549 2818 saccos,
566 2787 602 2812 et
618 2781 762 2821 colliget
781 2791 845 2813 eos
862 2788 987 2818 terror.
1006 2788 1042 2813 et
1065 2791 1172 2822 super
1188 2783 1355 2816 omnibus
1372 2783 1530 2816 faciebus
1550 2784 1674 2825 pudor,
1690 2791 1727 2816 et

413 2823 448 2854 in
466 2824 632 2856 omnibus
649 2825 839 2865 capitibus.
853 2824 1060 2857 ‚calvities''
1079 2825 1150 2866 (vii.
1172 2834 1220 2865 17,
1242 2827 1294 2866 18)
1309 2836 1317 2865 ;

240 2905 359 2959 apud
384 2905 618 2957 Davidem,
