1962 3334
313 255 418 308 1748
676 296 679 299 ,
725 265 1059 299 APOCALYPSIS
1091 266 1391 299 EXPLICATA.

308 385 488 420 nostras
530 393 610 432 pro
648 386 840 433 argento
877 379 1100 421 bibimus”
1137 380 1360 434 significat
1399 379 1740 422 instruftionem
1777 395 1803 422 a

309 442 535 483 nobismet
563 444 683 495 ipsis,
713 444 830 484 unde
857 457 977 484 mere
1004 444 1140 495 falsa;
1182 444 1342 497 “ligna
1369 451 1524 485 nostra
1550 458 1630 498 pro
1657 445 1802 497 pretio

308 506 525 546 veniunt”
557 506 782 559 significat
818 505 1161 548 instructionem
1199 521 1225 547 a
1262 508 1487 549 nobismet
1525 509 1644 560 ipsis,
1684 507 1801 547 unde

308 581 428 608 mere
469 568 613 619 mala;
657 570 869 622 quoniam
906 569 1043 610 homo
1080 570 1220 623 gratis
1259 584 1336 610 seu
1371 570 1578 623 “absque
1610 577 1803 623 argento

307 638 353 672 et
380 631 555 684 pretio''
581 646 606 672 a
636 632 833 673 Domino
859 633 1090 673 instruitur
1116 639 1162 673 et
1189 633 1454 673 reformatur
1482 632 1626 686 (Esaz'.
1654 633 1710 673 lv,
1743 630 1799 686 1),

307 694 409 735 ideo
439 699 558 747 “pro
590 695 812 748 argento”
839 695 990 736 bibere
1023 702 1068 736 et
1103 699 1223 748 “pro
1256 696 1432 749 pretio”
1464 696 1586 748 ligna
1618 709 1801 748 compa-

307 771 403 798 rare
435 764 482 798 et
514 757 720 807 calefieri,
755 757 979 811 significat
1011 772 1037 798 a
1069 758 1197 798 nobis
1229 759 1360 811 ipsis3
1403 765 1448 799 et
1485 760 1586 812 quia
1617 772 1642 799 a
1675 759 1802 799 nobis

307 821 413 873 ipsis
445 822 602 861 instrui
641 828 710 862 est
749 835 775 861 a
812 820 1003 861 naturali
1041 821 1221 861 homine
1259 828 1305 862 et
1343 821 1435 874 ejus
1468 821 1723 862 scientificis
1755 828 1803 862 et

307 884 410 924 inde
448 884 685 933 conclusis,
719 884 821 924 ideo
858 884 1032 932 dicitur,
1070 883 1330 937 “Aegypto
1367 885 1571 925 dedimus
1605 897 1800 933 manum,

308 946 525 999 Assyriae
552 954 600 987 ut
627 948 840 987 satiemur
867 960 982 999 pane
1000 945 1033 996 ;''
1065 960 1143 999 per
1168 946 1474 1000 “Aegyptum
1487 947 1504 962 ”
1527 946 1803 1000 significatur

308 1010 525 1050 naturalis
547 1010 684 1050 homo
707 1010 825 1050 unde
847 1009 971 1057 salsa,
997 1023 1075 1062 per
1100 1009 1405 1062 “Assyriam''
1429 1010 1643 1051 naturalis
1665 1010 1802 1050 homo

309 1086 367 1112 ex
401 1071 521 1112 falsis
553 1072 842 1120 ratiocinans,
871 1072 988 1112 unde
1021 1072 1164 1112 mala:
1208 1079 1253 1113 et
1285 1074 1388 1126 quia
1419 1073 1494 1113 illa
1525 1087 1637 1127 quae
1669 1079 1801 1113 natu·

308 1135 411 1175 ralis
443 1135 634 1175 hominis
666 1142 770 1175 sunt
803 1133 1052 1187 respeffive
1086 1136 1268 1176 servitia
1299 1143 1416 1184 sunt,
1451 1150 1555 1177 nam
1587 1135 1802 1177 naturalis

308 1198 446 1238 homo
484 1196 626 1238 faetus
664 1205 732 1238 est
771 1204 819 1239 ut
856 1199 1067 1239 inserviat
1105 1199 1335 1251 spirituali,
1374 1199 1475 1240 ideo
1510 1199 1691 1253 quando
1727 1199 1802 1239 ille

308 1261 566 1301 dominatur
597 1274 729 1313 super
760 1261 1038 1314 spiritualem
1071 1267 1178 1302 tunc
1211 1263 1326 1302 servi
1358 1263 1672 1312 dominantur;
1715 1262 1800 1302 hoc

308 1324 575 1378 intelligitur
607 1338 685 1377 per
716 1325 835 1378 quod
865 1325 1023 1365 “servi
1055 1325 1344 1366 dominentur
1375 1327 1417 1366 in
1451 1339 1545 1375 nos,
1575 1339 1657 1366 nec
1690 1325 1801 1366 libe-

308 1402 411 1428 rans
439 1402 461 1429 e
490 1401 623 1428 manu
646 1387 859 1428 illorum.''

393 1458 483 1512 [lm]
527 1459 667 1512 Apud
694 1459 961 1508 Jeremz'am,

376 1560 394 1573 ‘⁴
406 1559 442 1591 Si
459 1559 575 1590 dicitis
593 1569 669 1598 vos,
683 1559 765 1590 Non
782 1560 1021 1591 habitabimus
1040 1560 1075 1591 in
1093 1566 1187 1591 terra
1199 1561 1290 1599 hac„
1306 1586 1313 1593 .
1327 1586 1335 1593 .
1349 1561 1525 1600 ,dicendo‚
1541 1562 1634 1600 Non,
1649 1563 1711 1594 sed
1731 1560 1799 1604 [in]

483 1609 613 1634 terram
639 1603 795 1644 Aegypti
820 1603 1015 1642 veniemus,
1041 1604 1100 1635 ubi
1126 1614 1198 1635 non
1224 1605 1424 1636 videbimus
1449 1606 1593 1644 bellum,
1617 1612 1651 1637 et
1675 1616 1799 1638 vocem

484 1647 655 1678 buccinae
676 1657 748 1678 non
769 1647 966 1685 audiemus,
984 1653 1019 1678 et
1040 1658 1167 1687 panem
1189 1658 1260 1679 non
1282 1649 1489 1686 esuriemus,
1508 1655 1542 1680 et
1562 1649 1610 1680 ibi
1630 1650 1802 1681 habitabi-

484 1701 563 1722 mus
576 1702 582 1722 ;
593 1716 600 1722 .
615 1715 622 1723 .
637 1715 644 1722 .
659 1691 736 1723 .sed
754 1691 783 1722 si
801 1701 865 1722 vos
883 1691 1074 1731 posueritis
1088 1691 1197 1722 facies
1215 1699 1353 1723 vestras
1370 1693 1414 1723 ad
1428 1693 1642 1724 veniendum
1657 1694 1803 1734 Aegyp-

483 1740 580 1770 tum:
608 1744 648 1765 ac
669 1735 839 1765 veneritis
864 1735 908 1765 ad
934 1735 1233 1774 peregrinandum
1259 1736 1316 1773 ibi,
1337 1736 1403 1767 erit
1427 1737 1575 1776 gladius,
1596 1747 1618 1767 a
1641 1747 1710 1778 quo
1735 1747 1801 1768 vos

483 1778 617 1809 timetis
634 1778 746 1816 vobis,
762 1778 810 1809 ibi
828 1778 1024 1818 prehendet
1042 1788 1106 1809 vos
1124 1779 1159 1809 in
1178 1786 1272 1810 terra
1289 1779 1456 1819 Aegypti,
1475 1778 1525 1821 [et
1542 1780 1655 1812 fames
1672 1781 1715 1812 de
1733 1791 1803 1821 qua

483 1832 548 1853 vos
563 1822 703 1853 solliciti
717 1822 813 1860 estis,
828 1823 874 1853 ibi
892 1822 1099 1853 adhaerebit
1116 1829 1197 1863 post
1214 1833 1278 1854 vos
1297 1823 1332 1854 in
1348 1821 1542 1865 Aegypto‚]
1558 1831 1592 1855 et
1608 1824 1656 1855 ibi
1675 1825 1802 1856 morie-

484 1865 571 1896 mini
586 1875 592 1902 ;
618 1872 653 1897 et
673 1872 775 1896 erunt
792 1875 918 1896 omnes
936 1866 1001 1896 viri
1022 1866 1079 1906 qui
1098 1873 1293 1906 posuerunt
1310 1867 1418 1898 facies
1436 1867 1480 1898 ad
1498 1868 1713 1899 veniendum
1731 1868 1803 1899 Ae-

483 1915 644 1950 gyptum,
669 1909 714 1940 ad
738 1909 1036 1949 peregrinandum
1062 1910 1119 1947 ibi,
1141 1910 1339 1941 morientur
1362 1911 1492 1949 gladio,
1512 1911 1607 1942 fame
1631 1917 1666 1942 et
1692 1918 1800 1951 peste,

484 1963 556 1984 non
577 1953 643 1984 erit
662 1952 732 1984 illis
753 1953 914 1984 residuus
933 1960 994 1984 aut
1013 1954 1169 1984 evadens
1175 1978 1266 1990 .....
1275 1960 1310 1985 et
1330 1954 1427 1985 eritis
1448 1955 1483 1985 in
1502 1954 1800 1993 maledictionem,

484 1997 520 2027 in
538 2003 719 2037 stuporem
737 2002 772 2027 et
789 1997 824 2027 in
842 1997 1116 2034 execrationem,
1135 2003 1170 2028 et
1189 1997 1225 2028 in
1246 1998 1486 2037 opprobrium,
1505 2008 1619 2039 neque
1637 1999 1801 2030 videbitis

484 2041 638 2081 amplius
656 2040 772 2071 locum
789 2039 911 2071 hunc''
929 2039 1014 2080 (xlii.
1035 2041 1151 2078 13-18,
1170 2041 1276 2081 seq.):

308 2150 351 2190 in
385 2149 608 2190 historicis
640 2149 795 2198 Verbi,
824 2155 870 2190 et
903 2163 1079 2202 quoque
1111 2150 1152 2189 in
1186 2150 1459 2202 propheticis
1490 2150 1597 2204 ejus,
1626 2153 1801 2205 saepius

309 2213 474 2266 legitur
499 2213 619 2266 quod
647 2212 837 2266 populus
865 2212 1136 2253 Israeliticus
1162 2212 1416 2265 flagraverit
1443 2214 1665 2255 desiderio
1694 2219 1800 2256 “re-

308 2276 474 2316 deundi
501 2276 543 2315 in
570 2274 878 2328 Aegyptum‚”
901 2281 946 2315 et
973 2275 1092 2328 quod
1119 2275 1203 2316 hoc
1231 2275 1316 2315 illis
1342 2275 1628 2317 interdietum
1655 2277 1799 2327 fuerit,

309 2345 356 2379 et
387 2352 443 2379 ne
469 2338 519 2378 id'
544 2338 744 2378 facerent
771 2338 1067 2379 denuntiatae
1094 2339 1183 2378 sint
1215 2338 1301 2378 illis
1328 2338 1490 2391 plagae
1522 2346 1567 2380 et
1600 2353 1799 2392 poenae;

309 2401 389 2442 sed
426 2414 559 2441 nemo
597 2399 815 2441 haetenus
852 2401 978 2441 novit
1016 2414 1209 2441 causam.
1271 2400 1417 2441 Causa
1454 2409 1550 2442 erat
1587 2403 1689 2455 quia
1725 2402 1801 2444 filii

310 2463 487 2505 Israelis
514 2464 893 2516 repraesentaturi
919 2470 1048 2504 erant
1075 2463 1312 2503 ecclesiam
1345 2478 1370 2503 a
1402 2465 1545 2517 primo
1577 2465 1668 2517 ejus
1694 2472 1798 2506 ‘ortu

309 2527 366 2567 ad
392 2526 553 2577 finem3
586 2533 632 2567 et
659 2526 851 2567 ecclesia
876 2527 1066 2579 primum
1092 2526 1308 2567 formatur
1329 2527 1446 2579 apud
1469 2528 1696 2568 hominem
1723 2542 1801 2581 per

309 2590 520 2630 scientias
543 2596 588 2630 et
608 2590 891 2642 cognitiones
913 2590 957 2630 in
981 2589 1172 2630 naturali
1190 2590 1386 2637 homine,
1407 2591 1478 2643 qui
1501 2590 1587 2630 illis
1610 2592 1799 2643 primum

309 2652 563 2702 excolitur;
607 2665 711 2692 nam
748 2653 933 2705 quisque
970 2651 1107 2692 homo
1145 2653 1343 2692 nascitur
1380 2653 1620 2703 naturalis;
1663 2648 1821 2706 quare*

309 2716 383 2757 ille
411 2716 600 2768 primum
627 2715 907 2755 excolendus
934 2714 991 2755 ob
1023 2714 1158 2754 finem
1191 2721 1238 2755 ut
1271 2729 1446 2768 quoque
1473 2715 1631 2756 ultimo
1657 2716 1797 2756 inser-

309 2780 401 2819 viat
427 2777 756 2830 intelligentiae
784 2784 829 2818 et
861 2778 1108 2830 sapientiae
1140 2778 1332 2818 hominis
1365 2791 1444 2830 pro
1476 2778 1596 2818 basi:
1636 2778 1798 2819 deinde

309 2855 388 2894 per
413 2841 623 2882 scientias
651 2847 697 2881 et
723 2841 1021 2893 cognitione5‚
1050 2854 1163 2893 quae
1196 2841 1387 2880 naturali
1414 2841 1581 2880 homini
1607 2840 1796 2893 implan-

309 2910 435 2946 tatae
458 2911 574 2953 sunt,
603 2903 818 2944 formatur
843 2901 1165 2952 intellectuale,
1194 2909 1242 2944 ut
1275 2903 1410 2943 homo
1437 2902 1513 2944 fiat
1540 2903 1794 2944 rationalis:
