1962 3334
299 313 404 366 1788
709 322 1040 362 APOCALYPSIS
1072 324 1369 357 EXPLICATA.

291 448 371 487 per
391 435 609 476 “Novam
631 435 999 489 Hierosolymam
1012 436 1031 453 ''
1048 437 1092 478 in
1110 436 1388 490 Apocalypsi
1404 436 1685 489 intelligitur,
1703 450 1784 490 pro

292 496 499 539 doctrina
525 500 647 540 vitae
674 507 719 541 et
751 499 879 551 fidei;
918 500 1029 541 haec
1058 502 1195 542 etiam
1223 499 1427 541 doctrina
1454 506 1687 553 assumpta
1713 507 1783 541 est

291 561 335 601 in
361 561 551 610 caelum,
573 576 629 604 ne
651 569 759 604 ante
783 564 1157 605 instaurationem
1179 578 1323 605 novae
1341 563 1560 604 ecclesiae
1579 563 1785 604 laedatur

290 637 317 663 a
339 625 494 664 malis:
529 625 616 666 hoc
640 627 793 680 itaque
816 633 886 667 est
912 627 1032 680 quod
1059 627 1336 680 significatur
1358 641 1436 680 per
1457 626 1568 666 haec
1593 626 1647 666 de
1670 626 1784 666 binis

290 689 497 737 testibus,
532 690 652 742 quod
687 693 711 733 ‘.‘
724 691 1013 731 ascenderint
1055 692 1098 731 in
1141 691 1316 731 caelum
1334 690 1366 740 ;”
1407 697 1453 730 et
1494 703 1670 743 quoque
1706 703 1785 743 per

289 751 428 790 verba
466 754 698 805 sequentis
736 754 911 807 capitis,
946 754 1018 794 ubi
1055 754 1205 806 agitur
1237 754 1292 793 de
1328 753 1550 793 “muliere
1586 752 1784 805 paritura

290 814 516 866 puerum‚''
543 829 695 856 coram
722 830 809 870 qua
835 817 966 857 stetit
993 817 1143 865 draco,

378 911 483 953 Quod
501 923 588 953 puer
604 920 726 954 raptus
744 915 789 946 sit
808 915 854 946 ad
880 914 1005 953 Deum,
1023 921 1058 946 et
1074 915 1119 946 ad
1136 915 1303 946 thronum
1322 914 1438 955 Ipsius
1455 913 1568 956 (Apoc.
1585 914 1643 946 xii.
1663 914 1713 954 5):

289 1016 394 1069 quid
420 1017 464 1056 in
488 1019 637 1070 specie
662 1032 741 1071 per
760 1018 1030 1060 “mulierem
1043 1019 1061 1034 ”
1079 1026 1126 1060 et
1153 1033 1231 1073 per
1255 1018 1508 1072 “puerum'’
1530 1019 1589 1059 ibi
1605 1017 1782 1066 ‘intelli-

289 1079 424 1131 gitur,
459 1081 503 1120 in
539 1081 848 1134 explicatione
886 1096 1018 1135 super
1054 1089 1189 1136 caput
1227 1096 1419 1136 sequens
1460 1082 1646 1123 dicetur.
1708 1081 1783 1121 Ex

289 1142 359 1182 his
391 1156 508 1183 nunc
536 1150 748 1185 constare
781 1151 952 1198 potest,
981 1145 1112 1198 quale
1150 1158 1363 1186 arcanum
1400 1145 1638 1186 involvunt
1670 1145 1781 1185 haec

290 1205 346 1245 de
364 1205 478 1245 binis
497 1207 704 1256 testibus,
725 1208 845 1261 quod
868 1222 927 1248 ex
951 1209 1171 1249 mandato
1192 1208 1517 1252 “ascenderint
1540 1208 1584 1248 in
1607 1207 1783 1248 caelum

290 1268 333 1308 in
361 1268 516 1308 nube.”

370 1330 497 1382 671.
527 1330 606 1370 “ft
629 1330 811 1371 viderunt
836 1332 927 1372 illos
955 1331 1108 1372 im'tm'ci
1130 1331 1524 1384 lllorum.''—Quod
1557 1330 1782 1384 significet

288 1390 570 1443 cognitionem
587 1399 628 1432 et
648 1393 915 1445 agnitionem
937 1393 1062 1446 apud
1079 1393 1179 1434 illos
1201 1394 1279 1446 qui
1297 1393 1483 1433 interius
1504 1399 1656 1433 contra
1675 1392 1785 1432 bona

289 1460 331 1493 et
362 1468 469 1494 vera
511 1453 654 1495 Verba
688 1463 730 1495 et
764 1455 964 1496 ecclesiae
993 1463 1109 1505 sunt,
1144 1463 1329 1497 constat
1361 1471 1420 1496 ex
1452 1455 1784 1509 significatione

292 1518 318 1534 ‘⁶
331 1515 660 1568 videre,”quod
679 1517 736 1557 sit
754 1517 1030 1569 intelligere,
1045 1518 1234 1570 proinde
1252 1531 1532 1570 cognoscere
1550 1523 1596 1557 et
1613 1530 1782 1569 agnos-

290 1587 393 1614 cere
417 1585 470 1623 (de
484 1595 548 1623 qua
559 1596 665 1624 supra,
681 1596 711 1616 n.
733 1587 791 1620 11.
809 1586 871 1628 37,
887 1576 1034 1625 260[a],
1050 1586 1143 1628 354,
1164 1586 1258 1629 529)
1277 1591 1285 1626 ;
1312 1583 1359 1617 et
1377 1591 1436 1617 ex
1452 1576 1783 1629 significatione

292 1637 650 1686 “inimicorum,'’
677 1639 797 1691 quod
830 1639 919 1678 sint
953 1639 1025 1692 qui
1063 1645 1223 1679 contra
1253 1638 1373 1678 bona
1405 1638 1570 1678 amoris
1602 1644 1647 1678 et
1679 1651 1785 1678 vera

290 1697 521 1740 doetrinae
540 1707 659 1749 sunt,
679 1701 867 1753 proinde
886 1701 959 1754 qui
982 1702 1026 1740 in
1045 1700 1174 1741 malis
1193 1707 1238 1741 et
1262 1701 1306 1740 in
1324 1700 1472 1750 salsis3
1503 1701 1547 1740 hi
1566 1714 1643 1754 per
1663 1704 1687 1720 “
1701 1700 1782 1740 ini-

290 1762 463 1802 micos”
480 1769 526 1804 et
548 1763 774 1804 “hostes”
797 1765 840 1803 in
860 1763 1015 1804 Verbo
1038 1764 1081 1803 in
1105 1763 1322 1817 spirituali
1345 1763 1437 1815 ejus
1460 1777 1592 1804 sensu
1614 1763 1782 1804 intelli-

289 1831 482 1876 guntur:
508 1826 612 1866 inde
628 1833 756 1879 patet
771 1827 891 1880 quod
909 1840 987 1879 per
1001 1830 1025 1846 “
1039 1826 1263 1866 Viderunt
1282 1826 1383 1866 illos
1401 1827 1566 1867 inimici
1583 1826 1783 1866 illorum’'

291 1887 569 1940 significetur
592 1890 795 1942 cognitio
819 1896 864 1929 et
889 1890 1063 1941 agnitio
1082 1889 1197 1942 apud
1222 1889 1323 1929 illos
1341 1889 1414 1942 qui
1437 1895 1596 1929 contra
1616 1889 1783 1929 “binos

289 1951 475 1999 testes‚”
508 1952 581 2004 qui
627 1958 732 1992 sunt
781 1952 901 1992 bona
942 1952 1106 1992 amoris
1148 1958 1194 1992 et
1235 1966 1341 1992 vera
1381 1950 1625 2000 doctrinae,
1664 1958 1781 1992 sunt.

290 2011 524 2053 Arcanum
557 2014 677 2067 quod
715 2014 828 2055 haec
861 2014 1100 2054 involvunt
1137 2020 1207 2054 est
1239 2014 1352 2054 hoc:
1401 2028 1479 2067 per
1513 2014 1783 2054 “inimicos'’

289 2076 361 2116 hic
399 2076 718 2130 intelliguntur
748 2077 811 2117 illi
853 2077 925 2130 qui
967 2077 1151 2117 interius
1193 2083 1354 2117 contra
1389 2077 1509 2117 bona
1540 2077 1705 2117 amoris
1736 2083 1782 2117 et

289 2153 395 2179 vera
432 2138 664 2180 doctrinae
696 2147 815 2188 sunt,
848 2139 926 2180 sed
962 2154 1101 2192 usque
1141 2153 1231 2180 non
1273 2140 1500 2190 exterius;
1547 2153 1623 2180 ore
1664 2141 1782 2180 enim

285 2208 433 2254 agunt
471 2204 655 2251 amicos,
690 2203 768 2243 sed
807 2203 942 2243 corde
975 2203 1205 2253 inimicos;
1253 2216 1388 2255 quare
1425 2215 1576 2243 coram
1614 2202 1782 2242 mundo

289 2264 560 2317 profitentur
596 2265 686 2314 illa,
721 2266 801 2306 sed
842 2266 885 2305 in
926 2266 1097 2318 spiritu,
1131 2266 1174 2305 in
1212 2279 1300 2318 quo
1337 2272 1441 2306 sunt
1482 2266 1662 2319 quando
1699 2265 1782 2305 soli

289 2327 407 2380 apud
435 2341 482 2368 se
510 2328 800 2376 meditantur,
826 2334 999 2380 negant
1026 2327 1127 2368 illa:
1171 2328 1216 2368 hi
1242 2329 1394 2381 itaque
1421 2335 1524 2368 sunt
1550 2327 1783 2368 “inimici'‘

289 2390 362 2443 qui
397 2390 643 2441 “vident;''
680 2404 784 2431 nam
811 2404 912 2431 cum
950 2391 993 2430 in
1026 2391 1308 2444 cogitatione
1340 2390 1534 2431 naturali
1566 2404 1782 2444 corporea

290 2458 409 2501 sunt,
427 2453 470 2492 in
494 2467 581 2506 qua
599 2460 703 2494 sunt
722 2454 899 2507 quoties
922 2454 966 2493 in
989 2454 1213 2493 societate
1231 2466 1332 2494 cum
1352 2453 1462 2501 aliis,
1482 2459 1590 2494 tunc
1609 2454 1780 2501 vident,

289 2515 375 2556 hoc
400 2523 483 2564 est,
505 2514 791 2569 cognoscunt
814 2523 859 2557 et
887 2523 1143 2569 agnoscunt
1169 2516 1270 2566 illa;
1310 2516 1388 2556 sed
1412 2529 1512 2556 cum
1539 2517 1583 2556 in
1606 2517 1781 2569 cogita-

290 2579 414 2619 tione
437 2579 655 2631 spirituali
678 2579 872 2619 naturali
895 2585 1014 2627 sunt,
1039 2580 1082 2619 in
1109 2593 1196 2632 qua
1221 2585 1324 2619 sunt
1347 2580 1525 2632 quoties
1551 2579 1633 2619 soli
1660 2586 1779 2627 sunt,

290 2647 337 2682 et
364 2642 573 2694 cogitant
600 2642 655 2682 de
682 2642 814 2682 rebus
841 2641 957 2689 fidei,
982 2647 1090 2682 tunc
1124 2655 1214 2682 non
1241 2647 1510 2694 agnoscunt.
1573 2641 1684 2681 Inde
1711 2648 1780 2682 est

290 2705 410 2758 quod
433 2704 608 2744 dicatur
626 2705 745 2757 quod
766 2705 897 2744 “bini
920 2704 982 2744 illi
1005 2711 1148 2745 testes
1167 2705 1454 2745 ascenderint
1478 2705 1521 2744 in
1540 2704 1714 2744 caelum
1737 2705 1780 2744 in

291 2768 408 2808 nube
426 2767 459 2818 ;'’
497 2781 574 2820 per
609 2767 846 2808 “nubem'’
879 2769 997 2808 enim
1039 2767 1317 2820 significatur
1348 2774 1590 2807 externum
1624 2767 1778 2814 Verbi,

290 2829 509 2870 ecclesiae
539 2835 585 2869 et
619 2829 781 2877 cultus,
810 2830 930 2883 quod
962 2830 1118 2870 vident
1151 2836 1197 2870 et
1229 2844 1287 2870 ex
1320 2844 1407 2883 quo
1439 2830 1622 2880 vident;
1660 2830 1781 2883 quod

293 2892 502 2932 “nubes”
535 2893 593 2932 ibi
635 2892 858 2945 significet
901 2893 1009 2933 illud
1051 2899 1308 2940 externum,
1347 2893 1553 2933 videatur
1590 2893 1634 2932 in
1671 2905 1779 2932 mox

291 2956 503 3009 superiori
526 2956 728 2996 articulo.
778 2955 828 2995 In
849 2955 1002 2996 Verbo
1025 2955 1258 3009 permultis
1285 2956 1328 2996 in
1355 2955 1465 2996 locis
1488 2956 1779 2996 nominantur
