1962 3334
229 253 336 307 1536
637 262 972 296 APOCALYPSIS
1003 262 1303 295 EXPLICATA.

223 377 335 418 tolle
362 391 462 418 cum
489 377 666 418 virtute.
682 390 844 418 vocem
871 377 1034 426 tuam,’'
1059 391 1137 430 per
1167 391 1280 431 quae
1308 377 1584 430 significatur
1609 390 1716 418 con-

222 440 356 481 fessio
393 455 452 481 ex
491 441 698 493 genuinis
734 441 876 481 veris:
923 454 1001 493 per
1044 441 1212 481 “urbes
1248 440 1489 494 Jehudae,”
1515 440 1572 481 ad
1609 454 1719 494 quas

224 503 384 544 dicitur
407 504 527 557 quod
547 508 571 523 “
586 504 708 544 Deus
725 510 891 552 vester,
910 503 1130 544 Dominus
1147 503 1338 556 Jehovih
1365 504 1407 543 in
1430 503 1533 544 forti
1555 503 1719 551 venit,”

223 566 532 619 significantur
555 565 822 608 doctrinalia
844 581 903 608 ex
927 567 1097 615 Verbo,
1118 580 1195 620 per
1215 570 1239 587 “
1254 567 1383 607 urbes
1398 567 1418 581 '³
1436 565 1717 613 doctrinalia,

222 636 268 670 et
300 642 379 682 per
412 630 703 682 “Jehudam'’
735 630 963 671 Verbum:
998 630 1119 683 quod
1160 630 1272 670 Zion
1310 636 1356 670 et
1400 629 1720 682 Hierosolyma

223 693 430 733 dicantur
468 693 941 746 “evangelizatrices'’
978 707 1037 733 ex
1079 707 1147 741 eo,
1186 692 1305 745 quod
1344 691 1718 745 “Evangelium”

222 756 446 809 significet
488 756 736 797 adventum
785 756 982 804 Domini,
1025 762 1167 808 patet,
1211 769 1314 795 nam
1360 756 1521 795 dicitur
1558 754 1718 795 “Ecce

223 817 346 859 Deus
376 826 542 868 vester,
569 832 676 859 ecce
709 819 930 859 Dominus
955 819 1147 871 Jehovih
1179 819 1222 859 in
1254 818 1357 858 forti
1389 818 1513 858 venit
1533 816 1567 858 :'’
1599 817 1718 871 quod

219 881 431 934 judicium
450 880 644 922 fausturus
662 882 734 930 sit,
754 889 800 923 et
819 888 1047 922 tutaturus
1066 881 1167 922 illos
1185 882 1256 935 qui
1276 881 1427 933 Ipsum
1446 886 1716 933 agnoscunt,

224 944 502 997 significatur
542 958 622 998 per
661 945 781 998 quod
821 944 1088 985 “brachium
1131 944 1238 997 Ejus
1276 944 1578 985 dominabitur
1612 942 1717 995 Ipsi,

222 1008 336 1049 sicut
363 1008 524 1049 Pastor
549 1021 738 1061 gregem
765 1021 892 1048 suum
920 1007 1114 1061 pascet.'’
1174 1007 1314 1060 Apud
1341 1007 1548 1055 eundem,
1603 1052 1606 1055 Δ

288 1096 435 1138 “Quam
456 1097 602 1137 jucundi
620 1103 703 1128 sunt
723 1107 830 1137 super
849 1097 1031 1128 montibus
1053 1097 1161 1137 pedes
1182 1096 1474 1137 evangelizantis,
1492 1096 1614 1127 audire
1634 1095 1718 1126 faci-

397 1141 490 1172 entis
515 1151 650 1181 pacem,
671 1141 952 1181 evangelizantis
977 1142 1122 1179 bonum,
1148 1141 1268 1172 audire
1293 1140 1457 1171 facientis
1482 1139 1644 1177 salutem,
1668 1139 1719 1170 di-

396 1185 510 1216 centis
526 1184 638 1223 Zioni,
655 1185 834 1225 Regnabit
848 1183 962 1216 1¹1Rex
975 1191 1055 1216 tuus
1070 1194 1093 1220 ς.
1109 1209 1115 1216 .
1130 1210 1137 1216 .
1153 1194 1246 1216 .cum
1260 1184 1362 1215 oculo
1376 1185 1420 1215 ad
1435 1183 1575 1227 oculum
1590 1183 1719 1215 viderit

396 1229 491 1269 quod
506 1235 704 1260 revertatur
719 1228 882 1270 Jehovah
899 1228 1048 1260 Zionem
1061 1228 1078 1239 ”
1095 1226 1193 1268 ([2]1ii.
1213 1236 1241 1266 7,
1257 1227 1289 1267 8)
1303 1239 1309 1259 :

221 1321 332 1362 haec
356 1335 532 1375 quoque
556 1320 676 1363 dicta
698 1328 803 1363 sunt
827 1322 883 1362 de
906 1322 1106 1362 adventu
1130 1321 1326 1369 Domini,
1351 1322 1423 1374 qui
1450 1319 1719 1372 intelligitur

223 1397 303 1437 per
330 1384 599 1437 “Regnabit
633 1383 774 1425 [¹]Rex
801 1391 917 1433 tuus,
945 1398 1079 1438 quum
1107 1384 1238 1425 oculo
1263 1385 1320 1424 ad
1353 1383 1530 1424 oculum
1556 1383 1717 1423 viderit
1741 1403 1750 1407 -

223 1447 343 1501 quod
366 1455 619 1489 revertatur
635 1448 841 1501 Jehovah
860 1448 1048 1488 Zionem
1070 1447 1103 1498 ;‘'
1135 1448 1339 1488 similiter
1361 1448 1404 1487 in
1427 1447 1718 1501 sequentibus

222 1509 342 1550 illius
369 1510 560 1562 capitis;
593 1510 700 1550 inde
726 1515 797 1550 est
827 1510 947 1563 quod
975 1509 1155 1550 dicatur
1183 1507 1583 1561 “evangelizare”
1641 1518 1719 1556 (Re-

221 1581 309 1618 liqua
323 1581 406 1610 illius
421 1590 529 1609 versus
544 1581 712 1609 videantur
727 1589 832 1618 supra,
848 1589 879 1610 n.
898 1569 1040 1622 365[e].
1061 1580 1242 1618 explicata.)
1301 1569 1442 1622 Apud
1468 1568 1522 1608 N
1517 1567 1652 1608 allum
1659 1600 1667 1616 ,

289 1659 307 1672 “
320 1658 374 1690 En
392 1668 498 1698 super
512 1658 693 1688 montibus
705 1658 813 1698 pedes
827 1657 1117 1697 evangelizantis,
1134 1656 1388 1697 proclamantis
1406 1665 1530 1696 pacem
1544 1664 1551 1694 ;
1576 1655 1716 1693 feriare,

395 1701 569 1744 Jehudah,
587 1701 680 1733 festa
697 1707 758 1732 tua
773 1700 791 1713 ’¹
809 1701 859 1741 (ii.
873 1709 887 1732 1
910 1699 969 1743 [B.
986 1702 1032 1733 A.
1046 1701 1066 1732 i.
1085 1699 1165 1742 15]).

224 1778 364 1832 Apud
395 1778 599 1827 Esaiam,

290 1856 308 1869 ‘⁴
319 1855 470 1896 Spiritus
489 1854 636 1886 Domini
649 1854 802 1896 Jehovih
819 1864 927 1894 super
942 1853 1011 1892 Me,
1024 1854 1104 1885 ideo
1117 1854 1220 1885 unxit
1232 1853 1394 1895 Jehovah
1407 1852 1467 1884 Me
1480 1852 1525 1884 ad
1538 1852 1718 1893 evangeli-

396 1899 548 1930 zandum
574 1899 814 1939 pauperibus:
847 1898 944 1929 misit
966 1897 1026 1929 Me
1051 1898 1095 1928 ad
1115 1898 1346 1937 obligandum
1372 1895 1506 1928 fractos
1530 1897 1646 1934 corde,
1671 1896 1716 1927 ad

397 1942 672 1983 praedicandum
694 1942 843 1981 captivis
864 1941 1074 1979 libertatem,
1092 1939 1233 1978 vinctis,
1251 1941 1362 1972 oculi-s
1381 1947 1494 1980 capto,
1511 1940 1556 1971 ad
1580 1940 1718 1980 procla-

397 1986 567 2017 mandum
579 1995 713 2016 annum
726 1985 939 2025 beneplaciti
957 1984 1126 2026 Jehovae,
1137 1992 1172 2016 et
1184 1985 1277 2015 diem
1295 1983 1472 2015 vindicstae
1492 1984 1569 2015 Deo
1580 1989 1716 2021 nostro,

396 2030 441 2061 ad
465 2029 724 2061 consolandum
745 2039 872 2060 omnes
889 2029 1053 2069 lugentes
1065 2028 1083 2040 '’
1100 2028 1172 2068 (lxi.
1189 2037 1216 2066 1,
1232 2029 1282 2068 2):

221 2119 342 2172 quod
369 2118 480 2159 haec
509 2119 563 2159 de
596 2118 795 2159 Domino
826 2124 873 2158 et
906 2117 1051 2170 Ipsius
1077 2117 1278 2158 adventu
1304 2115 1425 2157 dic‘ta
1456 2117 1559 2164 sint,
1587 2121 1715 2168 patet

221 2182 339 2234 apud
363 2181 646 2221 Mattlzaeum
676 2179 793 2234 (cap.
820 2195 861 2221 v.
890 2192 927 2232 3,
955 2179 1070 2234 seq.)
1099 2187 1145 2221 et
1178 2180 1296 2232 apud
1320 2179 1486 2220 Lucam
1516 2178 1632 2233 (cap.
1659 2179 1714 2219 iv.

227 2244 407 2298 16-22);
441 2246 534 2297 ipse
562 2245 786 2285 adventus
812 2244 1080 2297 intelligitur
1107 2257 1185 2296 per
1213 2247 1416 2284 “annum
1443 2242 1716 2295 beneplaciti

219 2308 461 2362 Jehovae‚”
487 2315 532 2349 et
560 2322 638 2361 per
666 2308 821 2348 “diem
847 2306 1071 2348 vindictae
1099 2307 1199 2347 Deo
1225 2313 1381 2347 nostro
1398 2306 1432 2346 :‘’
1463 2319 1542 2358 per
1569 2310 1714 2358 “pau-

220 2372 381 2425 peres'’
400 2372 558 2425 quibus
582 2372 803 2412 Dominus
826 2371 1216 2424 evangelizaturus
1239 2377 1322 2417 est,
1347 2376 1442 2410 tum
1470 2383 1547 2422 per
1571 2372 1714 2422 “cap-

220 2434 377 2484 tivos,’'
405 2433 661 2483 “vinctosj'
687 2441 734 2475 et
765 2434 945 2475 “oculis
978 2432 1512 2488 captosss'jntelliguntur
1537 2438 1713 2485 gentes,

220 2498 294 2552 qui
325 2497 442 2539 tales
475 2498 683 2538 dicuntur
714 2498 816 2550 quia
851 2497 895 2537 in
927 2497 1183 2550 ignorantia
1215 2497 1306 2536 veri
1342 2496 1518 2536 fuerunt
1550 2509 1609 2536 ex
1642 2509 1711 2542 eo,

220 2561 340 2615 quod
367 2574 460 2601 non
487 2560 724 2601 habuerint
747 2559 978 2600 Verbum:
1011 2566 1174 2613 gentes
1198 2572 1373 2612 quoque
1400 2557 1714 2611 intelliguntur

220 2624 337 2678 apud
362 2623 658 2672 Matthaeum,
686 2637 765 2676 per

533 2713 551 2726 ‘⁴
563 2712 743 2753 Pauperes
762 2712 820 2753 qui
837 2712 985 2743 audiunt
1004 2711 1240 2752 Evangelium
1252 2710 1270 2722 ’'
1284 2711 1342 2750 (xi.
1358 2710 1399 2750 5).

220 2789 361 2843 Apud
386 2788 620 2837 Davidem,

290 2869 308 2883 “
320 2868 472 2900 Cantate
488 2866 655 2909 jehovae,
669 2867 867 2899 benedicite
884 2867 1022 2898 nomini
1040 2866 1167 2907 Ipsius,
1182 2866 1422 2906 evangelizate
1433 2866 1477 2897 de
1494 2866 1549 2897 die
1562 2865 1599 2896 in
1616 2865 1709 2896 diem

395 2911 546 2943 salutem
569 2910 686 2951 Ipsius
701 2920 724 2950 ;.
740 2936 747 2943 .
761 2935 768 2944 .
784 2910 959 2953 ‚Jehovah
979 2911 1061 2952 quia
1077 2910 1185 2948 venit,
1205 2910 1287 2951 quia
1302 2910 1399 2941 venit
1419 2910 1462 2941 ad
1481 2909 1709 2950 judicandum
