1962 3334
312 259 417 312 1858
722 268 1054 302 APOCALvPsis
1087 270 1386 303 EXPLICATA.

306 393 397 421 non
424 381 645 434 recipiunt
672 380 1044 433 instructionem;
1078 397 1215 436 quare
1242 390 1523 437 separantur,
1552 391 1598 426 et
1625 386 1669 426 in
1696 385 1797 427 loca

304 443 418 484 infra
440 444 591 484 caelos
615 445 932 494 amandantur,
954 446 1136 499 quidam
1159 448 1202 486 in
1226 447 1410 496 inferna,
1434 448 1614 501 quidam
1637 449 1680 488 in
1704 455 1795 490 ter-

304 520 398 547 ram
423 522 536 560 quae
559 509 602 547 in
628 508 783 548 Verbo
809 513 967 549 “terra
991 509 1199 549 inferior”
1222 516 1425 558 vocatur,
1451 511 1522 551 ubi
1546 511 1655 552 dura
1678 513 1794 565 pati-

304 576 453 610 untur.
516 570 583 611 At
611 585 750 624 usque
777 571 988 624 gentiles,
1017 572 1175 625 quibus
1203 571 1329 625 leges
1357 572 1587 625 religionis
1619 574 1796 615 fuerunt

304 632 431 686 leges
453 634 590 682 vitae,
616 647 721 686 prae
745 633 1014 674 Christianis
1036 635 1257 687 recipiunt
1281 633 1534 675 doctrinam
1557 636 1613 676 de
1637 636 1795 677 Domi-

304 709 390 746 no;
418 702 464 737 et
484 696 528 736 id
552 698 789 750 praecipue
808 711 866 737 ex
889 710 1038 745 causa,
1058 698 1160 750 quia
1183 711 1273 737 non
1297 697 1431 737 aliam
1450 698 1598 738 ideam
1621 698 1677 739 de
1697 699 1796 739 Deo

302 759 558 800 habuerunt
579 772 712 812 quam
731 765 780 799 ut
802 759 858 799 de
882 759 1048 800 Divino
1069 760 1280 800 Homine.
1333 760 1460 800 Haec
1483 759 1602 801 dicta
1625 767 1729 802 sunt
1747 768 1797 802 ut

303 822 472 863 sciatur
501 823 619 862 unde
652 828 723 862 est
755 822 875 875 quod
907 835 986 875 per
1015 823 1214 863 “timere
1246 836 1412 863 nomen
1445 829 1570 863 tuum
1583 822 1602 838 '’
1627 823 1795 864 intelli-

301 892 438 937 gatur
465 886 614 926 colere
643 885 905 925 Dominum.

385 945 468 999 [b.]
513 946 671 986 Multis
699 947 741 986 in
771 945 882 986 locis
908 946 952 985 in
975 946 1134 986 Verbo
1160 946 1325 987 dicitur
1353 947 1552 987 “timere
1571 946 1795 999 Jehovam

302 1008 489 1057 Deum,”
515 1015 562 1049 et
589 1022 667 1061 per
698 1009 742 1048 id
769 1008 1039 1060 intelligitur
1067 1008 1244 1059 colere;
1283 1022 1419 1062 quare
1445 1010 1598 1063 paucis
1621 1010 1796 1050 dicetur

301 1071 528 1124 quodnam
557 1071 704 1111 cultus
731 1071 775 1111 in
802 1072 951 1124 specie
978 1071 1248 1124 intelligitur
1275 1085 1354 1124 per
1383 1073 1580 1113 “timere
1608 1072 1796 1113 Deum,”

302 1133 461 1175 Omnis
491 1133 639 1175 cultus
664 1134 867 1186 Jehovae
895 1134 979 1174 Dei
1012 1134 1095 1174 erit
1129 1148 1188 1174 ex
1221 1134 1342 1175 bono
1374 1135 1538 1175 amoris
1564 1148 1642 1188 per
1663 1149 1794 1186 vera;

301 1197 450 1238 cultus
483 1197 557 1250 qui
590 1211 648 1237 ex
682 1196 780 1237 solo
813 1196 935 1237 bono
967 1197 1132 1237 amoris
1159 1203 1244 1246 est,
1274 1210 1365 1237 non
1397 1204 1467 1238 est
1494 1197 1672 1247 cultus;
1710 1211 1792 1238 nec

300 1266 371 1301 est
413 1260 560 1301 cultus
602 1260 675 1313 qui
716 1265 786 1300 est
829 1273 888 1299 ex
931 1259 1038 1299 solis
1082 1260 1199 1300 veris
1236 1260 1405 1313 absque
1447 1260 1568 1300 bono
1605 1261 1794 1311 amoris;

300 1329 538 1376 utrumque
571 1324 668 1370 erit,
703 1335 808 1362 nam
842 1322 1086 1362 essentiale
1126 1322 1274 1363 cultus
1312 1329 1382 1363 est
1414 1323 1583 1363 bonum
1614 1323 1793 1371 amoris,

300 1387 380 1427 sed
406 1386 574 1426 bonum
602 1386 760 1426 existit
792 1391 838 1425 et
865 1384 1082 1425 formatur
1114 1399 1193 1438 per
1220 1399 1354 1436 vera;
1392 1385 1497 1426 inde
1529 1386 1674 1426 omnis
1701 1385 1794 1425 cul-

299 1456 372 1490 tus
399 1450 482 1489 erit
509 1462 586 1502 per
612 1462 717 1488 vera
750 1461 808 1488 ex
835 1447 981 1487 bono:
1023 1449 1125 1501 quia
1158 1449 1222 1488 ita
1254 1454 1338 1496 est,
1368 1448 1470 1488 ideo
1503 1449 1546 1488 in
1574 1447 1795 1502 plerisque

299 1512 411 1553 locis
433 1513 476 1552 in
501 1512 669 1560 Verbo,
695 1511 767 1551 ubi
790 1511 953 1551 dicitur
980 1512 1180 1552 “timere
1201 1511 1425 1564 Jehovam
1449 1511 1635 1560 Deum,”
1658 1511 1795 1552 etiam

299 1576 461 1616 dicitur
489 1575 755 1615 “custodire
787 1587 838 1614 ac
869 1573 1055 1614 “facere
1081 1574 1219 1614 verba
1251 1581 1298 1615 et
1330 1581 1575 1627 praecepta
1602 1574 1745 1628 Ipsius
1762 1574 1795 1625 ;''

299 1652 435 1692 quare
461 1638 520 1678 ibi
547 1651 623 1691 per
650 1638 848 1677 “timere
861 1636 880 1651 ’‘
903 1636 1186 1689 significatur
1212 1636 1362 1677 cultus
1388 1650 1466 1690 per
1491 1650 1610 1685 vera,
1639 1650 1690 1677 ac
1718 1651 1797 1690 per

301 1703 568 1743 “custodire
591 1707 636 1742 et
660 1700 838 1742 facere''
857 1700 1006 1740 cultus
1032 1714 1090 1740 ex
1114 1701 1234 1740 bono
1258 1701 1437 1748 amoris,
1457 1713 1561 1740 narn
1583 1699 1795 1741 “facere’'

298 1771 370 1806 est
402 1765 656 1806 voluntatis
688 1764 752 1804 ita
785 1764 950 1804 amoris
985 1769 1031 1803 et
1063 1764 1183 1812 boni,
1218 1777 1269 1803 ac
1301 1762 1532 1804 “timere’'
1558 1769 1628 1804 est
1659 1762 1794 1804 intel—

299 1827 442 1869 lectus
479 1829 543 1868 ita
574 1827 676 1868 fidei
709 1833 754 1867 et
786 1827 905 1877 veri;
951 1839 1055 1866 nam
1088 1839 1222 1866 omne
1255 1839 1408 1866 verum
1441 1826 1561 1879 quod
1592 1825 1694 1866 fidei
1725 1832 1795 1867 est

298 1892 474 1945 proprie
493 1897 562 1931 est
581 1888 855 1937 intellectus,
876 1895 921 1929 et
941 1902 1075 1929 omne
1094 1889 1262 1929 bonum
1285 1889 1403 1942 quod
1423 1889 1586 1929 amoris
1604 1895 1674 1929 est
1692 1902 1794 1942 pro-

297 1955 391 2008 prie
418 1961 487 1995 est
514 1953 791 1994 voluntatis:
826 1952 930 1993 inde
957 1952 1100 1992 videri
1127 1958 1283 2005 potest
1310 1952 1430 2005 quod
1459 1953 1634 1992 “timor
1656 1951 1793 2004 Jeho-

297 2032 381 2059 vae
409 2018 494 2058 Dei
510 2017 528 2032 ‘'
555 2018 732 2057 dicatur
757 2017 813 2056 de
847 2015 972 2056 cultu
1006 2029 1084 2068 per
1110 2029 1215 2055 vera
1241 2014 1488 2063 doctrinae,
1517 2029 1630 2068 quae
1657 2015 1794 2055 etiam

297 2095 404 2122 vera
430 2081 533 2121 fidei
559 2086 796 2121 vocantur.
861 2078 996 2131 Quod
1030 2079 1074 2118 id
1107 2078 1255 2119 cultus
1282 2078 1566 2131 intelligatur
1591 2092 1670 2132 per
1698 2079 1793 2119 “ti-

298 2158 470 2186 morem
492 2144 694 2196 Jehovae
723 2142 846 2191 Dei,''
870 2149 938 2183 est
968 2143 1069 2195 quia
1098 2142 1310 2182 Divinum
1335 2141 1505 2182 Verum
1528 2141 1634 2182 facit
1659 2142 1792 2182 timo-

297 2221 406 2257 rem,
428 2221 532 2248 nam
552 2208 740 2247 damnat
764 2206 908 2246 malos
931 2206 989 2246 ad
1011 2205 1232 2246 infernum
1251 2219 1260 2255 ;
1295 2218 1385 2245 non
1409 2211 1562 2245 autem
1582 2204 1793 2245 Divinum

298 2271 502 2321 Bonum;
546 2271 631 2311 hoc
670 2270 813 2310 aufert
845 2270 1206 2318 damnationem,
1240 2274 1458 2322 quantum
1495 2268 1538 2307 id
1576 2281 1654 2320 per
1689 2281 1795 2308 vera

297 2335 355 2375 ab
399 2334 583 2375 homine
629 2348 680 2375 ac
728 2333 895 2386 angelo
941 2333 1167 2385 recipitur.
1231 2331 1344 2372 Inde
1386 2337 1597 2371 constare
1639 2336 1794 2383 potest

297 2398 418 2452 quod
445 2404 625 2439 tantum
652 2398 710 2438 sit
744 2398 880 2437 timor
911 2410 992 2449 pro
1025 2396 1138 2444 Deo,
1173 2401 1393 2448 quantum
1426 2394 1565 2434 homo
1597 2394 1641 2433 in
1673 2393 1794 2433 bono

297 2463 463 2502 amoris
495 2468 592 2512 est;
632 2468 678 2502 et
711 2461 831 2515 quod
864 2467 1045 2501 tantum
1078 2473 1218 2512 pavor
1249 2465 1296 2499 et
1329 2464 1475 2499 terror
1499 2462 1791 2504 evanescant,

296 2531 343 2567 et
375 2525 485 2566 fiant
518 2527 654 2566 timor
686 2523 868 2565 sanctus
901 2537 1001 2564 cum
1034 2522 1306 2570 reverentia,
1334 2526 1552 2574 quantum
1585 2519 1723 2559 homo
1748 2519 1793 2559 in

295 2590 418 2630 bono
445 2590 608 2630 amoris
642 2595 725 2637 est,
756 2594 801 2628 et
834 2588 937 2628 inde
969 2587 1013 2627 in
1045 2587 1175 2634 veris,
1205 2585 1291 2625 hoc
1326 2590 1411 2631 est,
1441 2589 1660 2636 quantum
1686 2582 1792 2622 boni

297 2658 368 2694 est
399 2653 443 2693 in
475 2653 592 2692 veris
626 2651 731 2704 ejus.
795 2651 906 2691 Inde
934 2650 1138 2703 sequitur
1163 2648 1283 2702 quod
1317 2648 1452 2688 timor
1482 2646 1526 2685 in
1559 2644 1682 2685 cultu
1714 2658 1791 2684 va-

296 2717 385 2757 rius
417 2716 474 2756 sit
507 2715 624 2768 apud
652 2714 1010 2767 unumquemvis,
1040 2712 1287 2753 secundum
1315 2716 1488 2751 statum
1515 2707 1790 2759 vitae'ejus;

296 2786 343 2821 et
371 2793 548 2834 quoque
581 2778 700 2832 quod
729 2776 947 2818 sanffltas
974 2789 1075 2817 cum
1103 2774 1371 2822 reverentia,
1401 2786 1515 2826 quae
1547 2772 1697 2812 timori
1724 2771 1791 2811 in-

297 2849 367 2884 est
395 2843 512 2896 apud
540 2841 641 2882 illos
669 2842 742 2894 qui
768 2841 811 2880 in
838 2841 959 2880 bono
987 2844 1105 2887 sunt,
1131 2839 1268 2879 etiam
1295 2837 1418 2877 varia
1445 2836 1515 2884 sit,
1545 2834 1791 2875 secundum

296 2906 605 2959 receptionem
648 2904 754 2944 boni
795 2902 1049 2951 voluntate,
1094 2914 1144 2942 ac
1189 2900 1436 2941 secundum
1481 2897 1790 2951 receptionem
