1962 3334
569 281 675 314 CAP.
699 280 782 321 1x.,
805 280 944 312 VERs.
967 279 1113 311 2.—N.
1140 268 1305 323 54o[a].
1402 297 1408 302 -
1571 276 1674 320 1351

197 391 459 444 laetificant,
488 394 798 448 significantur
823 391 1085 447 principalia
1110 390 1248 432 falsa:
1282 389 1402 443 quod
1428 403 1487 430 ex
1513 388 1677 429 amori-

197 459 279 500 bus
310 460 400 499 suis
433 458 734 511 perverterint
764 457 885 496 bona
915 462 962 496 et
993 468 1113 503 vera,
1142 452 1419 506 significatur
1450 465 1529 505 per
1558 450 1679 504 quod

198 526 394 562 “omnes
424 520 735 561 adulterantes
768 520 882 559 sicut
915 518 1119 558 clibanus
1154 517 1365 556 incensus
1396 529 1422 554 a
1458 515 1628 567 pistore
1645 512 1679 563 ;”

199 583 510 625 “adulterari'’
536 581 760 635 significat
793 587 1051 634 pervertere
1081 579 1250 620 bonum
1283 584 1329 618 et
1360 578 1465 618 inde
1495 589 1678 626 verum;

197 653 486 699 comparatur
522 645 607 685 hoc
643 644 862 685 “clibano
893 643 1080 683 incenso
1116 656 1142 682 a
1178 640 1388 694 pistore‚”
1419 641 1521 693 quia
1552 652 1678 679 com-

196 709 388 762 pingunt
420 708 530 748 falsa
555 709 670 748 sicut
701 708 745 747 in
776 719 971 746 massam
998 705 1198 747 faventia
1223 704 1312 744 suis
1344 703 1596 743 amoribus:
1631 709 1679 743 et

196 772 299 824 quia
320 770 439 810 mala
461 777 507 810 et
532 770 645 810 falsa
666 783 756 809 non
779 774 1046 821 separantur
1067 781 1094 807 a
1119 767 1249 807 bonis
1272 772 1318 806 et
1344 766 1461 805 veris
1482 779 1596 818 quae
1619 779 1679 805 ex

197 832 337 873 Verbi
362 846 495 873 sensu
527 832 720 878 litterae,
749 831 828 871 sed
854 830 1116 877 cohaerent,
1144 829 1246 869 ideo
1273 829 1448 876 dicitur,
1478 827 1679 868 “Cessat

195 895 426 936 excitator
448 909 477 944 ⁴a
498 894 748 947 subigendo
771 906 966 933 massam
989 906 1128 945 usque
1151 892 1207 932 ad
1230 891 1627 931 fermentationem
1645 889 1680 941 ;‘’

198 957 523 999 “fermentatio
534 958 554 972 '’
576 956 800 1010 significat
824 956 1171 1009 separationem,
1196 955 1268 994 hic
1291 954 1410 1007 quod
1434 967 1524 993 non
1547 967 1679 1006 sepa-

196 1021 325 1069 ratio,
344 1021 446 1074 quia
463 1021 624 1061 dicitur
643 1019 843 1060 “Cessat
866 1032 892 1058 a
913 1017 1165 1070 subigendo
1188 1030 1384 1057 massam
1407 1017 1461 1056 ad
1486 1016 1679 1056 fermen-
1715 1062 1723 1071 ⁶

197 1083 470 1124 tationem:”
506 1083 650 1123 simile
682 1081 962 1134 significatur
992 1094 1071 1133 per
1102 1080 1222 1133 quod
1251 1079 1506 1132 “Ephraim
1538 1077 1680 1119 factus

196 1147 255 1187 sit
277 1146 449 1198 collyra
471 1159 560 1186 non
583 1158 802 1186 conversa
818 1143 852 1195 ;’'
878 1147 902 1164 ‘⁴
917 1143 1166 1196 Ephraim“
1188 1149 1258 1183 est
1281 1140 1538 1182 intellectus
1559 1143 1678 1182 veri:

196 1210 316 1262 quod
341 1209 445 1249 inde
471 1222 561 1248 non
588 1208 670 1247 nisi
696 1221 830 1260 quam
858 1206 977 1247 mala
1003 1220 1116 1259 quae
1139 1219 1342 1245 amorum
1370 1205 1562 1253 illorum,
1582 1206 1679 1258 qui-

196 1273 279 1312 bus
314 1271 427 1312 falsa
462 1271 631 1318 favent,
664 1269 942 1323 significatur
978 1283 1056 1322 per
1090 1268 1249 1308 “Tota
1281 1266 1414 1308 nocte
1452 1268 1680 1308 dormiens

197 1335 352 1388 pistor,
381 1347 512 1374 mane
538 1333 614 1373 ille
641 1333 803 1373 ardens
830 1333 947 1372 sicut
977 1332 1094 1384 ignis
1120 1331 1342 1378 flammae,
1372 1344 1530 1371 omnes
1557 1331 1680 1371 inca-

198 1397 375 1438 lescunt
406 1397 521 1436 sicut
557 1394 812 1445 clibanus;'‘
854 1401 1177 1447 comparantur
1208 1394 1365 1447 pistori
1402 1400 1449 1433 et
1485 1393 1679 1442 clibano,

197 1459 300 1512 quia
336 1459 634 1511 compingunt
674 1471 733 1498 ex
770 1457 893 1497 falsis
931 1455 1197 1503 doctrinam,
1237 1457 1352 1496 sicut
1394 1457 1538 1508 pistor
1574 1456 1682 1497 facit

197 1534 336 1574 panes
359 1527 406 1561 et
423 1520 617 1572 collyras
639 1520 682 1560 in
707 1520 911 1560 clibano:
946 1519 1064 1572 quod
1089 1520 1150 1559 sic
1175 1520 1326 1559 omnia
1348 1519 1467 1558 bona
1490 1525 1536 1558 et
1559 1533 1680 1567 vera,

198 1597 310 1636 quae
335 1583 421 1623 illis
448 1597 506 1623 ex
533 1583 687 1623 Verbo
714 1589 832 1630 sunt,
861 1582 1127 1635 deperdant,
1154 1581 1431 1634 significatur
1458 1595 1536 1633 per
1561 1581 1682 1634 quod

200 1646 480 1686 “comedent
501 1645 672 1697 judices
704 1659 821 1692 sum,
850 1652 898 1685 et
931 1658 1089 1685 omnes
1119 1658 1250 1696 reges
1283 1657 1437 1684 eorum
1464 1644 1683 1695 cadent;‘’

201 1707 434 1761 “judices”
453 1707 709 1760 significant
732 1708 851 1748 bona
870 1709 975 1755 veri,
996 1714 1042 1748 et
1064 1712 1088 1726 ¹⁴
1101 1720 1233 1759 reges
1246 1706 1263 1720 ’'
1282 1708 1378 1759 ipsa
1395 1721 1502 1746 vera
1520 1720 1528 1746 :
1563 1707 1684 1760 quod

197 1771 283 1811 hoc
306 1770 393 1811 illis
412 1769 503 1818 fiat,
523 1771 625 1823 quia
647 1783 737 1810 non
760 1784 786 1810 a
809 1770 1007 1811 Domino
1025 1769 1104 1809 sed
1126 1783 1152 1809 a
1170 1775 1313 1809 semet
1331 1769 1490 1809 volunt
1509 1783 1682 1822 sapere,

197 1832 475 1886 significatur
505 1846 584 1885 per
612 1832 755 1872 “Non
787 1831 990 1872 clamans
1021 1832 1140 1872 inter
1171 1845 1249 1871 eos
1282 1831 1338 1870 ad
1376 1831 1488 1871 Me.·''
1549 1830 1684 1884 Quod

198 1895 359 1935 similia
397 1908 475 1948 per
514 1894 591 1934 illa
627 1895 765 1934 verba
802 1894 1131 1946 intelligantur,
1171 1893 1317 1933 solum
1357 1907 1417 1933 ex
1457 1895 1685 1934 communi

197 1959 436 2009 intuitione
467 1957 607 1997 videri
645 1964 825 2010 potest;
868 1957 947 1996 sed
984 1956 1104 2009 quod
1141 1956 1318 2008 singula
1350 1955 1607 2008 significent
1638 1963 1684 1997 et

198 2020 455 2061 describant
478 2019 600 2067 talia,
626 2033 716 2060 non
739 2020 879 2059 videri
906 2025 1060 2071 potest
1084 2032 1216 2071 quam
1239 2032 1317 2071 per
1339 2032 1518 2059 sensum
1545 2019 1685 2060 inter-

199 2096 304 2123 num
322 2097 330 2132 ;
355 2090 403 2123 ut
421 2083 539 2135 quod
558 2096 636 2135 per
653 2086 677 2101 “
691 2082 862 2134 reges,”
880 2086 904 2101 ‘⁴
918 2081 1179 2134 principeS‚‘’
1198 2081 1402 2133 “judices
1415 2081 1434 2095 '’
1452 2089 1497 2121 et
1519 2081 1685 2121 “adul-

198 2146 439 2193 terantes,⁷'
471 2152 576 2186 tum‘
599 2159 677 2198 per
710 2144 975 2185 “clibanum
988 2143 1007 2158 ''
1045 2151 1092 2184 et
1132 2143 1427 2196 “pistorem‘’
1458 2144 1535 2184 illa
1571 2158 1687 2197 quae

199 2206 319 2249 dicta
345 2215 449 2248 sunt
476 2207 818 2260 intelligantur;
855 2207 919 2247 illi
946 2220 1121 2260 quoque
1153 2207 1226 2259 qui
1258 2207 1555 2259 compingunt
1581 2221 1688 2247 vera

199 2277 276 2310 aut
298 2270 408 2310 falsa
431 2277 479 2310 ut
503 2270 793 2317 cohaereant,
815 2270 952 2309 etiam
975 2270 1019 2309 in
1042 2269 1210 2308 mundo
1228 2269 1447 2321 spirituali
1464 2276 1687 2322 apparent

199 2339 248 2373 ut
275 2334 468 2386 pistores
495 2333 758 2385 subigentes
789 2345 999 2379 massam,
1023 2331 1158 2384 juxta
1189 2345 1301 2384 quos
1334 2332 1472 2371 etiam
1505 2338 1574 2372 est
1607 2332 1687 2372 cli-

199 2395 355 2435 banus.
418 2395 470 2435 In
504 2395 703 2441 Tltrenis,

265 2498 283 2511 ¹⁸
293 2496 403 2579 Cutis
417 2502 561 2528 nostrae
572 2497 662 2528 sicut
672 2494 867 2528 Ulclibanus
879 2495 1088 2535 denigratae
1099 2502 1193 2533 sunt,
1204 2502 1350 2536 propter
1361 2495 1538 2535 procellas
1553 2495 1659 2528 famis
1670 2494 1689 2508 ”

387 2550 418 2571 v.
440 2544 493 2579 10)
505 2551 512 2572 ε

201 2638 470 2679 lamentatio
501 2653 633 2692 super
669 2639 981 2692 deprivatione
1017 2639 1110 2679 veri
1146 2652 1198 2679 ac
1236 2639 1531 2679 inundatione
1563 2638 1687 2689 falsi;

204 2699 418 2739 “sames”
442 2699 671 2752 significat
697 2699 1063 2752 deprivationem
1088 2706 1134 2739 et
1162 2699 1387 2740 defeffim
1413 2700 1507 2739 veri
1532 2709 1691 2746 (videatur

200 2781 352 2810 supra,n.
370 2762 530 2813 386[e]),
556 2775 608 2802 ac
638 2761 907 2815 “procellae
937 2761 1090 2802 famis'’
1116 2775 1341 2802 summum
1372 2761 1614 2810 defectum,
1641 2768 1688 2802 et

202 2839 379 2879 quoque
399 2826 741 2867 inundationem
759 2825 870 2872 falsi,
892 2839 995 2866 nam
1014 2826 1086 2866 ubi
1109 2839 1199 2866 non
1218 2840 1323 2866 vera
1346 2826 1404 2866 ibi
1427 2832 1531 2866 sunt
1550 2825 1687 2875 falsa;

206 2892 232 2908 ‘⁴
245 2887 469 2941 procellae
481 2888 500 2903 ”
517 2890 561 2929 in
577 2888 730 2929 Verbo
749 2888 891 2929 simile
911 2887 1165 2941 significant
1184 2902 1285 2929 cum
1303 2889 1636 2929 “inundatione
1652 2887 1688 2928 :”
