1962 3334
630 247 736 280 CAP.
759 247 820 288 x.‚
843 246 980 279 VERs.
1001 245 1146 291 9.—N.
1175 204 1338 290 619[b].
1622 234 1729 288 1567

246 374 370 403 mum
391 361 599 403 Ecclesia
624 360 846 414 Antiqua,
869 365 916 400 et
942 365 1105 413 postea
1126 357 1336 399 Ecclesia
1362 356 1641 398 Israelitica:
1675 356 1732 398 de

214 431 219 435 ’
247 424 456 466 Ecclesia
482 424 687 477 Antiqua
717 423 879 464 dicitur
908 421 1030 476 quod
1055 425 1257 462 “ornata
1278 420 1409 461 fuerit
1441 434 1550 460 auro
1581 426 1628 461 et
1659 433 1732 460 ar-

246 487 431 540 gento,”
462 501 542 540 per
571 500 686 540 quae
718 484 998 538 significatur
1027 498 1156 525 amor
1186 484 1293 524 boni
1326 490 1372 525 et
1403 484 1511 531 veri,
1544 483 1618 536 qui
1649 482 1733 523 ho—

247 550 439 591 minibus
475 549 592 590 illius
629 548 849 590 ecclesiae
884 548 990 588 suit:
1035 547 1156 601 quod
1194 550 1390 588 “vestes
1426 546 1519 599 ejus
1555 546 1733 599 byssus,

247 613 438 653 sericum
470 619 516 653 et
548 609 844 665 acupi&um,”
869 609 1094 663 significat
1121 610 1409 662 cognitiones
1434 609 1527 650 veri
1561 608 1734 650 caeles-

247 675 318 723 tis,
346 674 587 728 spiritualis
612 681 659 715 et
686 673 929 723 naturalis;
974 673 1175 726 “byssus
1190 672 1210 688 ”
1240 671 1466 726 signifieat
1492 685 1648 713 verum
1676 686 1735 712 ex
1787 722 1790 723 ⁷

247 738 418 791 origine
443 736 645 785 caelesti,
676 737 904 777 “sericum
916 735 936 750 '’
960 748 1116 776 verum
1142 749 1201 776 ex
1228 736 1402 788 origine
1428 734 1662 788 spirituali,
1687 740 1735 775 et

249 798 571 853 “acupictum’'
609 811 764 840 verum
809 812 869 839 ex
920 798 1092 851 origine
1133 797 1342 845 naturali,
1385 797 1505 851 quod
1545 803 1737 838 vocatur

247 861 566 904 scientificum:
611 861 731 914 quod
764 860 1054 901 “comederit
1090 860 1299 908 similam,
1333 859 1422 900 mel
1461 866 1508 900 et
1545 859 1737 908 oleum‚'’

248 925 471 979 significat
494 924 832 978 perceptionem
852 924 944 964 veri
966 930 1012 964 et
1034 923 1142 964 boni
1164 922 1383 963 naturalis
1405 929 1453 963 et
1476 922 1735 976 spiritualis,

249 995 296 1031 et
322 988 735 1042 appropriationem
761 1000 943 1036 eorum;
984 986 1263 1027 “comedere
1276 985 1296 1000 ”
1321 985 1548 1039 significat
1573 998 1738 1039 appro-

250 1052 395 1106 priari,
427 1050 642 1091 “simila'‘
673 1062 841 1098 verum,
873 1048 1001 1090 “mel
1014 1048 1034 1063 '’
1064 1049 1234 1089 bonum
1266 1048 1487 1098 naturale,
1522 1054 1568 1089 et
1603 1047 1737 1089 “ole-

250 1113 355 1154 um''
393 1113 563 1154 bonum
603 1112 848 1165 spirituale,
891 1125 1006 1165 quae
1046 1111 1134 1152 illis
1179 1111 1470 1165 appropriata
1515 1116 1620 1152 sunt
1661 1124 1741 1164 per

250 1177 391 1217 vitam
429 1175 676 1216 secundum
713 1188 819 1215 vera
859 1188 992 1228 supra
1029 1181 1306 1215 memorata:
1352 1174 1472 1227 quod
1513 1173 1741 1227 “pulchra

249 1237 367 1280 facta
388 1239 446 1279 sit
468 1237 600 1278 valde
622 1237 883 1285 admodum,
908 1243 954 1278 et
981 1243 1248 1290 prosperata
1269 1250 1408 1290 usque
1425 1237 1484 1276 ad
1506 1236 1738 1289 regnum,''

251 1300 475 1354 significat
506 1300 626 1354 quod
663 1299 927 1352 intelligens
963 1306 1010 1340 et
1047 1300 1227 1352 sapiens
1264 1297 1382 1339 sacta
1413 1300 1484 1347 sit,
1515 1313 1654 1353 usque
1687 1306 1736 1340 ut

250 1364 309 1404 ab
342 1363 429 1404 illis
464 1362 681 1413 ecclesia3
722 1362 1048 1416 “pulchritudo
1064 1361 1084 1377 ''
1115 1361 1340 1415 significat
1385 1361 1740 1415 intelligentiam

251 1433 299 1468 et
329 1427 612 1480 sapientiam,
640 1438 691 1466 ac
722 1428 951 1478 “regnum
964 1424 984 1439 ”
1010 1423 1235 1477 significat
1269 1423 1522 1465 ecclesiam.
1583 1424 1651 1465 At
1684 1425 1741 1466 de

254 1488 460 1530 Ecclesia
498 1487 760 1536 Israelitica,
799 1501 912 1541 quae
949 1486 1095 1527 solum
1130 1486 1211 1527 fuit
1249 1487 1294 1527 in
1330 1487 1535 1527 externis
1571 1486 1741 1540 absque

253 1552 456 1599 internis,
484 1557 530 1591 et
561 1550 665 1591 inde
696 1550 903 1591 homines
934 1549 1027 1602 ejus
1058 1549 1235 1590 fuerunt
1267 1549 1552 1598 idololatrae,
1579 1549 1742 1590 dicitur

252 1613 373 1685 quod
401 1612 646 1661 “similam,
677 1612 767 1653 mel
798 1619 845 1653 et
877 1612 1026 1653 oleum
1053 1612 1261 1653 dederint
1293 1625 1446 1652 coram
1471 1611 1742 1664 imaginibus

254 1677 403 1725 maris,
427 1691 505 1717 seu
526 1676 674 1724 idolis,
698 1677 742 1716 in
765 1676 951 1716 odorem
974 1675 1178 1729 quietis,”
1200 1675 1286 1716 hoc
1309 1682 1394 1724 est,
1418 1675 1538 1729 quod
1561 1689 1742 1746 perver-

255 1740 394 1780 terint
420 1753 526 1779 vera
551 1746 598 1779 et
624 1739 744 1779 bona
769 1738 989 1779 ecclesiae
1015 1738 1059 1778 in
1085 1738 1197 1778 salsa
1228 1744 1274 1779 et
1301 1738 1434 1786 mala,
1463 1744 1510 1778 et
1542 1739 1605 1809 sic
1637 1751 1741 1791 pro-

253 1802 504 1842 fanaverint
530 1801 620 1842 illa.
683 1800 822 1854 Apud
848 1801 1056 1849 eundem,

320 1907 510 1950 “Jehudah
527 1912 562 1938 et
581 1912 675 1937 terra
692 1905 835 1937 Israelis
852 1905 996 1937 fuerunt
1012 1906 1255 1946 negotiatores
1272 1906 1321 1937 tui
1341 1906 1376 1937 in
1395 1906 1519 1937 triticis
1536 1905 1691 1937 minnith
1708 1912 1744 1937 et

428 1960 581 2034 pannag,
594 1956 640 2033 e)t:
642 1950 747 1980 melle
760 1957 795 1980 et
808 1950 889 1980 oleo
902 1955 938 1980 et
950 1949 1121 1987 balsamo,
1133 1950 1307 1981 dederunt
1322 1950 1603 1990 negotiationem
1617 1949 1743 1981 tuam”

443 2004 537 2025 xxvn
568 2001 606 2031 17

255 2089 367 2130 haec
393 2089 450 2130 de
476 2088 613 2141 Tyro,
638 2102 717 2141 per
741 2101 875 2142 quam
899 2087 1178 2140 significatur
1199 2087 1392 2129 ecclesia
1413 2089 1561 2142 quoad
1584 2089 1743 2142 cogni-

256 2153 404 2193 tiones
429 2152 521 2192 veri
546 2157 593 2192 et
619 2151 725 2191 boni
746 2165 755 2201 ;
793 2157 840 2191 et
866 2151 970 2191 inde
996 2165 1172 2204 quoque
1199 2165 1277 2204 per
1305 2151 1513 2204 “Tyrum
1525 2151 1545 2167 ‘’
1571 2152 1742 2205 signifi-

256 2221 416 2256 cantur
446 2214 731 2267 cognitiones
763 2214 855 2254 veri
892 2220 938 2254 et
975 2214 1082 2254 boni
1119 2227 1232 2267 quae
1269 2205 1374 2255 sunt
1405 2214 1652 2266 ecclesiae;
1694 2223 1742 2256 et

257 2291 335 2331 per
367 2276 526 2318 “mel''
557 2283 604 2317 et
638 2276 856 2316 “oleum’'
888 2275 1198 2329 significantur
1234 2277 1395 2317 similia
1430 2291 1544 2330 quae
1581 2292 1740 2331 supra:

257 2339 362 2394 quid
394 2353 472 2393 per
499 2338 790 2392 “Jehudam”
817 2345 863 2379 et
892 2342 1099 2379 “terram
1131 2338 1351 2388 Israelis,’‘
1378 2346 1474 2380 tum
1507 2354 1587 2393 per
1620 2342 1744 2381 “tri-

259 2403 350 2444 tica
384 2402 578 2443 minnith
616 2408 663 2443 et
700 2401 922 2455 pannag,”
959 2415 1125 2455 perque
1164 2402 1494 2451 “balsamum,''
1530 2410 1627 2444 tum
1664 2418 1745 2457 per

261 2465 658 2518 “negotiationem
690 2463 838 2517 Tyri,’'
869 2464 929 2504 ibi
965 2465 1010 2504 in
1042 2478 1176 2505 sensu
1207 2466 1426 2518 spirituali
1457 2466 1742 2520 intelligitur,

259 2539 394 2579 supra
415 2536 460 2574 (n.
474 2536 623 2577 433[c])
649 2525 936 2578 explicatum
960 2531 1046 2565 est.
1104 2525 1244 2582 Apud
1268 2526 1438 2575 Mosen,

326 2623 468 2655 “Terra
486 2623 673 2654 fluviomm
693 2633 815 2664 aquae,
833 2622 985 2654 fontium
1005 2629 1041 2654 et
1059 2624 1270 2664 abyssorum
1290 2626 1494 2656 exeuntium
1515 2636 1534 2657 e
1555 2626 1646 2657 valle
1670 2632 1705 2657 et
1724 2636 1744 2658 e

431 2673 564 2705 monte,
578 2673 672 2698 terra
687 2667 790 2698 tritici
809 2672 843 2697 et
859 2666 994 2703 hordei,
1011 2673 1046 2698 et
1062 2667 1154 2705 vitis,
1168 2674 1203 2699 et
1223 2668 1318 2706 ficus,
1336 2675 1370 2700 et
1387 2669 1632 2709 malogranati,
1651 2676 1746 2701 terra

432 2710 547 2741 olivae
563 2710 633 2741 olei
649 2716 685 2742 et
702 2710 818 2742 mellis
832 2709 849 2721 ”
867 2710 1004 2749 (Deutr.
1021 2710 1091 2742 viii.
1111 2718 1139 2749 7,
1158 2711 1210 2751 8);

262 2810 375 2852 haec
416 2811 472 2852 de
513 2818 633 2853 terra
674 2811 899 2861 Canaane,
938 2825 1017 2865 per
1056 2825 1190 2866 quam
1230 2813 1499 2866 intelligitur
1535 2813 1741 2861 ecclesia,

263 2886 376 2928 quae
411 2874 456 2915 in
490 2874 611 2916 bono
647 2874 848 2926 caelesti,
886 2875 1104 2928 spirituali
1140 2882 1187 2918 et
1224 2877 1431 2927 naturali,
1470 2890 1520 2918 ac
1558 2877 1661 2918 inde
1698 2876 1742 2917 in
