1962 3334
628 313 736 352 CAP.
758 313 821 356 x.‚
844 313 983 346 VERS.
1004 313 1152 346 2.—N.
1171 303 1342 359 600[a].
1447 286 1455 292 ⁵
1624 314 1730 359 1503

313 426 497 459 '‘Amabis
517 426 717 458 Dominum
739 426 856 458 Deum
881 432 983 460 tuum
1008 435 1053 458 ex
1072 431 1151 458 toto
1170 425 1279 457 corde
1298 431 1372 463 tuo,
1392 431 1428 457 et
1453 425 1490 456 in
1515 431 1593 457 tota
1611 425 1736 457 anima

418 476 491 508 tua,
508 476 544 502 et
561 470 598 501 in
614 476 694 502 tota
710 476 832 501 mente
849 475 933 507 tua:
955 470 1025 500 hoc
1043 475 1100 501 est
1117 469 1327 509 primarium
1345 475 1381 500 et
1397 478 1569 509 magnum
1587 469 1736 500 manda-

417 519 503 545 tum.
550 513 755 545 Secundum
771 513 892 545 simile
911 520 967 544 est
986 513 1048 551 illi,
1066 512 1220 544 Amabis
1239 513 1444 553 proximum
1465 519 1567 544 tuum
1587 513 1680 544 sicut
1698 517 1734 543 te

418 557 557 597 ipsum:
578 566 623 588 ex
634 557 692 588 his
705 557 848 588 duobus
861 557 1046 588 mandatis
1061 554 1172 598 [tota]
1190 556 1266 588 Lex
1281 562 1318 588 et
1333 556 1534 596 Prophetae
1547 554 1735 596 pendent”

417 600 563 641 (Mattk.
578 600 663 632 xxii.
681 598 819 642 37—39[,
839 597 934 642 4o]):

242 702 323 742 per
348 688 563 742 “Legem
593 695 641 729 et
668 687 952 742 Prophetas''
977 687 1251 741 intelligitur
1276 687 1480 728 Verbum
1510 688 1556 728 in
1587 687 1733 728 omni-

242 752 326 792 bus
356 757 404 792 et
435 751 651 804 singulis;
694 744 884 804 proinde
915 765 995 805 per
1030 751 1109 792 illa
1139 751 1278 792 verba
1309 750 1583 804 intelligitur
1612 749 1735 804 quod

242 815 395 856 omnia
414 820 462 856 et
484 814 662 868 singula
680 814 821 855 Verbi
844 815 1077 868 pendeant
1094 829 1155 855 ex
1176 815 1299 855 bono
1316 815 1482 855 amoris
1503 815 1549 854 in
1572 814 1733 855 Domi-

241 890 365 927 num,
392 884 441 919 et
466 892 527 919 ex
552 879 675 919 bono
700 878 940 919 charitatis
965 892 1076 932 erga
1101 878 1373 932 proximum.

866 1042 1003 1065 vtnsus
1027 1042 1102 1073 2-4.

310 1100 447 1155 ⁵⁹80
485 1115 547 1142 “ft
558 1116 684 1143 habebat
697 1117 727 1143 1η
742 1124 828 1143 manu
845 1124 900 1143 aua
915 1117 1041 1143 libellum
1059 1118 1201 1148 apertum,
1219 1118 1250 1143 et
1266 1117 1366 1149 posuit
1381 1117 1483 1148 pedem
1501 1124 1584 1143 suum
1602 1117 1736 1143 dextrum

241 1160 331 1186 super
346 1161 435 1187 mm,
455 1157 486 1183 et
502 1157 655 1183 sinistrum
674 1164 764 1189 super
781 1158 899 1183 terram.
936 1157 958 1183 Ε
988 1157 1126 1183 clamavit
1144 1164 1212 1183 voce
1229 1164 1343 1190 mayn«,
1359 1157 1438 1183 sicut
1455 1158 1499 1183 leo
1517 1157 1604 1189 rum't,
1623 1158 1656 1183 et
1672 1163 1736 1183 eum

240 1193 379 1220 clamauit
391 1195 488 1221 locuta
502 1197 573 1222 eunt
585 1196 698 1226 septem
714 1195 845 1221 tur-{trun
862 1202 934 1221 suas
1004 1202 1048 1221 es.
1085 1194 1125 1224 Ε(
1138 1202 1201 1221 oum
1219 1196 1316 1221 locuta
1332 1197 1404 1222 sunt
1417 1197 1530 1227 septem
1544 1195 1674 1222 tonitrua
1688 1202 1738 1222 oo-

240 1238 291 1259 ces
302 1239 384 1264 suas,
390 1233 514 1266 futurae
525 1241 589 1261 sum
601 1234 731 1261 seribere
739 1242 750 1264 ,·
769 1236 800 1261 et
813 1234 914 1260 audiun·
928 1241 1024 1261 vocem
1036 1241 1054 1260 e
1066 1235 1148 1261 eaelo
1160 1234 1304 1261 dleentem
1319 1235 1399 1266 mihi,
1414 1234 1540 1267 obetqna
1554 1241 1628 1268 quae
1641 1235 1738 1261 locuta

240 1272 311 1298 wat
323 1273 436 1304 centem
451 1272 590 1302 tonitrua.
606 1274 638 1299 et
651 1279 687 1299 ne
705 1273 757 1299 illa
771 1273 919 1300 scribasst

286 1351 318 1376 2.
351 1343 415 1377 *et
426 1343 574 1378 habebat
594 1344 629 1378 in
653 1355 756 1378 manu
778 1355 846 1379 sem
862 1345 1011 1378 libellum
1028 1346 1216 1388 apertum‚''
1232 1345 1398 1387 significat
1424 1346 1562 1377 Verbum
1579 1345 1736 1387 manifes-

416 1393 524 1420 tatum
544 1389 596 1432 [n.
615 1389 697 1432 599]
710 1401 720 1428 3
746 1392 803 1422 “ei
814 1390 935 1432 posuit
944 1390 1068 1433 pedem
1081 1400 1184 1423 suum
1198 1390 1355 1423 dextrum
1369 1400 1477 1433 super
1493 1399 1599 1427 mare,
1613 1392 1651 1423 et
1662 1390 1736 1423 sin-

416 1432 542 1466 istrum
557 1443 665 1475 super
681 1434 839 1470 terram,”
855 1433 1019 1476 significat
1042 1446 1174 1466 sensum
1190 1435 1323 1466 litterae
1344 1435 1407 1477 qui
1420 1435 1603 1473 naturalis,
1619 1435 1659 1466 in
1674 1445 1739 1477 quo

415 1482 498 1508 sunt
510 1478 627 1509 omnia
642 1478 727 1509 caeli
739 1483 771 1509 et
783 1479 932 1509 ecclesiae
950 1478 1002 1521 [n.
1020 1478 1119 1522 600].

218 1564 223 1570 .
285 1547 319 1581 3.
351 1539 415 1573 Ἐἰ
427 1539 592 1574 clamarit
608 1551 688 1574 voce
704 1551 828 1584 magna
844 1542 939 1576 sicut
960 1543 1014 1575 leo
1030 1542 1150 1585 rugit?
1167 1541 1331 1584 significat
1347 1543 1605 1585 testificationem
1615 1543 1739 1584 gravis

415 1586 538 1616 doloris
545 1590 684 1627 propter
692 1587 923 1618 desolationem
939 1587 1073 1618 Divini
1093 1587 1170 1618 Veri
1184 1588 1222 1618 in
1238 1588 1368 1618 ecclesia
1388 1587 1439 1629 [n.
1457 1586 1562 1628 601];
1588 1589 1646 1620 “ei
1659 1596 1737 1619 cum

416 1629 587 1667 clamavit,
605 1630 719 1662 locuta
735 1633 821 1663 sunt
840 1633 973 1674 septem
990 1630 1141 1664 tonitrua
1156 1640 1244 1664 suas
1270 1632 1401 1668 νοσεε,”
1416 1630 1577 1672 significat
1593 1631 1736 1662 instruc-

415 1674 537 1704 tionem
553 1685 570 1705 e
585 1675 670 1705 caelo
685 1679 716 1705 et
719 1676 959 1716 perceptionem
974 1676 1015 1706 de
1029 1680 1119 1706 statu
1135 1676 1253 1706 ultimo
1268 1676 1415 1707 ecclesiae
1433 1675 1486 1718 [n.
1504 1674 1603 1718 602].

283 1744 318 1776 4.
351 1735 414 1769 “tt
428 1746 505 1769 cum
522 1737 636 1770 locuta
652 1740 737 1771 sunt
750 1740 883 1780 septem
900 1737 1051 1771 tonitrua
1070 1748 1172 1771 voces
1187 1748 1284 1775 suas,
1302 1740 1444 1771 futurus
1459 1748 1538 1772 sum
1554 1738 1736 1775 scribere?

417 1780 582 1822 significat
605 1782 695 1823 quod
714 1782 812 1812 illum
835 1787 959 1813 statum
983 1783 1199 1824 manifestare
1213 1783 1312 1814 vellet
1338 1783 1389 1825 [n.
1408 1782 1512 1825 603];
1542 1785 1602 1816 “et
1620 1781 1739 1816 audivi

420 1834 534 1858 rocem
548 1834 568 1857 e
584 1826 680 1858 caelo
696 1825 864 1859 dicentem
881 1825 973 1862 mihi,
992 1826 1139 1869 Obsiyna
1155 1836 1244 1869 quae
1268 1827 1383 1860 locutu
1399 1829 1484 1860 sunt
1496 1829 1631 1870 septem
1648 1827 1737 1860 roni-

416 1871 507 1906 trua,
525 1871 562 1902 et
574 1879 619 1902 ne
634 1869 693 1902 illa
709 1869 874 1907 sev-ibas:⁷
890 1870 1051 1912 signifieat
1065 1872 1266 1902 mandatum
1283 1882 1304 1902 a
1320 1871 1482 1910 Domino,
1498 1876 1538 1902 ut
1559 1872 1621 1903 illa
1637 1882 1736 1903 reser—

415 1918 549 1951 ventur,
565 1918 598 1944 et
612 1915 763 1945 nondum
780 1915 1040 1956 manifestentur
1057 1915 1109 1958 [n.
1128 1914 1227 1957 604].

226 2030 249 2039 -
318 2010 458 2054 599.
487 2011 594 2050 [Vers.
610 2013 653 2050 2.]
683 2002 763 2042 “Et
774 2002 952 2043 habebat
967 2002 1008 2042 in
1028 2017 1150 2043 manu
1166 2015 1244 2043 sua
1266 2002 1439 2044 libellum
1455 2004 1738 2056 apel-tumst—

241 2059 376 2114 Quod
393 2061 619 2115 significet
648 2062 838 2104 Verbum
856 2064 1195 2115 manifestatum
1215 2071 1402 2105 constat
1424 2079 1485 2106 ex
1507 2065 1735 2118 significa-

241 2124 366 2165 tione
385 2124 568 2165 “libelli
584 2125 768 2179 aperti,'’
782 2126 902 2179 quod
920 2127 980 2167 sit
996 2126 1200 2167 Verbum
1220 2127 1563 2169 manifestatum
1581 2143 1591 2179 ;
1614 2130 1735 2183 quod

241 2185 419 2227 libellus
449 2194 634 2241 apertus
669 2188 714 2228 id
750 2189 822 2236 sit,
856 2195 1071 2230 constare
1109 2196 1266 2242 potest
1303 2204 1363 2230 ex
1399 2205 1468 2238 eo,
1502 2192 1624 2244 quod
1657 2205 1737 2245 per

243 2250 495 2303 “angelum
525 2251 691 2292 fortem
722 2252 1083 2293 descendentem
1111 2266 1135 2293 e
1168 2252 1321 2302 caelis,
1349 2254 1423 2307 qui
1456 2254 1657 2295 habebat
1688 2255 1733 2296 in

240 2325 379 2354 manu
409 2313 652 2362 libellum,'’
677 2321 1046 2368 repraesentetur
1077 2315 1299 2356 Dominus
1330 2317 1479 2369 quoad
1511 2317 1731 2366 Verbum,

239 2381 288 2417 et
317 2377 497 2430 quidem
528 2378 677 2431 quoad
708 2391 891 2419 sensum
923 2378 1016 2430 ejus
1048 2378 1271 2426 ultimum,
1299 2380 1373 2432 qui
1404 2387 1597 2422 vocatur
1627 2394 1732 2421 sen-

240 2450 315 2478 sus
337 2437 520 2479 litterae
542 2450 702 2487 (videatur
715 2459 865 2488 supra‚n.
880 2450 976 2492 593)
998 2454 1007 2490 ;
1039 2446 1087 2480 et
1108 2441 1214 2494 quia
1235 2440 1441 2482 Verbum
1464 2442 1734 2484 manifesta-

226 2504 338 2540 'tum
369 2506 440 2540 est
471 2506 567 2541 tam
599 2501 775 2554 angelis
807 2507 854 2542 et
886 2501 1158 2551 hominibus,
1186 2502 1290 2543 ideo
1321 2503 1485 2544 dicitur
1514 2503 1733 2545 “libellus

241 2563 463 2616 apertus.”

318 2623 544 2678 600[a].
582 2625 662 2665 “ft
686 2626 826 2678 posuit
850 2626 994 2678 pedem
1022 2639 1140 2667 suum
1166 2626 1359 2683 dextrum
1386 2640 1513 2680 supet·
1542 2641 1659 2668 mat-e
1692 2633 1738 2669 et

239 2681 447 2723 sinistrum
482 2697 609 2736 supet·
640 2685 936 2738 fanumst—Q
944 2686 1032 2726 uod
1073 2686 1304 2739 significet
1340 2701 1518 2728 sensum
1552 2688 1734 2729 litterae

238 2743 319 2797 qui
339 2745 575 2794 naturalis,
602 2746 648 2786 in
678 2761 761 2800 quo
791 2754 896 2788 sunt
924 2747 1070 2788 omnia
1099 2747 1212 2788 caeli
1236 2755 1280 2789 et
1307 2749 1520 2798 ecclesiae,
1544 2757 1730 2791 constat

175 2859 178 2861 Α
226 2819 300 2847 -ex
324 2807 657 2861 significatione
691 2809 935 2863 “pedum‚'’
968 2823 1070 2851 cum
1102 2810 1159 2851 de
1190 2811 1360 2864 angelo
1391 2825 1471 2865 per
1502 2825 1636 2865 quem
1662 2813 1731 2853 in-

175 2923 178 2926 *
239 2869 459 2923 telligitur
506 2871 726 2913 Dominus
775 2872 925 2926 quoad
970 2873 1188 2922 Verbum,
1235 2874 1355 2928 quod
1404 2875 1462 2915 sit
1513 2875 1726 2916 Divinum

240 2930 410 2975 Verum
441 2934 486 2975 in
517 2934 699 2985 ultimis,
728 2949 807 2977 seu
833 2935 1035 2978 Verbum
1066 2937 1111 2978 in
1143 2950 1278 2978 sensu
1310 2937 1518 2988 naturali,
1550 2938 1624 2992 qui
1656 2946 1727 2980 est
