1962 3334
332 244 437 297 1864
741 253 1072 287 APOCALYPSIS
1103 255 1401 289 EXPLICATA.

389 365 585 397 “Timeant
605 376 626 396 a
642 365 803 407 Jehovah
825 367 943 398 omnis
964 373 1065 405 terra,
1085 369 1130 399 ab
1152 368 1218 399 Illo
1238 369 1473 401 extimescant
1493 379 1619 402 omnes
1639 370 1815 402 habitato-

498 420 553 440 res
569 411 662 440 orbis
678 421 702 441 ;.
717 435 724 442 .
739 435 745 441 .
761 420 855 441 ‚ecce
872 411 994 442 oculus
1011 411 1169 452 Jehovae
1183 422 1290 452 super
1302 413 1508 444 timentibus
1524 413 1656 454 Ipsum,
1670 424 1815 455 exspec-

498 454 655 484 tantibus
674 454 951 485 misericordiam
973 454 1118 494 lpsius''
1135 455 1207 495 (Ps.
1226 456 1344 487 xxxiii.
1363 457 1392 492 8.
1411 454 1523 496 [¹118):

324 529 440 583 apud
464 520 676 578 eundem,

388 604 406 616 ‘⁴
420 602 686 642 Beneplacitum
707 603 865 644 Jehovae
886 610 940 635 est
960 604 994 635 in
1016 605 1223 636 timentibus
1246 605 1377 645 Ipsum,
1400 604 1689 646 exspectantibus
1709 607 1814 639 mise-

496 647 685 677 ricordiam
706 646 822 686 Ipsius
835 646 852 658 ”
869 647 941 687 (Ps.
960 648 1075 680 cxlvii.
1098 648 1149 688 11)
1165 660 1171 680 :

324 739 424 792 quia
453 739 627 779 “timor
650 739 886 791 Jehovae'’
914 740 1139 793 significat
1166 742 1475 794 receptionem
1509 742 1659 783 Divini
1686 742 1810 790 Veri,

325 809 371 842 et
407 802 780 842 “misericordia’'
813 805 1121 856 receptionem
1156 804 1306 845 Divini
1339 805 1466 854 Boni,
1500 806 1602 846 ideo
1635 806 1810 854 dicitur,

324 863 563 905 “Oculus'’
605 872 650 906 et
699 865 1083 919 “Beneplacitum
1122 868 1324 920 Jehovae
1370 882 1502 921 super
1546 869 1838 909 timentibus

323 928 489 980 Ipsum,
515 927 888 982 exspectantibus
912 931 1265 970 misericordiam
1291 931 1474 983 IpsiuS.''
1535 930 1672 985 Apud
1693 931 1811 972 Esa-

321 1004 424 1039 mm,

387 1082 406 1094 “
418 1080 658 1164 Hon(orabur3t
672 1081 723 1113 Te
737 1081 889 1122 populus
904 1088 1042 1122 potens,
1057 1082 1140 1113 urbs
1157 1082 1317 1122 gentium
1330 1082 1527 1114 validarum
1542 1083 1718 1114 timebunt
1734 1081 1784 1114 Te
1796 1081 1814 1094 ’'

508 1135 588 1155 xxv.
608 1133 626 1163 3
655 1134 661 1156 :

322 1216 392 1257 hic
426 1230 602 1270 quoque
640 1216 787 1257 cultus
825 1231 883 1257 ex
920 1217 1042 1257 bono
1081 1216 1361 1269 significatur
1397 1231 1476 1270 per
1509 1217 1814 1265 “honorare,''

322 1293 426 1319 nam
449 1279 595 1319 honor
617 1279 903 1332 praedicatur
925 1280 981 1320 de
1005 1280 1125 1320 bono
1148 1281 1340 1330 amoris;
1374 1287 1420 1321 et
1444 1279 1591 1321 cultus
1614 1294 1672 1320 ex
1695 1281 1811 1320 veris

322 1341 599 1395 significatur
621 1357 699 1395 per
719 1343 915 1383 “timere
940 1342 1226 1391 Dominum,”
1247 1349 1295 1383 ut
1317 1356 1451 1396 supra
1468 1341 1636 1383 dictum
1655 1356 1664 1392 ;
1695 1346 1812 1395 “po-

324 1405 452 1458 pulus
480 1412 644 1458 potens
660 1405 678 1420 '’
706 1405 931 1458 significat
959 1405 1169 1446 homines
1196 1406 1417 1446 ecclesiae
1443 1406 1516 1458 qui
1543 1406 1586 1445 in
1614 1405 1728 1445 veris
1755 1418 1813 1444 ex

322 1468 444 1508 bono
486 1475 605 1515 sunt,
646 1469 749 1508 inde
792 1469 911 1508 enim
954 1470 1102 1509 omnis
1144 1469 1376 1522 potentia:
1429 1468 1570 1509 “urbs
1611 1469 1814 1521 gentium

321 1531 602 1572 validarum'’
634 1530 858 1584 significat
897 1531 998 1571 illos
1040 1532 1112 1585 qui
1149 1533 1192 1571 in
1231 1532 1346 1572 veris
1384 1529 1616 1572 dofflinae
1654 1538 1700 1571 et
1737 1544 1815 1584 per

321 1593 398 1634 illa
424 1595 468 1633 in
494 1594 615 1634 bono
642 1594 835 1644 amoris;
869 1601 916 1634 et
943 1595 1045 1647 quia
1072 1595 1176 1634 inde
1204 1595 1350 1634 omnis
1376 1595 1583 1647 potentia
1609 1594 1813 1646 spiritua-

322 1656 389 1702 lis,
418 1657 519 1697 ideo
551 1657 761 1697 dicuntur
789 1661 995 1709 “gentes
1028 1656 1258 1697 validae:”
1294 1671 1352 1697 ex
1384 1656 1471 1696 illis
1503 1657 1650 1696 verbis
1677 1656 1814 1696 etiam

323 1720 560 1763 manifeste
583 1727 712 1773 patet
736 1721 855 1773 quod
879 1720 1137 1773 conjugium
1161 1721 1266 1760 boni
1293 1727 1339 1760 et
1364 1721 1456 1760 veri
1482 1721 1539 1760 sit
1562 1720 1604 1759 in
1628 1718 1814 1771 singulis

322 1783 476 1831 Verbi,
519 1783 781 1823 “honorare
797 1783 816 1798 ’'
853 1784 972 1823 enim
1017 1784 1178 1823 dicitur
1219 1784 1274 1823 de
1315 1784 1450 1831 bono,
1492 1781 1720 1823 “timere‘’
1757 1782 1812 1822 de

322 1860 445 1894 vero,
475 1853 711 1899 utrumque
738 1847 781 1886 in
805 1846 955 1895 cultu;
1002 1846 1232 1899 “populus
1247 1845 1265 1860 ''
1292 1846 1453 1886 dicitur
1480 1846 1535 1885 de
1561 1845 1647 1885 illis
1673 1844 1746 1897 qui
1771 1845 1814 1884 in

322 1910 438 1949 veris
461 1916 506 1949 et
530 1923 608 1962 per
629 1909 706 1949 illa
728 1910 771 1949 in
798 1909 919 1949 bono
943 1915 1062 1957 sunt,
1090 1913 1292 1961 “gentes
1308 1908 1327 1923 ”
1352 1915 1503 1948 autem
1527 1908 1600 1960 qui
1626 1907 1669 1947 in
1692 1907 1813 1947 bono

323 1979 370 2013 et
401 1986 459 2012 ex
492 1972 569 2012 illo
601 1973 645 2012 in
677 1973 820 2022 veris3
863 1978 909 2012 et
943 1972 1043 2025 quia
1075 1986 1134 2012 ex
1164 1969 1481 2023 conjunctione
1507 1971 1614 2010 boni
1646 1975 1691 2010 et
1723 1970 1815 2009 veri

323 2042 392 2075 est
431 2036 576 2075 omnis
614 2036 823 2088 potentia
862 2036 906 2075 in
946 2034 1164 2088 spirituali
1202 2034 1385 2081 mundo,
1419 2034 1520 2073 ideo
1555 2031 1815 2085 “populus’'

326 2098 489 2139 dicitur
517 2098 758 2151 “potens,'‘
785 2104 830 2138 et
861 2097 1091 2150 “gentes’'
1118 2097 1327 2137 dicuntur
1356 2094 1608 2136 “validae”

408 2169 497 2222 [CL]
547 2169 744 2209 “Timor
781 2167 1018 2221 Jehovae'’
1049 2167 1276 2220 significat
1317 2166 1505 2214 cultum,
1537 2166 1582 2206 in
1621 2178 1710 2218 quo
1745 2171 1815 2205 est

326 2231 548 2271 sanctitas
594 2244 672 2284 per
716 2244 836 2278 vera,
871 2231 1009 2270 etiam
1054 2229 1097 2269 in
1145 2228 1437 2282 sequentibus
1479 2226 1815 2280 locisz—-Apud

323 2293 527 2341 Esaiam,

391 2385 409 2397 ‘⁴
421 2383 492 2415 Cor
503 2382 520 2394 ’‘
535 2382 656 2423 populi
672 2384 690 2396 ⁴‘
701 2382 822 2422 procul
837 2382 983 2412 recessit
999 2391 1019 2411 a
1038 2380 1108 2418 Me,
1123 2386 1157 2411 et
1175 2378 1290 2411 faetus
1308 2385 1363 2411 est
1379 2379 1486 2410 timor
1502 2388 1624 2410 eorum
1643 2388 1728 2418 erga
1745 2377 1814 2416 Me,

499 2432 726 2466 praeceptum
743 2426 929 2456 hominum
947 2423 1091 2455 doctum
1104 2423 1121 2435 '¹
1139 2424 1244 2464 (xxix.
1263 2423 1315 2463 13)
1331 2432 1338 2461 ;

325 2502 443 2557 apud
470 2502 678 2550 eundem,

393 2577 410 2590 ‘⁴
423 2575 510 2616 Quis
531 2575 624 2606 inter
644 2585 709 2605 vos
730 2574 860 2605 timens
877 2573 1046 2615 Jehovae,
1068 2573 1217 2604 audiens
1238 2582 1361 2603 vocem
1383 2572 1476 2603 servi
1498 2571 1640 2612 Ipsius?
1663 2571 1721 2612 qui
1741 2581 1816 2602 am-

500 2619 598 2649 bulat
619 2618 652 2648 in
676 2618 842 2655 tenebris,
862 2627 925 2648 nec
945 2617 1115 2657 splendor
1135 2617 1194 2654 illi,
1213 2615 1359 2647 confidit
1378 2616 1413 2646 in
1434 2615 1579 2646 nomine
1595 2615 1762 2657 Jehovae,
1780 2621 1815 2646 et

500 2662 663 2693 innititur
681 2661 758 2692 Deo
775 2671 840 2692 suo
852 2660 869 2671 '’
886 2661 920 2700 (l.
941 2663 993 2700 10)
1011 2670 1018 2698 ;

327 2739 444 2792 apud
470 2737 729 2785 Jeremiam,

393 2805 580 2837 “Audient
597 2814 703 2835 omne
723 2805 856 2834 bonum
877 2803 970 2844 quod
993 2803 1068 2843 Ego
1086 2803 1220 2834 faciens
1242 2802 1320 2839 illis,
1337 2808 1376 2833 ut
1395 2802 1544 2832 timeant
1560 2807 1595 2832 et
1611 2810 1812 2832 commove-

499 2854 604 2879 antur
624 2857 729 2887 super
753 2848 850 2878 omni
876 2849 982 2884 bon0,
1003 2854 1038 2878 et
1062 2857 1166 2886 super
1191 2846 1290 2877 omni
1310 2855 1405 2886 pace,
1426 2855 1531 2886 quam
1558 2844 1633 2884 Ego
1653 2842 1809 2875 fadlurus

501 2892 549 2922 illi
561 2891 577 2902 '’
595 2891 725 2932 (xxxiii.
744 2892 797 2931 9);
