1962 3334
316 332 420 384 1468
725 341 1059 375 APOCALYPSIS
1091 343 1390 376 EXPLICATA.

312 455 634 509 intelligentia,
677 456 780 497 ideo
821 456 998 506 dicitur,
1036 460 1186 511 “quae
1228 457 1429 498 fecerunt
1473 457 1601 498 vobis
1642 470 1801 499 manus

310 525 491 559 vestrae
509 518 544 559 :’'
577 519 697 572 quod
724 526 832 560 tunc
860 533 951 560 non
978 527 1108 561 erunt
1139 521 1377 561 ratiocinia
1408 534 1468 561 ex
1500 520 1680 569 talibus,
1709 520 1800 573 sig-

311 581 517 622 nificatur
538 595 617 635 per
639 581 759 635 quod
778 585 923 623 “tunc
943 583 1077 623 cadet
1096 582 1316 624 Aschur.”
1377 582 1515 636 Apud
1538 582 1798 631 Jeremiam,

376 677 605 717 “Argentum
627 683 816 709 extensum
838 688 882 709 ex
901 678 1165 710 Tharschischo
1185 679 1352 717 adfertur,
1374 686 1409 711 et
1428 689 1552 711 aurum
1578 689 1622 711 ex
1642 657 1802 719 Uphaso,

485 731 576 760 opus
594 721 685 752 fabri
703 727 737 752 et
754 731 926 753 manuum
940 722 1157 760 conflatoris,
1175 723 1448 764 hyacinthinum
1467 729 1502 755 et
1519 733 1675 764 purpura
1691 723 1802 754 vestis

484 762 608 805 [¹]ejus,
627 774 717 805 opus
735 765 939 805 sapientum
957 765 1062 797 tota'’
1078 765 1123 806 (x.
1141 766 1195 807 9);

309 860 578 901 describitur
603 860 669 900 ita
695 859 855 900 falsum
882 867 928 901 et
961 860 1130 901 malum
1157 861 1386 914 religionis
1419 868 1465 902 et
1497 861 1659 911 cultus,
1688 876 1802 916 quae

310 922 634 964 confirmantur
660 937 718 963 ex
746 937 879 963 sensu
906 923 1090 965 litterae
1117 924 1284 975 Verbi;
1321 928 1604 978 “argentum
1636 932 1802 966 exten-

314 999 413 1026 sum
441 1000 500 1026 ex
524 985 894 1027 Tharschischo’'
917 986 1144 1040 significat
1170 1001 1276 1027 vera
1299 987 1440 1028 Verbi
1466 989 1511 1028 in
1537 987 1615 1029 illo
1642 1001 1802 1038 sensu;

309 1056 356 1090 et
396 1053 589 1089 “aurum
626 1063 685 1089 ex
722 1049 945 1102 Uphaso''
982 1049 1207 1103 significat
1245 1050 1413 1091 bonum
1450 1050 1599 1095 Verbi,
1632 1052 1676 1092 in
1725 1051 1803 1092 illo

309 1127 470 1163 sensu;
509 1119 555 1153 et
582 1113 684 1166 quia
710 1112 822 1153 falsa
854 1119 900 1154 et
934 1113 1054 1153 mala
1086 1112 1163 1153 illa
1195 1127 1254 1154 ex
1287 1114 1467 1167 propria
1496 1113 1802 1168 intelligentia

310 1183 430 1225 sunt,
459 1176 561 1216 ideo
591 1182 814 1216 vocantur
843 1179 994 1230 “opus
1026 1175 1136 1216 fabri
1168 1183 1213 1217 et
1246 1189 1459 1216 manuum
1491 1177 1750 1218 conflatoris
1769 1178 1803 1228 ;'’

309 1240 448 1280 etiam
475 1251 629 1279 verum
656 1238 761 1278 boni
794 1245 840 1280 et
872 1239 1041 1280 bonum
1068 1240 1160 1280 veri
1187 1253 1245 1280 ex
1278 1253 1412 1280 sensu
1439 1239 1619 1281 litterae
1646 1240 1801 1289 Verbi,

309 1316 389 1355 per
411 1316 525 1355 quae
549 1296 819 1342 confirmant
847 1308 894 1342 et
917 1302 1043 1355 quasi
1070 1302 1318 1343 investiunt
1345 1302 1458 1343 falsa
1479 1302 1585 1343 mali
1611 1309 1657 1344 et
1684 1303 1804 1344 mala

309 1365 408 1406 salsi
431 1379 545 1418 quae
572 1379 630 1405 ex
658 1366 837 1418 propria
863 1364 1186 1418 intelligentia,
1211 1365 1524 1418 significantur
1546 1379 1625 1419 per
1649 1369 1674 1386 “
1690 1366 1803 1419 hya-

309 1428 562 1469 cinthinum
589 1434 635 1468 et
663 1441 902 1481 purpuram
926 1442 1039 1482 quae
1065 1429 1220 1476 vestis,
1245 1442 1357 1481 opus
1382 1430 1638 1482 sapientum
1662 1429 1802 1470 tota.”

311 1491 551 1532 Praeterea
582 1505 661 1544 per
689 1495 839 1544 “opus
871 1491 997 1539 fabri,
1026 1490 1209 1532 artificis
1241 1498 1287 1531 et
1322 1490 1534 1544 opificiS,”
1560 1492 1605 1532 in
1632 1491 1801 1540 Verbo,

310 1556 448 1595 etiarn
475 1553 753 1607 significatur
779 1553 872 1595 tale
898 1553 1147 1602 doctrinae,
1175 1554 1406 1607 religionis
1433 1560 1479 1595 et
1506 1554 1654 1596 cultus
1681 1556 1802 1608 quod

309 1632 368 1658 ex
392 1618 569 1671 propria
591 1617 909 1670 intelligentia.
973 1617 1085 1658 Inde
1108 1624 1205 1658 erat
1228 1618 1348 1671 quod
1372 1617 1530 1666 altare,
1555 1624 1601 1658 et
1625 1632 1802 1672 quoque

309 1680 546 1733 templum,
574 1695 633 1721 ex
664 1681 883 1721 mandato
915 1680 1204 1722 aedificatum
1235 1681 1366 1721 fuerit
1398 1695 1457 1721 ex
1485 1680 1707 1734 lapidibus
1734 1682 1801 1722 in-

309 1744 463 1796 tegris,
504 1750 550 1784 et
592 1757 682 1784 non
724 1744 782 1784 ab
822 1743 972 1797 aliquo
1012 1743 1138 1784 fabro
1184 1749 1260 1784 aut
1306 1743 1477 1784 artifice
1515 1744 1671 1785 caesis.
1733 1744 1803 1785 De

310 1806 535 1847 altari'ita
562 1806 728 1860 legitur
753 1807 871 1860 apud
896 1806 1064 1855 Mosen,

377 1896 440 1928 “Si
457 1896 570 1928 altare
587 1896 746 1936 lapidum
766 1896 878 1928 facias
898 1895 999 1933 Mihi,
1018 1906 1091 1927 non
1110 1896 1313 1928 aedificabis
1335 1895 1415 1927 illos
1433 1905 1567 1934 caesos,
1586 1896 1668 1937 quia
1687 1896 1716 1928 si
1737 1906 1802 1928 cae-

485 1940 691 2025 ἰιὲῐηΑωέΞῐίι)
705 1940 873 1998 ‘moveris
902 1949 1010 1980 super
1041 1940 1112 1977 illo,
1139 1939 1349 1980 profanabis
1378 1938 1491 1971 illud''
1520 1939 1642 1979 (Exod.
1673 1949 1729 1972 xx.
1760 1948 1800 1972 22

310 2073 357 2108 et
383 2066 502 2120 apud
525 2066 784 2114 Josclzuam,

376 2144 394 2157 “
404 2141 618 2174 Aedificavit
628 2141 785 2183 Joschua
797 2141 925 2173 altare.
939 2166 947 2174 .
961 2167 968 2174 .
983 2167 990 2174 .
1001 2141 1078 2172 Deo
1091 2140 1236 2173 Israelis
1248 2141 1283 2172 in
1298 2140 1424 2172 Monte
1437 2141 1536 2179 Ebal,
1546 2166 1553 2173 .
1569 2166 1575 2173 .
1590 2165 1597 2173 .
1611 2141 1738 2173 .altare
1749 2142 1800 2173 la-

485 2186 607 2226 pidum
625 2186 857 2225 integrorum,
875 2195 982 2226 super
999 2195 1088 2226 quos
1106 2195 1179 2216 non
1198 2191 1361 2216 moverat
1377 2184 1539 2216 ferrum¹'
1556 2185 1639 2225 (viii.
1654 2193 1708 2224 30,
1723 2186 1798 2224 31):

310 2281 356 2316 et
384 2275 440 2316 de
467 2273 655 2328 templo,
683 2274 728 2314 in
753 2273 891 2314 Lz'bro
915 2273 1071 2314 Primo
1095 2274 1280 2327 Regum,

375 2357 591 2397 “Templum
618 2356 895 2397 Hierosolymae
920 2356 1145 2387 aedificatum
1170 2362 1240 2388 est.
1255 2381 1262 2388 .
1277 2381 1284 2388 .
1299 2366 1358 2388 .ex
1384 2356 1500 2397 lapide
1528 2356 1668 2396 integro
1693 2362 1798 2397 prout

483 2401 670 2432 allatus...
686 2425 692 2432 .
713 2410 719 2437 ;
746 2410 828 2431 nam
847 2401 998 2431 malleus
1016 2406 1077 2431 aut
1094 2400 1239 2438 securiS,
1258 2400 1331 2430 ulla
1349 2400 1589 2431 instrumenta
1608 2400 1703 2438 ferri,
1722 2410 1795 2431 non

481 2445 605 2476 audita
621 2450 705 2475 sunt
722 2445 757 2475 in
775 2444 884 2475 domo
902 2453 983 2475 cum
1001 2443 1274 2475 aedificaretur”
1292 2443 1350 2483 (vi.
1366 2443 1409 2483 7).

307 2539 473 2580 Altare
496 2544 542 2579 et
565 2544 726 2592 postea
749 2537 971 2590 templum
995 2543 1125 2578 erant
1149 2538 1388 2590 praecipua
1410 2537 1799 2590 repraesentativa

308 2602 491 2643 Domini
514 2601 662 2655 quoad
686 2601 899 2641 Divinum
918 2600 1095 2640 Bonum
1120 2606 1166 2640 et
1190 2600 1338 2652 quoad
1362 2599 1574 2640 Divinum
1597 2599 1795 2650 Verum;

307 2679 443 2718 quare
476 2678 553 2717 per
582 2663 831 2716 “lapides,'’
858 2677 918 2704 ex
949 2663 1108 2716 quibus
1134 2661 1373 2703 aedificata
1398 2668 1542 2711 erant,
1570 2660 1797 2715 significa-

307 2728 471 2768 bantur
502 2741 608 2767 vera
640 2724 886 2774 doctrinae,
920 2725 1151 2778 religionis
1183 2731 1228 2765 et
1262 2724 1437 2775 cultus;
1478 2725 1689 2778 “lapides
1702 2724 1721 2739 ”
1752 2726 1797 2765 in

306 2789 463 2830 Verbo
495 2790 633 2830 etiam
666 2788 923 2841 significant
960 2801 1090 2829 vera:
1135 2801 1189 2828 ne
1227 2788 1379 2841 itaque
1416 2788 1532 2828 veris
1564 2786 1796 2829 doctrinae

307 2859 354 2893 et
387 2853 490 2893 inde
523 2852 663 2893 cultui
697 2851 864 2905 aliquid
901 2866 960 2892 ex
997 2852 1176 2904 propria
1207 2851 1514 2904 intelligentia
1540 2851 1793 2899 accederet,

307 2923 353 2956 et
377 2922 708 2968 consequenter
730 2916 914 2964 inesset,
935 2922 1325 2968 repraesentatum
1345 2921 1415 2956 est
1438 2928 1516 2968 per
1538 2914 1657 2968 quod
1681 2914 1793 2967 lapi-

307 2978 387 3019 des
417 2977 650 3031 “integri'’
683 2984 835 3019 essent
869 2984 914 3019 et
948 2991 1038 3018 non
1074 2977 1269 3027 “caesi,”
1302 2992 1360 3019 ex
1393 2977 1551 3031 quibus
1583 2975 1794 3018 aedifica-

1922 2684 1946 2749 qm.
