1962 3334
315 258 346 327 ἰ’
569 293 675 326 ς-ΑΡ.
698 293 779 334 XL,
802 282 1320 338 VERs.15.-N.684[c].
1413 344 1416 347 Α
1467 273 1469 275 ’
1584 283 1688 336 1817

205 406 328 447 Deus
353 404 455 447 tuus
480 405 582 447 oleo
613 406 763 459 gaudii
795 419 899 458 prae
925 406 1056 446 sociis
1082 406 1170 446 tuis
1187 405 1220 456 ;”
1259 408 1446 446 “amare
1467 404 1688 458 justitiam

202 475 250 510 et
279 468 384 509 odio
413 469 579 509 habere
605 468 800 509 malum”
826 467 1050 520 significat
1075 468 1301 509 vindicare
1333 468 1477 508 bonos
1503 482 1529 508 a
1560 468 1687 507 dam—

202 532 385 572 natione
411 531 686 574 destruendo
712 531 868 579 malos,
895 535 1102 583 “ungere
1127 530 1229 571 oleo
1254 530 1405 583 gaudii
1420 530 1439 545 ”
1464 529 1687 583 significat

202 594 326 634 unire
351 593 410 635 Se
434 608 512 647 per
532 593 739 635 vi6'mrias
763 595 807 634 in
831 594 1173 642 tentationibus,
1201 593 1375 641 “Deus‚
1401 593 1524 633 Deus
1547 593 1687 641 tuus‚'’

186 648 424 709 ·significat
455 657 702 697 unitionem
738 657 1013 708 reciprocam
1051 656 1249 696 Humani
1285 669 1386 696 cum
1424 656 1601 704 Divino,
1635 669 1686 696 ac

202 717 352 760 Divini
388 733 490 760 cum
527 719 764 760 Humano:
811 719 975 758 Divina
1011 718 1134 759 Vera
1173 719 1299 758 unita
1339 717 1513 758 Divinis
1550 717 1687 758 Bonis

201 781 510 833 significantur
539 795 618 835 per
645 781 832 823 “Unxit
859 781 1052 833 myrrha,
1079 787 1126 821 et
1157 780 1258 821 aloe
1289 787 1336 821 et
1366 781 1503 829 kesia,
1528 794 1686 821 omnes

200 850 351 884 vestes
388 850 487 885 tuas
505 845 538 895 ;”
582 844 829 897 “myrrha”
860 843 1083 897 significat
1120 844 1287 884 bonum
1323 843 1467 884 ultimi
1504 844 1683 896 gradus,

196 905 374 947 ·“aloe’'
399 907 567 948 bonum
598 907 795 955 secundi,
828 913 874 947 et
903 906 1094 947 “kesia”
1119 906 1287 946 bonum
1318 907 1454 954 tertii,
1482 906 1686 946 similiter

197 981 252 1009 ac
283 969 369 1009 tria
398 969 474 1009 illa
504 977 708 1010 aromata
739 970 988 1010 commixta
1018 968 1120 1009 oleo
1152 968 1311 1017 olivae,
1346 969 1463 1009 unde
1498 968 1685 1009 “oleum

199 1030 453 1073 sanctitatis
465 1033 484 1047 ”
505 1047 583 1086 per
604 1034 723 1086 quod
746 1032 898 1074 unctio
926 1032 1087 1086 (Exod.
1105 1047 1223 1072 xxx.
1243 1042 1309 1083 23,
1330 1032 1402 1085 24)
1423 1046 1432 1082 ;
1468 1031 1654 1072 “oleum
1666 1031 1685 1046 '’

198 1093 614 1147 illudsignificabat
639 1095 848 1135 Divinum
876 1095 1051 1136 Bonum
1077 1095 1227 1135 Divini
1250 1094 1447 1142 Amoris,
1471 1107 1523 1135 ac
1549 1098 1685 1134 “ves-

199 1163 269 1197 tes
280 1152 300 1171 ¹⁹
321 1170 435 1210 quae
462 1158 747 1210 ungebantur
772 1157 1027 1210 significant
1054 1157 1216 1198 Divina
1241 1171 1371 1197 vera:
1405 1157 1526 1210 quod
1551 1156 1683 1197 affec-

198 1219 344 1260 tiones
369 1221 460 1260 veri
487 1220 742 1272 spirituales
768 1221 856 1261 sint
887 1220 974 1260 illis
1004 1221 1078 1274 qui
1103 1234 1162 1260 ex
1189 1230 1332 1272 regno
1360 1220 1516 1272 Ipsius,
1545 1221 1682 1272 signi·
1737 1232 1739 1234 ·

195 1281 356 1322 ’ᾗςειῒυι-
378 1295 456 1334 per
477 1283 596 1336 quod
618 1282 771 1323 “filiae
793 1296 948 1336 regum
971 1279 1088 1323 inter
1108 1284 1328 1336 pretiosas
1351 1290 1451 1323 tuas
1470 1283 1502 1332 ;”
1527 1287 1552 1302 “
1568 1283 1683 1323 filiae

197 1345 387 1398 regum”
412 1352 515 1386 sunt
546 1344 804 1386 affectiones
829 1346 921 1386 veri
952 1346 1219 1398 spirituales,
1248 1360 1361 1399 quae
1391 1347 1683 1398 “pretiosae'’

198 1408 406 1448 dicuntur
425 1421 527 1448 cum
548 1422 653 1449 vera
677 1409 872 1460 genuina
893 1415 1022 1449 sunt:
1055 1415 1101 1449 et
1124 1409 1244 1462 quod
1266 1408 1441 1449 caelum
1463 1415 1510 1449 et
1536 1409 1681 1449 eccle-

199 1471 263 1511 sia
287 1471 376 1512 sint
402 1471 444 1511 in
472 1471 616 1512 tutela
643 1472 786 1524 Ipsius
812 1478 858 1512 et
886 1471 975 1523 Ipsi
1001 1470 1239 1523 conjuffia
1264 1472 1365 1524 quia
1391 1472 1433 1510 in
1460 1485 1611 1512 amore
1638 1473 1681 1513 in

199 1532 352 1585 Ipsum
383 1534 440 1574 ab
472 1533 590 1586 Ipso,
623 1533 899 1586 significatur
930 1547 1008 1587 per
1038 1534 1156 1586 quod
1192 1532 1492 1587 “[consistat]
1526 1535 1681 1587 regina

196 1591 255 1636 ad
292 1596 503 1636 dextram
545 1604 668 1637 tuam
710 1598 752 1636 in
793 1610 900 1636 auro
937 1595 1147 1648 [¹¹optimo
1179 1595 1358 1648 Ophiris
1376 1596 1409 1646 ;”
1457 1597 1680 1649 “regina‘'

197 1657 420 1711 significat
447 1658 620 1699 caelum
646 1666 691 1699 et
719 1659 970 1707 ecclesiam,
997 1659 1091 1699 “ad
1118 1652 1329 1698 dextram
1344 1658 1363 1673 ’‘
1389 1658 1610 1711 significat
1637 1661 1680 1700 in

196 1720 342 1761 tutela
381 1735 441 1761 ex
482 1720 795 1773 conjumffione
835 1734 937 1761 cum
980 1721 1097 1774 Ipso,
1136 1728 1182 1761 et
1226 1725 1418 1761 “aurum
1458 1723 1679 1774 optimum

195 1781 407 1835 Ophiris”
432 1791 502 1824 est
528 1784 695 1824 bonum
722 1785 885 1824 amoris
910 1785 954 1824 in
982 1784 1238 1824 Dominum.

279 1852 361 1906 [c.]
394 1853 534 1907 Apud
560 1854 770 1902 eundem,

260 1957 415 1997 “Pepigi
432 1957 558 1988 foedus
574 1955 696 1988 Electo
710 1967 800 1994 me0,
814 1957 928 1997 juravi
947 1957 1075 1988 Davidi
1090 1967 1195 1988 servo
1208 1967 1299 1994 me0,
1315 1957 1350 1988 in
1367 1964 1551 1989 aeternum
1566 1968 1678 1999 usque

368 2001 516 2031 firmabo
527 2010 649 2031 semen
662 2007 771 2037 tuum,
783 2008 818 2031 et
828 2000 1021 2031 aedificabo
1033 2001 1067 2031 in
1080 2001 1351 2040 generationem
1362 2008 1396 2032 et
1407 2002 1676 2041 generationem

370 2044 535 2075 thronum
561 2051 672 2075 tuum.
706 2069 713 2075 .
729 2069 735 2075 .
750 2069 756 2075 .
772 2043 942 2075 ,Locutus
966 2054 1005 2075 es
1029 2044 1065 2075 in
1091 2045 1229 2075 visione
1249 2042 1380 2075 Sanelo
1401 2052 1472 2082 tuo,
1492 2051 1527 2076 et
1546 2045 1676 2082 dixisti,

372 2087 479 2119 Posui
495 2088 664 2118 auxilium
682 2097 789 2127 super
805 2094 999 2127 potentem,
1018 2087 1170 2118 exaltavi
1187 2086 1339 2118 eleetum
1360 2098 1379 2118 e
1399 2088 1541 2127 populo,
1555 2089 1676 2119 inveni

370 2130 544 2162 Davidem
563 2141 707 2162 servum
733 2140 861 2168 meum,
881 2131 961 2162 oleo
986 2129 1186 2162 sanetitatis
1211 2140 1311 2162 meae
1336 2132 1421 2162 unxi
1448 2131 1579 2171 Ipsum,
1596 2141 1675 2163 curn

368 2182 438 2214 quo
467 2184 594 2205 manus
618 2184 698 2205 mea
722 2174 823 2205 firma
849 2175 925 2212 erit,
951 2175 1057 2205 etiam
1085 2174 1266 2205 brachium
1291 2184 1408 2205 meum
1433 2176 1676 2206 corroborabit

369 2217 506 2258 Ipsum.>
531 2243 539 2249 .
553 2242 561 2249 .
575 2243 582 2249 .
597 2217 839 2249 ‚Contundam
854 2227 974 2248 coram
994 2217 1076 2257 Ipso
1090 2218 1212 2248 hostes
1229 2217 1354 2257 Ipsius,
1369 2225 1403 2248 et
1420 2228 1544 2249 osores
1561 2218 1676 2258 Ipsius

367 2261 559 2300 percutiam
572 2273 596 2292 1.
612 2286 619 2292 .
633 2286 640 2292 .
655 2270 801 2300 .ponam
819 2261 854 2291 in
873 2261 961 2291 mari
976 2270 1119 2298 manum
1140 2260 1266 2300 Ipsius,
1281 2268 1316 2292 et
1332 2261 1367 2291 in
1386 2261 1502 2292 fluviis
1515 2262 1675 2293 dextram

369 2303 485 2344 Ipsius
499 2314 506 2341 ;
533 2304 595 2335 Ille
611 2305 751 2335 vocabit
766 2304 835 2341 Me,
852 2304 957 2335 Pater
974 2314 1073 2335 meus
1090 2304 1154 2342 Tu,
1172 2304 1267 2335 Deus
1285 2314 1395 2342 meus,
1410 2311 1445 2335 et
1464 2304 1571 2336 Petra
1583 2306 1677 2336 salu—

367 2348 413 2378 tis
437 2357 558 2385 meae;
582 2348 689 2378 etiam
712 2347 787 2387 Ego
814 2347 1095 2387 Primogenitum
1119 2348 1212 2378 dabo
1239 2347 1371 2387 Ipsum,
1396 2348 1506 2379 altum
1531 2349 1674 2388 regibus

366 2397 517 2428 terrae;.
533 2416 539 2422 .
554 2416 561 2422 .
576 2397 626 2422 .et
649 2391 774 2422 foedus
798 2400 916 2422 meum
941 2391 1068 2421 stabile·
1098 2390 1175 2422 Illi:
1204 2398 1239 2422 et
1265 2401 1395 2431 ponam
1422 2392 1458 2422 in
1490 2398 1674 2423 aeternum

366 2443 490 2466 semen
512 2433 637 2474 Ipsius,
657 2441 692 2465 et
716 2435 882 2465 thronum
906 2433 1021 2474 Ipsius
1045 2434 1135 2465 sicut
1158 2435 1233 2466 dies
1257 2434 1445 2466 caelorum.
1476 2459 1483 2466 .
1499 2460 1506 2466 .
1520 2460 1527 2466 .
1542 2435 1675 2466 .Semel

366 2477 480 2517 juravi
500 2487 563 2517 per
582 2476 805 2508 sanctitatem
826 2487 952 2514 meam,
974 2479 1003 2508 si
1026 2477 1153 2509 Davidi
1174 2479 1336 2515 mentiar,
1356 2488 1479 2509 semen
1503 2478 1618 2518 Ipsius
1638 2481 1673 2509 in

366 2527 550 2552 aeternum
574 2521 651 2557 erit,
675 2527 711 2552 et
734 2521 883 2551 thronus
909 2520 1026 2561 Ipsius
1052 2522 1142 2552 sicut
1167 2521 1220 2552 sol
1244 2531 1362 2552 coram
1390 2521 1459 2559 Me,
1477 2522 1566 2553 sicut
1591 2522 1677 2553 luna

366 2563 487 2595 firmus
504 2565 539 2595 in
553 2570 721 2600 aeterum,
736 2564 836 2595 testis
854 2565 890 2594 in
911 2565 1062 2595 nubibus
1076 2565 1188 2596 fidelis
1199 2564 1217 2575 ’⁹
1228 2565 1300 2603 (Ps.
1315 2565 1445 2596 lxxxix.
1465 2574 1496 2603 4.
1512 2573 1540 2603 5,
1558 2573 1675 2599 20—22,

367 2614 418 2645 24,
437 2607 553 2646 26-30‚
571 2608 677 2646 36-38
698 2605 756 2648 [B-
773 2608 816 2639 A·
836 2616 864 2646 3,
881 2617 912 2646 4.
935 2615 1049 2647 19-21‚
1067 2615 1253 2648 23f25-29.
1272 2606 1430 2649 35-37])=

194 2727 313 2781 quod
339 2739 417 2779 per
444 2727 735 2767 “Davidem''
761 2728 830 2767 hic
859 2741 947 2768 non
979 2727 1259 2780 intelligatur
1285 2728 1445 2776 David,
1472 2728 1550 2768 sed
1579 2727 1671 2768 Do-

194 2790 339 2830 minus
365 2790 512 2843 quoad
544 2791 714 2842 regium
747 2789 905 2842 Ipsius,
933 2790 1052 2843 quod
1083 2798 1153 2831 est
1186 2791 1396 2830 Divinum
1429 2790 1670 2843 spirituale,

193 2859 239 2892 et
270 2859 458 2893 vocatur
485 2852 696 2893 Divinum
720 2852 904 2900 Verum,
934 2859 1060 2905 patet
1087 2853 1321 2894 evidenter
1351 2868 1409 2893 ex
1443 2853 1527 2892 illis
1559 2866 1671 2905 quae

192 2914 251 2955 ibi
277 2914 332 2955 de
365 2914 538 2955 Davide
565 2915 797 2966 dicuntur;
832 2928 1006 2968 nempe,
1035 2916 1154 2969 quod
1184 2920 1373 2956 “semen
1405 2922 1450 2955 et
1483 2916 1670 2955 thronus
