1962 3334
591 257 699 291 CAP.
722 257 804 299 xl„
826 256 966 290 VERs.
993 256 1135 290 1.—-N.
1156 247 1327 302 629[a].
1594 247 1702 299 1609

213 371 459 422 ecclesiae;
501 370 639 426 quare
668 371 807 413 etiam
837 371 1016 419 dicitur,
1051 366 1138 411 “ut
1174 370 1367 411 edoceat
1402 369 1505 411 illos
1545 370 1700 413 ¹omnia

200 440 392 476 statuta
421 434 528 487 ejus,
555 447 714 475 omnes
738 431 1104 487 ¹¹¹descriptiones
1134 440 1181 474 et
1213 447 1372 474 omnes
1397 433 1523 486 leges
1554 432 1648 485 ejus
1665 432 1700 483 ;”

212 497 317 538 inde
342 503 472 550 patet
503 497 622 550 quod
654 511 734 550 per
761 495 1052 550 “templum”
1077 495 1356 549 significetur
1380 495 1572 537 ecclesia
1597 507 1700 536 cum

211 558 306 612 ejus
335 560 452 600 veris
482 566 530 600 et
565 559 709 607 bonis,
741 572 847 600 nam
878 559 990 599 haec
1022 565 1128 599 sunt
1159 573 1274 612 quae
1305 558 1699 606 custodienda,sset

211 621 522 674 significantur
553 636 632 675 per
659 626 746 663 “ut
777 622 1039 663 custodiant
1071 634 1255 662 omnem
1284 621 1475 662 formam
1506 620 1700 661 domus‘’

210 697 290 724 seu
316 684 551 738 “templi”
619 685 703 726 Per
736 684 1026 738 “templum''
1051 685 1096 724 in
1127 683 1283 724 Verbo
1314 683 1594 737 significatur
1622 696 1698 724 ec·

210 745 349 788 clesia
379 747 528 800 quoad
553 747 739 796 Verum,
762 761 815 788 ac
841 761 920 800 per
944 747 1166 787 “domum
1194 746 1310 787 Dei'’
1332 746 1526 787 ecclesia
1549 746 1699 799 quoad

201 808 405 850 bonum:
438 823 543 851 nam
569 809 791 863 templum
816 816 914 851 erat
945 824 1005 851 ex
1031 809 1283 862 lapidibus;
1314 809 1476 850 domus
1508 808 1594 849 Dei
1619 822 1698 848 au-

210 877 306 912 tem
336 873 533 926 antiquis
569 873 849 926 temporibus
885 873 1030 913 fuerat
1066 886 1127 913 ex
1165 872 1326 925 lignis;
1369 885 1421 912 ac
1456 870 1699 925 “lapides”

210 934 467 988 significant
493 949 613 984 vera,
640 942 687 977 et
717 935 913 988 “ligna'’
938 935 1071 976 bona.
1133 934 1272 988 Apud
1300 934 1584 983 Sachariam,

278 1048 443 1080 “Sustuli
460 1049 584 1080 oculos
600 1058 702 1080 meos
719 1054 755 1080 et
770 1049 856 1086 vidi,
868 1055 905 1080 et
921 1058 1003 1080 ecce
1019 1048 1083 1086 vir,
1097 1048 1200 1089 cujus
1218 1048 1254 1079 in
1272 1057 1384 1079 manu
1400 1047 1582 1078 funiculus
1599 1056 1701 1078 men-

383 1101 490 1124 surae
508 1101 516 1129 ;
539 1099 576 1123 et
594 1093 679 1130 dixi,
699 1093 782 1133 Quo
805 1098 844 1123 tu
866 1092 1011 1132 pergis?
1044 1093 1103 1133 qui
1123 1092 1214 1123 dixit
1236 1092 1281 1123 ad
1305 1101 1374 1129 me,
1395 1091 1452 1122 Ad
1476 1091 1699 1122 metiendum

386 1135 695 1177 Hierosolymam,
715 1142 755 1167 ut
778 1136 921 1167 videam
940 1142 1076 1176 quanta
1094 1136 1246 1167 latitudo
1270 1135 1348 1175 ejus
1367 1141 1403 1166 et
1426 1141 1562 1175 quanta
1584 1134 1700 1173 longi-

383 1180 471 1211 tudo
489 1179 567 1219 ejus
580 1191 605 1211 :.
620 1204 628 1211 .
642 1204 650 1211 .
663 1185 714 1211 ,et
730 1179 829 1217 dixit,
843 1179 1020 1211 Suburbia
1035 1179 1212 1210 habitabit
1226 1178 1493 1218 Hierosolyma,
1507 1187 1593 1218 prae
1610 1177 1701 1208 mul·

385 1224 538 1308 {itthijne
553 1223 742 1254 hominum
759 1229 796 1255 et
815 1223 1009 1254 bestiarum
1027 1223 1063 1254 in
1080 1222 1202 1254 medio
1218 1222 1297 1262 ejus
1308 1221 1327 1233 ''
1343 1222 1391 1262 (ii.
1407 1229 1436 1260 5,
1450 1222 1480 1259 6,
1495 1221 1514 1252 8
1536 1219 1595 1262 [B.
1609 1222 1654 1252 A.
1671 1228 1699 1258 ι,

210 1378 323 1420 haec
355 1379 411 1420 de
442 1379 643 1420 adventu
679 1379 863 1420 Domini
898 1376 1020 1420 dicta
1050 1384 1171 1427 sunt,
1197 1384 1245 1419 et
1281 1377 1338 1418 de
1368 1377 1698 1418 instauratione

212 1455 357 1482 novae
382 1442 601 1482 ecclesiae
627 1442 685 1482 ab
716 1442 836 1495 Ipso,
865 1448 914 1482 ut
946 1448 1158 1482 constare
1183 1447 1340 1494 potest
1365 1454 1392 1481 a
1416 1440 1618 1480 versibus
1650 1450 1702 1490 14

211 1511 259 1545 et
285 1514 331 1557 15
357 1503 428 1558 [B.
443 1504 502 1545 A.
522 1515 584 1553 10,
606 1504 673 1558 11]
701 1504 819 1545 illius
841 1505 1027 1557 capitis:
1058 1508 1084 1524 “
1099 1503 1420 1556 Hierosolyma
1430 1502 1450 1518 ”
1472 1502 1698 1556 significat

211 1580 376 1608 novam
399 1566 523 1607 illam
541 1566 780 1608 ecclesiam
798 1581 808 1617 ;
841 1573 887 1607 et
908 1566 1126 1607 “metiri”
1143 1566 1267 1606 illam
1290 1564 1516 1618 significat
1534 1565 1697 1618 explo-

197 1643 309 1674 rare
325 1636 372 1670 et
390 1629 493 1670 inde
510 1629 623 1670 scire
640 1629 784 1683 qualis
801 1635 847 1670 et
866 1635 1037 1683 quanta
1053 1629 1163 1670 erit:
1190 1632 1215 1648 ‘⁴
1227 1628 1424 1669 latitudo
1435 1627 1455 1642 ”
1472 1627 1700 1680 significat

209 1704 365 1732 verum
396 1690 628 1732 doctrinae
658 1691 765 1744 ejus,
799 1698 846 1732 et
874 1690 1184 1743 “longitudo''
1209 1691 1378 1731 bonum
1409 1691 1574 1731 amoris
1604 1690 1698 1743 ejus

211 1764 349 1802 (utmox
360 1764 489 1804 supra„
520 1767 659 1806 quare
680 1754 859 1801 dicitur,
876 1753 984 1793 “Ad
1002 1753 1287 1793 metiendum
1307 1752 1695 1804 Hierosolymam,

210 1821 261 1856 ut
285 1815 464 1855 videam
486 1821 658 1868 quanta
679 1814 878 1855 latitudo
903 1814 997 1866 ejus
1022 1820 1068 1854 et
1095 1821 1266 1867 quanta
1287 1813 1528 1866 longitudo
1553 1813 1646 1866 ejus
1662 1813 1698 1853 :''

211 1877 331 1932 quod
361 1877 555 1918 ecelesia
585 1877 644 1917 ibi
675 1891 754 1930 per
783 1876 1231 1938 “Hierosolymamss’
1257 1883 1303 1917 et
1330 1890 1421 1918 non
1447 1877 1552 1917 urbs
1585 1876 1696 1917 Hie-

210 1940 453 1993 rosolyma,
477 1940 773 1993 intelligatur,
794 1947 949 1993 patet;
977 1953 1082 1980 nam
1100 1940 1219 1980 circa
1240 1939 1488 1980 adventum
1511 1940 1695 1980 Domini

199 2017 303 2044 non
332 2004 413 2044 suit
446 2003 768 2055 Hierosolyma
793 2009 926 2044 tanta
956 2009 1003 2043 et
1035 2002 1360 2055 talis,·quanta
1389 2009 1436 2043 et
1467 2002 1611 2056 qualis
1635 2003 1695 2043 ibi

210 2066 490 2114 describitur,
510 2079 686 2119 nempe,
706 2066 825 2119 quod
845 2065 1093 2106 “suburbia
1114 2065 1341 2105 habitabit
1360 2064 1694 2117 Hierosolyma,

211 2142 318 2182 prae
349 2129 639 2169 multitudine
674 2129 908 2169 hominum
938 2135 985 2169 et
1020 2129 1267 2168 bestiarum
1303 2129 1348 2168 in
1381 2129 1532 2169 medio
1563 2128 1696 2181 ejus‚'’

201 2205 291 2245 «per
314 2205 428 2245 quae
458 2191 728 2244 intelligitur
758 2191 1003 2232 multitudo
1033 2192 1238 2244 gentium
1264 2204 1502 2231 accessura
1532 2192 1589 2231 ad
1620 2204 1695 2232 ec—

210 2253 422 2304 clesiam;
465 2268 544 2308 per
568 2254 989 2307 “Hierosolymam,
1013 2255 1058 2294 in
1083 2254 1234 2294 medio
1263 2253 1388 2306 ejus”
1419 2253 1697 2307 significatur

211 2315 404 2359 ecclesia
428 2331 489 2357 ex
513 2316 601 2357 illis
632 2318 707 2370 qui
737 2318 922 2358 interius
948 2318 1172 2370 recepturi
1197 2316 1410 2357 Divinum
1441 2331 1468 2357 a
1499 2317 1697 2358 Domino

211 2379 474 2432 procedens,
498 2386 545 2420 et
570 2393 650 2433 per
673 2383 699 2400 “
714 2380 924 2420 suburbia
936 2379 956 2394 ”
980 2379 1172 2420 ecclesia
1197 2393 1257 2420 ex
1281 2379 1369 2420 illis
1395 2381 1469 2433 qui
1494 2381 1696 2420 exterius

203 2443 435 2495 recepturi
459 2450 579 2483 sunt.
640 2443 849 2484 Ecclesia
880 2443 1000 2484 enim
1026 2443 1208 2484 Domini
1239 2450 1310 2484 est
1342 2444 1521 2484 interna
1546 2450 1593 2484 et
1624 2451 1695 2484 est

203 2511 431 2555 externam
472 2506 517 2546 in
547 2505 740 2546 ecclesia
770 2506 949 2546 interna
979 2512 1085 2546 sunt
1115 2505 1180 2546 illi
1210 2507 1284 2559 qui
1314 2506 1358 2546 in
1390 2506 1696 2559 intelligentia

211 2573 259 2608 et
290 2568 512 2620 sapientia
542 2575 661 2616 sunt,
689 2574 736 2609 et
767 2569 870 2608 inde
902 2574 1007 2608 sunt
1038 2569 1084 2608 in
1114 2568 1251 2609 caelis
1282 2569 1608 2622 superioribus;
1651 2570 1696 2609 in

211 2629 403 2671 ecclesia
423 2636 577 2671 autem
594 2637 787 2671 externa
808 2636 912 2671 sunt
935 2630 999 2670 illi
1021 2631 1094 2684 qui
1115 2631 1160 2671 in
1182 2631 1383 2671 scientiis
1405 2637 1451 2672 et
1474 2632 1518 2671 in
1537 2633 1695 2684 cogni-

203 2693 409 2734 tionibus
430 2693 523 2734 veri
544 2699 591 2734 et
613 2693 718 2734 boni
740 2707 800 2733 ex
818 2692 974 2733 Verbo
996 2699 1116 2742 sunt,
1139 2699 1186 2733 et
1208 2707 1300 2734 non
1322 2694 1365 2733 in
1387 2693 1537 2747 aliqua
1559 2694 1695 2734 intel-

212 2754 403 2808 ligentia
423 2762 470 2796 et
496 2756 718 2809 sapientia
739 2756 965 2804 interiore,
990 2762 1037 2796 et
1062 2755 1167 2796 inde
1188 2757 1232 2796 in
1255 2756 1534 2797 inferioribus
1557 2756 1694 2797 caelis

206 2824 345 2867 ·sunt;
377 2817 422 2858 hi
447 2824 667 2858 vocantur
692 2817 948 2871 spirituales
973 2818 1218 2867 naturales,
1245 2818 1308 2859 illi
1334 2826 1487 2860 autem
1514 2819 1695 2872 spiritu—

210 2880 334 2922 ales:
367 2879 622 2934 spirituales
645 2879 965 2935 intelliguntur
989 2894 1068 2935 per
1092 2894 1170 2923 eos
1196 2882 1269 2935 qui
1298 2882 1380 2922 “in
1406 2882 1556 2923 medio
1583 2881 1694 2922 Hie-
