1962 3334
0 871 5 906 f

579 282 686 314 CAP.
708 282 790 323 XL,
812 282 951 314 VERS.
978 281 1148 326 19.-N.
1169 271 1338 326 700[a].
1462 272 1466 275 ’
1590 271 1696 324 1873

217 395 321 434 Legis,
337 395 612 433 repraesentaverit
626 395 750 424 tertium
765 403 821 423 seu
842 394 986 422 intimum
1002 393 1135 427 caelum,
1151 397 1182 422 et
1202 393 1290 430 quod
1307 393 1375 421 Lex
1396 401 1452 420 seu
1466 391 1699 420 Testimonium

216 441 330 479 Ipsum.
340 441 524 474 Dominum,
537 441 679 469 videatur
689 440 721 468 in
730 440 870 470 Arcanis
883 439 1077 472 Caelestibus.
1088 447 1118 467 n.
1131 440 1220 476 3478,
1232 445 1322 475 9457,
1332 439 1421 474 9481,
1433 439 1523 474 9485.
1560 437 1600 464 Et
1611 436 1700 473 quod

215 489 234 500 ‘¹
246 485 510 514 tabernaculum''
526 494 628 522 aeque
648 494 685 514 ac
708 483 917 521 ‘'templum''
933 484 966 512 in
986 492 1135 520 supremo
1156 492 1250 511 sensu
1270 482 1490 519 significaverit
1512 482 1697 515 Dominum,

214 530 248 559 in
264 539 358 559 sensu
379 530 554 567 respee'tivo
568 530 689 559 caelum
706 534 737 558 et
751 529 924 562 ecclesiam,
940 533 970 557 et
992 529 1065 556 inde
1080 528 1225 556 sanetum
1241 528 1343 556 cultus
1364 527 1458 555 etiam
1480 527 1532 560 ibi,
1555 535 1585 555 n.
1607 533 1696 563 9457,

213 577 304 612 9481.
318 584 424 612 10242,
439 582 546 612 10245,
559 573 701 611 [¹110304‚
720 581 827 611 10545.
869 574 966 610 Quod
981 577 998 587 ¹⁴
1009 573 1120 601 foedus
1130 573 1146 581 '⁸
1162 573 1195 600 in
1205 573 1314 600 Verbo
1335 571 1487 608 significet
1502 571 1698 608 conjuntfftio-

214 628 306 654 nem:
327 625 359 648 et
373 621 461 656 quod
475 620 583 648 omnia
596 619 746 648 ecclesiae
760 624 824 647 tam
839 619 961 647 interna
974 626 1071 654 quam
1087 622 1215 646 externa
1229 617 1290 645 sint
1304 617 1392 653 signa
1407 616 1550 649 foederis,
1565 620 1596 644 et
1610 616 1698 652 quod

214 665 360 694 dimntur
374 668 391 678 ¹¹
404 665 514 694 foedus
526 664 542 673 ''
555 665 630 701 quia
643 673 700 702 per
713 664 766 692 illa
779 663 971 701 conjunctio,
984 663 1078 691 etiam
1093 662 1126 690 in
1135 662 1276 690 Arcanis
1294 662 1487 694 Caelestibus,
1500 670 1531 690 n.
1543 661 1612 701 665,
1627 660 1697 694 666,

216 718 304 746 1023,
322 711 408 746 1038,
427 710 513 746 1864,
531 709 617 746 1996,
633 717 721 745 2003.
738 717 827 742 2021,
843 709 1030 745 2037,6804,
1044 708 1132 743 8767,
1145 708 1233 742 8778,
1245 706 1334 743 9396,
1346 706 1435 742 9416.
1450 706 1557 742 10632.
1600 705 1698 741 Quod

212 754 289 783 inde
310 755 379 783 Lex
391 754 591 791 promulgata
611 754 643 782 in
667 754 780 781 Monte
800 753 887 782 Sinai
908 753 994 781 dieta
1015 753 1053 780 sit
1067 755 1084 765 ¹⁴
1096 751 1238 785 foedus,··
1261 756 1292 779 et
1312 759 1386 779 arca
1406 750 1439 778 in
1459 759 1524 786 qua
1543 750 1596 778 illa
1619 749 1696 783 Lex,

214 801 318 833 “arca
329 803 494 837 foederis,··
510 804 604 832 etiam
619 803 672 837 ibi,
688 812 719 832 n.
735 803 826 839 6804,
841 802 947 840 9416.)
1004 790 1140 843 Quod
1161 803 1268 830 arca
1289 803 1390 830 cum
1411 789 1595 829 foedere
1616 802 1695 828 seu

215 867 317 895 cum
349 854 633 895 Testimonio
659 853 846 901 incluso,
875 852 1099 905 significet
1125 852 1369 892 Dominum
1394 850 1542 904 quoad
1569 850 1694 890 Divi-

215 931 322 959 num
344 917 557 965 caeleste,
582 917 702 970 quod
724 922 794 957 est
817 916 1028 956 Divinum
1052 914 1223 955 Verum
1244 915 1288 954 in
1314 915 1474 954 intimo
1499 927 1577 953 seu
1603 919 1695 953 ter-

215 981 280 1021 tio
311 980 453 1028 caelo,
484 986 695 1020 constare
726 985 880 1032 potest
912 992 971 1018 ex
1002 977 1089 1018 illis
1120 991 1234 1031 quae
1265 977 1321 1017 de
1352 990 1456 1017 arca
1486 976 1695 1016 dicuntur

213 1043 259 1083 in
285 1042 440 1083 Verbo
456 1042 592 1083 z-Ut
619 1043 737 1095 apud
762 1041 929 1090 Mosen,

279 1132 455 1164 “Facient
479 1132 568 1163 Mihi
591 1130 842 1169 sandharium,
863 1137 902 1162 ut
925 1131 1082 1162 habitem
1107 1131 1143 1161 in
1169 1130 1287 1161 medio
1311 1139 1444 1167 eorum,
1464 1129 1565 1169 juxta
1588 1138 1695 1160 omne

387 1177 480 1217 quod
499 1176 574 1216 Ego
588 1176 785 1206 monstravi
803 1176 876 1212 tibi,
890 1175 1043 1205 formam
1063 1173 1265 1204 Habitaculi
1278 1185 1284 1204 :
1295 1198 1302 1204 .
1317 1198 1325 1204 .
1339 1198 1346 1204 .
1360 1174 1551 1212 ‚imprimis
1564 1172 1695 1203 facient

386 1229 503 1250 arcam
524 1230 568 1250 ex
591 1219 698 1259 lignis
717 1219 900 1255 schittim,.
915 1243 922 1249 .
936 1242 943 1249 .
958 1225 1008 1249 .et
1027 1218 1183 1248 obduces
1207 1227 1285 1247 eam
1311 1226 1397 1247 auro
1422 1226 1520 1256 puro,
1541 1217 1636 1247 intus
1660 1222 1696 1247 et

385 1263 473 1294 foris
486 1262 640 1294 obduces
656 1272 735 1293 eam
751 1273 757 1293 :
783 1268 818 1293 et
834 1262 942 1292 facies
959 1261 991 1292 ei
1009 1261 1155 1291 limbum
1173 1261 1264 1291 auri.
1280 1285 1287 1291 .
1301 1285 1308 1291 .
1323 1269 1350 1296 .;
1375 1267 1525 1300 quatuor
1541 1260 1694 1290 annulos

385 1307 461 1337 auri
473 1306 491 1318 '’
519 1316 583 1346 pro
611 1304 770 1337 ve6tibus
783 1315 806 1342 ;.
821 1330 828 1336 .
842 1330 850 1336 .
865 1306 944 1336 .“et
970 1305 1070 1335 dabis
1098 1305 1134 1335 in
1166 1313 1283 1335 arcam
1312 1303 1572 1334 Testimonium
1601 1303 1695 1343 quod

386 1350 479 1380 dabo
495 1350 579 1381 tibi:
605 1356 640 1380 et
656 1349 765 1380 facies
783 1349 1065 1388 propitiatorium
1083 1358 1127 1379 ex
1142 1357 1228 1381 auro
1242 1357 1356 1387 pum„
1372 1371 1378 1378 .
1392 1371 1399 1378 .
1415 1353 1464 1378 .et
1481 1347 1589 1378 facies
1606 1347 1695 1377 duos

386 1394 558 1429 cherubos
575 1403 619 1424 ex
634 1402 732 1430 auro,
746 1393 897 1423 solidum
915 1392 1022 1422 facies
1039 1401 1116 1422 eos.
1132 1416 1139 1422 .
1153 1416 1160 1422 .
1175 1401 1234 1422 ‚ex
1247 1390 1502 1430 propitiatorio,
1512 1415 1519 1421 .
1534 1414 1541 1421 .
1555 1414 1562 1421 .
1577 1390 1643 1421 ‚ita
1657 1396 1696 1420 ut

386 1437 530 1467 cherubi
550 1437 754 1476 expandant
771 1436 862 1467 alas.
877 1460 900 1473 .,
921 1442 955 1466 et
975 1436 1144 1474 obtegant
1167 1435 1232 1465 alis
1252 1434 1325 1465 suis
1345 1434 1640 1473 propitiatorium,
1660 1439 1695 1464 et

386 1479 494 1511 facies
507 1490 646 1511 eorum.
661 1504 668 1511 .
682 1504 689 1511 .
704 1489 842 1511 ,versus
860 1479 1141 1519 propitiatorium
1154 1488 1178 1509 1.
1194 1502 1200 1508 .
1215 1502 1222 1509 .
1236 1484 1287 1509 .et
1303 1478 1338 1507 in
1356 1486 1473 1507 arcam
1491 1477 1591 1507 dabis
1609 1476 1695 1507 Tes-

387 1523 602 1561 timonium„
617 1548 625 1554 .
638 1547 646 1554 .
661 1529 711 1554 .et
727 1523 937 1554 conveniam
956 1528 990 1553 te
1010 1522 1067 1559 ibi,
1085 1528 1120 1552 et
1137 1521 1262 1560 loquar
1278 1527 1392 1551 tecum
1409 1521 1562 1559 desuper
1579 1521 1696 1560 propi-

387 1567 530 1598 tiatorio
549 1568 594 1597 ab
614 1567 705 1597 inter
724 1567 813 1597 duos
833 1566 1016 1602 cherubos,
1037 1565 1095 1605 qui
1119 1574 1225 1604 super
1243 1574 1325 1594 arca
1345 1564 1566 1601 Testimonii,
1587 1573 1695 1594 omne

386 1611 480 1650 quod
497 1616 746 1650 praecepturus
764 1610 825 1640 tibi
845 1609 889 1639 ad
909 1609 999 1639 filios
1018 1607 1189 1639 Israelis”
1206 1608 1328 1645 (Exod.
1347 1617 1427 1637 xxv.
1446 1607 1552 1645 8—22).

280 1653 432 1685 “Facies
449 1654 567 1684 velum
584 1663 628 1684 ex
644 1653 875 1693 hyacinthino
893 1658 927 1683 et
944 1661 1098 1692 purpura
1116 1657 1151 1682 et
1167 1651 1332 1681 coccineo
1349 1650 1504 1689 dibapho
1521 1657 1556 1681 et
1571 1650 1695 1690 xylino

387 1697 592 1728 intertexto.
607 1721 635 1728 ..
651 1706 745 1727 .eum
767 1696 948 1727 cherubis:
980 1695 1079 1726 dabis
1104 1695 1189 1726 illud
1213 1704 1320 1734 super
1343 1700 1493 1734 quatuor
1511 1694 1695 1724 columnas

387 1749 432 1771 ex
450 1741 605 1771 schittitn
626 1738 796 1770 obduc‘tas
816 1749 902 1770 auro
917 1749 940 1775 ;.
955 1763 962 1770 .
977 1763 983 1769 .
999 1745 1048 1769 .et
1067 1738 1168 1768 dabis
1189 1738 1306 1768 velum
1331 1738 1396 1768 sub
1416 1737 1570 1775 ansulas,
1591 1743 1626 1768 et
1643 1737 1697 1768 in-

386 1784 480 1815 feres
508 1793 551 1814 eo
580 1784 672 1814 intra
696 1783 813 1814 velum
838 1792 956 1813 arcam
981 1781 1204 1815 Testimonii.
1229 1782 1279 1811 ita
1301 1787 1339 1811 ut
1362 1781 1480 1811 velum
1505 1781 1694 1811 discrimen

387 1827 494 1858 faciat
513 1827 615 1858 vobis
635 1827 727 1857 inter
746 1824 908 1857 sanc‘tum
928 1832 964 1856 ct
986 1825 1079 1856 inter
1097 1823 1259 1855 sanc‘tum
1280 1822 1507 1860 san&omm;
1536 1830 1571 1854 et
1593 1824 1695 1855 dabis

388 1871 507 1902 velum
524 1877 607 1901 ante
623 1879 757 1901 arcam.
772 1870 823 1901 ‚in
841 1867 966 1900 saneto
983 1867 1188 1899 sanctorum
1200 1867 1218 1879 ''
1235 1868 1357 1907 (Exod.
1375 1868 1468 1898 xxvi.
1487 1866 1607 1906 31-34)
1621 1877 1628 1898 :

217 1977 350 2017 supra
375 1961 543 2004 dit‘f'tum
570 1968 639 2003 est
666 1962 786 2015 quod
808 1961 1088 2009 Tentorium,
1113 1961 1186 2001 ubi
1217 1973 1333 2007 arca,
1358 1959 1694 2009 candelabrum,

217 2039 375 2067 mensa
407 2039 488 2078 pro
520 2025 723 2078 panibus,
756 2031 802 2064 et
834 2024 978 2064 altare
1009 2037 1090 2076 pro
1120 2022 1285 2071 suffitu,
1315 2036 1402 2062 una
1433 2036 1534 2062 cum
1565 2024 1694 2072 atrio,

215 2089 626 2141 repraesentaverit
659 2095 751 2128 tres
783 2086 948 2134 caelos,
981 2094 1027 2126 et
1065 2086 1184 2139 quod
1222 2085 1345 2126 locus
1381 2087 1499 2126 intra
1530 2085 1694 2134 velum,

216 2151 291 2191 ubi
316 2157 414 2191 erat
446 2164 549 2190 arca
580 2151 623 2190 in
655 2163 743 2202 qua
775 2149 875 2189 Lex
907 2163 983 2188 seu
1010 2148 1354 2196 Testimonium,
1382 2155 1696 2200 repraesenta-

215 2213 331 2254 verit
363 2213 547 2253 tertium
579 2211 782 2261 caelum;
825 2211 944 2264 quod
981 2212 1016 2250 is
1054 2210 1177 2250 locus
1213 2211 1621 2263 repraesentaverit
1653 2211 1697 2251 id

215 2275 405 2323 caelum,
429 2275 509 2315 fuit
533 2276 635 2328 quia
656 2274 714 2314 ibi
737 2280 834 2314 erat
858 2274 972 2321 Lex,
992 2287 1070 2327 per
1092 2286 1223 2326 quam
1247 2273 1516 2326 intelligitur
1538 2274 1695 2314 Domi-

219 2351 302 2378 nus
320 2338 467 2391 quoad
491 2338 702 2378 Divinum
717 2336 886 2377 Verum
905 2350 982 2376 seu
1004 2336 1152 2389 quoad
1170 2335 1385 2383 Verbum,
1405 2349 1509 2376 nam
1527 2341 1552 2356 ‘⁴
1566 2336 1666 2377 Lex
1679 2336 1698 2351 ’‘

214 2400 293 2441 illa
324 2401 368 2440 in
400 2400 495 2440 lato
527 2413 660 2440 sensu
692 2399 734 2439 id
761 2398 998 2451 significat,
1026 2411 1077 2438 ac
1106 2398 1316 2438 Divinum
1343 2398 1513 2438 Verum
1541 2412 1697 2451 proce-

217 2463 328 2504 dens
360 2477 385 2503 a
417 2463 626 2503 Domino‘
645 2462 809 2502 format
835 2460 999 2501 caelos.
1062 2461 1162 2501 Hoc
1195 2462 1406 2513 recipitur
1431 2461 1563 2501 valde
1590 2475 1697 2514 pure

215 2525 272 2566 ab
302 2525 476 2578 angelis
509 2525 630 2565 tertii
664 2524 790 2571 caeli,
819 2525 920 2576 quia
951 2524 995 2563 in
1027 2522 1340 2575 conjuntfi'tione
1372 2537 1471 2563 cum
1501 2524 1697 2564 Domino

214 2594 319 2628 sunt
351 2601 429 2640 per
460 2599 659 2627 amorem
692 2587 735 2626 in
770 2586 952 2638 Ipsum;
994 2592 1098 2625 sunt
1130 2586 1248 2626 enim
1280 2599 1438 2626 omnes
1469 2586 1620 2638 angeli
1653 2587 1696 2626 in

214 2649 293 2690 illo
315 2650 441 2690 caelo
468 2651 510 2690 in
537 2663 688 2689 amore
715 2650 757 2688 in
787 2648 1028 2688 Dominum
1050 2662 1059 2698 ;
1092 2656 1365 2701 quapropter
1387 2649 1544 2689 vident
1569 2649 1695 2688 Divi-

215 2726 321 2752 num
344 2712 512 2752 Verum
539 2713 582 2752 in
614 2726 661 2752 se
688 2712 801 2751 sicut
829 2711 1025 2758 insitum,
1054 2712 1237 2750 tametsi
1264 2710 1644 2751 continue'influit
1671 2725 1697 2751 a

216 2775 439 2825 Domino;
472 2775 574 2815 inde
601 2781 670 2814 est
698 2774 815 2827 quod
843 2773 886 2813 id
913 2773 1085 2813 caelum
1113 2787 1217 2826 prae
1244 2773 1423 2826 reliquis
1447 2774 1597 2821 caelis,
1622 2775 1695 2827 qui

214 2837 442 2878 inferiores
478 2843 597 2884 sunt,
632 2837 806 2876 dicatur
844 2836 886 2875 in
926 2835 1121 2875 Domino
1158 2849 1271 2883 esse,
1310 2837 1411 2888 quia
1449 2837 1491 2876 in
1531 2836 1695 2876 Divino

215 2900 334 2952 quod
366 2900 569 2953 procedit
602 2899 658 2939 ab
690 2899 808 2951 Ipso.
872 2898 971 2939 Hoc
1005 2897 1177 2938 caelum
1206 2905 1596 2951 repraesentatum
1623 2906 1694 2939 est
