1962 3334
564 244 671 291 CAP.
693 243 776 284 xt„
798 243 937 276 VERS.
958 244 1108 288 7.-Ν,
1130 202 1310 288 65ο[ἰί]ζ
1410 206 1417 211 ⁰
1446 289 1451 292 Ι
1577 234 1681 288 1683

197 355 340 409 pens”
373 355 660 410 significabat
696 355 905 398 sensuale
945 356 1067 410 quod
1107 363 1179 398 est
1219 355 1429 397 ultimum
1466 355 1684 397 naturalis

143 433 149 438 ⁷
195 419 390 460 hominis
411 426 459 461 et
475 419 569 472 ejus
585 420 901 473 prudentiam;
934 427 981 460 et
1003 421 1066 460 sic
1088 420 1133 460 in
1150 419 1345 474 reliquis.
1407 418 1525 472 Quia
1544 419 1685 460 “bes-

194 482 319 523 tiae’‘
358 482 676 536 significabant
716 483 840 524 varia
883 482 1103 524 naturalis
1147 482 1358 530 hominis,
1399 483 1502 523 ideo
1546 483 1686 523 etiam

194 544 436 599 aliquoties
457 546 725 587 mandatum
745 552 832 594 est,
851 546 972 599 quod
994 559 1096 587 cum
1118 546 1352 586 devotioni
1370 545 1531 586 darent
1553 545 1686 586 urbes

193 613 243 649 et
280 609 504 661 regiones,
545 609 686 649 etiam
729 609 1010 650 trucidarent
1051 608 1249 658 bestias;
1296 622 1356 649 ex
1400 622 1537 650 causa
1581 609 1685 662 quia

197 670 445 712 “bestiae'’
475 664 884 724 repraesentabant
915 671 1037 712 mala
1066 678 1113 712 et
1145 671 1332 725 profana
1362 685 1478 724 quae
1508 670 1686 712 fuerunt

194 733 315 787 apud
345 733 552 774 homines
587 735 662 788 qui
697 734 930 776 devotioni
961 734 1200 775 dabantur.
1262 733 1491 786 Quoniam
1527 747 1687 774 omnes

194 797 370 851 species
400 797 646 843 bestiarum
677 796 997 850 significabant
1028 798 1153 837 varia
1182 810 1297 850 quae
1328 797 1448 850 apud
1478 796 1686 837 homines

194 859 415 902 ecclesiae
440 866 562 908 sunt,
589 860 692 900 ideo
724 860 851 913 leges
882 859 1004 901 latae
1035 866 1142 900 sunt
1173 860 1230 900 de
1262 859 1434 908 bestiis,
1462 872 1686 913 quaenam

194 922 400 964 edendae
438 929 486 963 et
526 936 751 976 quaenam
790 936 883 964 non
923 923 1129 964 edendae
1172 921 1332 976 (Levit.
1372 921 1456 975 xi.)
1478 935 1487 962 z
1534 926 1687 975 “quae

194 984 431 1026 edendae’'
456 985 775 1038 significabant
802 986 937 1035 bona,
964 992 1012 1027 et
1041 989 1194 1039 “quae
1219 998 1311 1026 non
1336 985 1541 1025 edendae
1552 984 1573 999 ”
1594 985 1686 1038 sig-

194 1047 440 1089 nificabant
462 1048 583 1088 mala
601 1062 611 1099 ;
644 1055 741 1089 erat
764 1049 885 1089 enim
906 1048 1101 1090 ecclesia
1121 1047 1241 1088 illius
1258 1048 1477 1100 temporis
1495 1047 1687 1088 ecclesia

193 1112 597 1165 repraesentativa,
625 1117 672 1152 et
699 1111 801 1152 ideo
826 1111 1006 1165 singula
1035 1125 1151 1165 quae
1175 1110 1264 1151 illis
1289 1111 1568 1164 praescripta
1593 1110 1687 1151 fue-

193 1179 315 1223 runt,
341 1174 748 1228 repraesentabant
774 1181 822 1215 et
853 1173 1187 1227 significabant,
1214 1174 1454 1227 praecipue
1486 1173 1688 1224 bestiae;

194 1237 253 1278 de
277 1251 366 1291 qua
389 1251 437 1278 re
461 1238 527 1279 ita
553 1237 720 1291 legitur
744 1238 864 1291 apud
888 1237 1059 1286 Mosen,

261 1337 527 1378 “Distinguetis
547 1338 641 1369 inter
658 1338 810 1369 bestiam
830 1337 1000 1368 mundam
1021 1342 1057 1368 et
1076 1336 1310 1374 immundam,
1330 1342 1366 1367 et
1389 1336 1483 1367 inter
1500 1345 1604 1366 avem
1624 1335 1690 1366 im-

368 1382 539 1413 mundam
556 1388 593 1412 et
608 1381 790 1417 mundam.
807 1387 846 1412 ut
865 1391 938 1412 non
958 1381 1218 1411 abominabiles
1235 1379 1375 1411 faciatis
1394 1381 1533 1410 animas
1550 1386 1688 1410 vestras

368 1435 433 1466 per
447 1425 598 1456 bestiam
615 1431 651 1456 et
666 1435 770 1456 avem
785 1435 809 1456 ;.
824 1449 832 1456 .
845 1449 854 1456 .
868 1431 919 1456 .et
934 1425 1035 1456 eritis
1050 1424 1140 1455 Mihi
1157 1422 1273 1455 saneti
1283 1423 1301 1434 '¹
1317 1423 1440 1462 (Levit.
1457 1433 1513 1454 xx.
1532 1431 1583 1461 25,
1602 1423 1666 1462 26).

194 1522 271 1564 Ex
310 1522 381 1564 his
420 1536 537 1564 nunc
574 1523 716 1563 videri
753 1528 909 1576 potest
946 1522 1067 1563 unde
1107 1528 1177 1563 est
1218 1521 1339 1575 quod
1376 1520 1592 1562 sacrificia
1627 1534 1687 1561 ex

188 1581 328 1626 <variis
358 1586 605 1638 bestiarum
635 1586 877 1639 generibus
909 1586 1129 1639 permissa
1159 1584 1340 1632 suerint,
1368 1591 1417 1625 ut
1450 1598 1509 1624 ex
1541 1584 1687 1636 agnis,

75 1668 88 1711 ,ζ
147 1647 149 1649 ’
194 1648 367 1697 ovibus,
389 1648 561 1697 haedis,
585 1650 745 1703 capris,
765 1649 983 1702 juvencis,
1007 1648 1212 1696 bovibus,
1237 1654 1284 1688 et
1311 1661 1370 1688 ex
1392 1646 1615 1687 columbis
1640 1653 1692 1704 et

142 1755 145 1759 ,
194 1712 469 1762 turturibus;
507 1725 684 1765 nempe,
712 1713 815 1766 quia
846 1710 1165 1764 significabant
1191 1710 1444 1764 spiritualia
1474 1716 1522 1750 et
1554 1715 1687 1749 natu-

194 1774 306 1816 ralia
349 1789 409 1816 ex
453 1776 627 1828 origine
672 1775 922 1829 spirituali;
971 1775 1089 1815 sicut
1136 1775 1284 1827 “agni
1301 1773 1321 1788 ”
1362 1773 1687 1820 innocentiam,

197 1840 347 1880 “oves
357 1838 378 1853 '’
394 1838 683 1886 charitatem,
705 1838 951 1891 “juvenci’'
968 1845 1014 1879 et
1041 1837 1219 1878 “boves
1234 1837 1254 1852 ''
1271 1835 1531 1877 affe&iones
1554 1842 1688 1876 natu·

194 1900 300 1943 ralis
330 1900 526 1942 hominis
562 1900 872 1942 affectionibus
909 1900 1154 1954 spiritualis
1186 1900 1381 1940 hominis
1418 1911 1688 1951 correspon-

194 1964 371 2005 dentes.
433 1964 546 2004 Inde
572 1971 670 2004 erat
697 1964 818 2017 quod
844 1964 1020 2004 bestiae
1046 1977 1128 2016 pro
1154 1961 1383 2003 sacrificiis
1407 1963 1690 2002 variarentur

195 2027 444 2068 secundum
483 2040 642 2068 causas
682 2034 869 2080 propter
908 2040 1020 2080 quas
1065 2026 1384 2074 offerebantur,
1431 2025 1552 2078 quod
1597 2038 1688 2065 non

194 2087 361 2130 sactum
382 2089 539 2130 suisset
566 2091 649 2130 nisi
677 2090 858 2142 singula
884 2089 1102 2130 sacrificia
1128 2103 1187 2130 ex
1210 2089 1367 2129 bestiis
1394 2087 1690 2140 significavis-

195 2159 300 2194 sent
330 2153 442 2194 talia
472 2167 587 2207 quae
618 2153 839 2194 ecclesiae
865 2159 985 2193 sunt.
1048 2151 1275 2205 Quoniam
1302 2152 1442 2192 homo
1467 2150 1688 2192 ecclesiae

195 2214 332 2257 hodie
356 2230 493 2269 aegre
519 2217 683 2257 adduci
714 2222 869 2269 potest
901 2216 959 2256 ad
985 2215 1262 2256 credendum
1288 2215 1409 2268 quod
1441 2228 1520 2267 per
1547 2214 1687 2255 “bes-

196 2278 318 2321 tias'’
341 2286 389 2320 et
418 2279 606 2320 “feras”
631 2281 676 2320 in
703 2279 859 2320 Verbo
885 2278 1197 2332 significentur
1221 2276 1483 2319 affefflones
1509 2277 1615 2318 boni
1640 2284 1687 2318 et

195 2343 304 2391 veri,
336 2356 451 2396 quae
488 2349 593 2383 sunt
630 2343 803 2383 homini
840 2342 1075 2390 ecclesiae,
1108 2347 1156 2382 et
1193 2340 1279 2382 hoc
1317 2354 1377 2381 ex
1414 2353 1550 2380 causa
1586 2341 1690 2393 quia

196 2412 386 2459 apparet
417 2405 614 2446 alienum
646 2406 767 2459 quod
804 2405 972 2458 aliquid
1008 2404 1183 2445 bestiae
1214 2403 1490 2456 significaret
1521 2402 1688 2456 aliquid

196 2467 406 2517 hominis,
445 2469 548 2510 ideo
584 2469 720 2510 velim
757 2468 905 2509 adhuc
946 2482 970 2509 e
1007 2467 1164 2508 Verbo
1199 2467 1355 2508 afferre
1392 2468 1532 2521 plura,
1574 2481 1689 2522 quae

197 2530 468 2573 confirmant
484 2532 695 2585 :—Apud
725 2531 1011 2579 Ezechielem,

263 2629 358 2661 “Dic
374 2630 435 2661 ad.
450 2639 585 2670 ‚regem
603 2630 759 2670 Aegypti
776 2637 811 2661 et
827 2630 871 2661 ad
889 2629 1154 2660 multitudinem
1172 2629 1261 2670 ejus,
1275 2629 1341 2661 Cui
1358 2630 1485 2661 similis
1502 2640 1541 2661 es
1559 2631 1594 2661 in
1612 2631 1690 2662 alti-

372 2674 495 2705 tudine
511 2675 596 2706 tua?
641 2673 730 2705 Ecce
747 2674 887 2704 Aschur
903 2673 1029 2704 cedrus
1046 2673 1081 2704 in
1101 2672 1247 2711 Libano,
1265 2674 1411 2714 pulchra
1427 2684 1527 2705 ramo
1545 2681 1580 2705 et
1599 2675 1689 2705 silva

371 2718 567 2755 umbrosa„
581 2742 589 2748 .
603 2742 611 2749 .
625 2718 713 2749 ,alta
736 2715 831 2748 faeta
854 2724 909 2748 est
933 2717 1082 2748 altitudo
1105 2716 1183 2756 ejus
1207 2726 1293 2757 prae
1312 2718 1478 2749 omnibus
1502 2718 1690 2749 arboribus

371 2761 457 2800 agri,
474 2767 510 2792 et
529 2761 749 2800 multiplicati
769 2767 853 2791 sunt
871 2761 960 2791 rami
979 2759 1057 2800 ejus
1077 2770 1140 2800 per
1157 2770 1268 2801 aquas
1287 2761 1434 2793 multas.
1449 2786 1456 2792 .
1470 2771 1498 2797 .;
1523 2761 1559 2792 in
1582 2762 1690 2792 ramis

372 2803 450 2844 ejus
470 2804 694 2835 nidificarunt
712 2813 838 2835 omnes
858 2813 943 2835 aves
962 2803 1152 2841 caelorum,
1171 2810 1207 2835 et
1231 2805 1298 2836 sub
1318 2805 1425 2835 ramis
1445 2804 1523 2844 ejus
1543 2814 1690 2844 pepere-

372 2853 454 2879 runt
473 2848 590 2879 omnis
614 2847 691 2879 sera
713 2848 799 2887 agri,
819 2857 860 2878 ac
884 2847 919 2878 in
944 2848 1071 2878 umbra
1092 2847 1171 2887 ejus
1190 2848 1395 2879 habitarunt
1413 2858 1540 2879 omnes
1559 2855 1687 2888 gentes

373 2900 523 2932 magnae
536 2900 545 2930 ;
570 2891 715 2932 pulchra
734 2891 799 2923 fuit
816 2891 1060 2932 magnitudine
1077 2901 1142 2923 sua
1153 2902 1177 2924 ε.
1192 2916 1200 2924 .
1213 2916 1221 2924 .
1236 2892 1314 2924 ‚sed
1331 2892 1499 2934 quoniam
1516 2893 1630 2923 elatus
1647 2901 1686 2923 es
