1962 3334
249 279 263 308 1
273 266 352 319 856
653 276 987 309 APOCALvPffls
1019 277 1318 310 EXPLICATA.

238 388 378 430 ficent.
401 390 546 430 minus
579 396 624 431 et
658 390 771 443 plus,
801 404 964 444 nempe
996 391 1069 444 qui
1096 391 1252 432 colunt
1281 391 1540 440 Dominum,
1568 392 1632 433 ita
1658 392 1730 445 qui

238 453 384 492 minus
410 459 455 492 et
490 452 588 505 plus
621 454 665 493 in
693 454 809 494 veris
842 468 901 494 ex
935 454 1055 494 bono
1082 461 1202 502 sunt,
1232 461 1302 495 est
1329 455 1432 507 quia
1457 467 1614 495 sensus
1641 455 1731 508 spi-

237 514 411 554 ritualis
444 514 584 555 Verbi
616 514 871 556 abstra&us
904 522 973 556 est
1011 516 1068 556 ab
1100 517 1222 556 omni
1253 515 1461 569 respeEtu
1495 531 1728 569 personae,

238 577 355 617 nude
382 579 500 617 enim
533 591 627 618 rem
658 579 885 629 intuetur;
924 585 970 619 et
1002 580 1046 619 in
1078 593 1190 619 voce
1219 582 1497 632 “parvorum
1523 586 1568 620 et
1602 593 1730 633 mag-

237 639 426 679 norum'’
449 646 518 680 est
543 640 773 694 respecfftus
797 655 1030 694 personae,
1057 655 1161 681 nam
1184 641 1501 694 intelliguntur
1524 642 1730 682 homines

237 703 310 755 qui
329 702 484 742 colunt
510 703 655 743 Deum
676 718 683 754 ;
718 704 821 744 inde
845 711 914 744 est
938 704 1057 757 quod
1082 718 1161 757 pro
1184 704 1271 744 illis
1295 705 1338 744 in
1361 719 1416 745 eo
1439 718 1572 745 sensu
1595 704 1730 745 intel-

238 765 405 817 ligatur
431 767 576 805 minus
603 773 650 806 et
674 767 832 819 magis,
862 768 925 807 ita
957 768 1029 820 qui
1062 781 1121 807 ex
1147 768 1353 819 genuinis
1380 767 1496 807 veris
1528 773 1574 808 et
1601 767 1731 807 bonis

238 829 383 868 minus
423 835 468 869 et
507 830 652 882 magis
690 830 860 870 colunt.
934 829 1087 870 Simile
1127 831 1265 870 etiam
1304 837 1374 871 est
1413 843 1513 870 curn
1554 831 1731 870 “servis

238 891 473 944 prophetis
489 891 508 906 '¹
541 899 587 933 et
623 891 869 942 “san&is,’‘
902 893 958 933 de
990 893 1149 946 quibus
1182 906 1291 933 mox
1324 907 1471 946 supra,
1506 907 1584 946 per
1620 907 1732 946 quos

239 967 328 993 non
361 954 680 1007 intelliguntur
711 957 755 995 in
789 970 923 996 sensu
955 955 1176 1009 spirituali
1209 956 1461 1009 prophetae
1493 962 1539 996 et
1572 953 1730 1003 saneti,

238 1017 318 1057 sed
345 1017 575 1058 abstraete
601 1033 627 1058 a
653 1020 859 1072 personis
885 1033 992 1060 vera
1019 1017 1252 1059 doetrinae
1285 1025 1331 1059 et
1363 1020 1458 1059 vita
1485 1019 1731 1060 secundum

239 1079 343 1130 illa;
386 1081 492 1122 dum
530 1081 607 1121 illa
644 1082 976 1134 intelliguntur,
1010 1081 1226 1122 inclusive
1258 1083 1396 1123 etiam
1434 1082 1731 1135 comprehen-

240 1142 407 1183 duntur
433 1157 591 1185 omnes
617 1146 690 1198 qui
724 1146 767 1185 in
800 1146 916 1186 veris
943 1143 1176 1185 doetrinae
1208 1152 1254 1185 et
1287 1146 1330 1185 in
1363 1146 1458 1185 vita
1484 1145 1731 1186 secundum

240 1205 317 1246 illa
343 1213 462 1255 sunt,
491 1207 603 1248 haec
631 1209 750 1248 enirn
783 1215 887 1249 sunt
921 1209 964 1248 in
992 1206 1203 1260 subjthis
1230 1222 1343 1261 quae
1375 1214 1480 1248 sunt
1509 1207 1660 1260 angeli
1686 1214 1732 1248 et

240 1269 475 1321 homines;
514 1277 560 1311 at
594 1272 798 1324 cogitare
825 1278 931 1312 tunc
960 1270 1106 1311 solum
1135 1271 1325 1324 angelos
1358 1277 1403 1311 et
1431 1270 1636 1311 homines
1662 1277 1732 1311 est

242 1333 462 1381 naturale,
488 1334 567 1374 sed
591 1335 796 1387 cogitare
814 1348 919 1374 vera
942 1333 1174 1374 doetrinae
1198 1340 1243 1373 et
1266 1335 1408 1374 vitam
1434 1347 1547 1387 quae
1565 1334 1733 1374 faciunt

240 1395 430 1448 angelos
462 1403 507 1436 et
540 1397 747 1437 homines
774 1403 844 1437 est
877 1396 1122 1450 spirituale.
1187 1397 1298 1437 Inde
1331 1403 1542 1437 constare
1575 1403 1732 1449 potest

240 1459 469 1511 quomodo
496 1473 654 1500 sensus
680 1459 942 1513 spiritualis,
970 1460 1013 1499 in
1046 1474 1134 1513 quo
1166 1466 1270 1500 sunt
1297 1459 1463 1513 angeli,
1491 1473 1539 1500 se
1570 1460 1731 1499 distin—

240 1522 337 1574 guit
364 1535 390 1561 a
416 1536 549 1562 sensu
576 1522 784 1571 naturali,
813 1524 856 1563 in
883 1537 971 1576 quo
998 1529 1101 1563 sunt
1129 1522 1362 1573 homines;
1406 1536 1582 1576 nempe,
1611 1524 1731 1576 quod

241 1585 443 1637 singulis,
469 1600 582 1639 quae
609 1586 816 1626 homines
842 1587 1066 1638 cogitant,
1091 1585 1325 1625 inhaereat
1352 1585 1519 1638 aliquid
1545 1599 1604 1626 ex
1632 1600 1731 1639 per-

243 1661 369 1696 sona,
398 1662 456 1688 ex
490 1649 653 1702 spatio,
683 1663 742 1689 ex
775 1655 995 1702 tempore,
1025 1654 1070 1688 et
1103 1662 1161 1688 ex
1190 1649 1392 1696 materia,
1420 1654 1468 1688 at
1501 1648 1621 1702 quod
1652 1661 1732 1688 an-

241 1711 331 1763 geli
358 1712 566 1764 cogitent
594 1726 664 1752 res
691 1710 921 1752 abstraGte
948 1712 1005 1751 ab
1031 1711 1143 1751 illis:
1183 1711 1286 1751 inde
1313 1717 1382 1751 est
1410 1711 1530 1764 quod
1556 1711 1732 1764 angelis

241 1775 299 1814 sit
341 1774 521 1827 loquela
562 1774 733 1814 homini
774 1773 1255 1827 incomprehensibilis,
1299 1775 1401 1826 quia
1441 1773 1519 1814 illa
1563 1780 1632 1814 est
1674 1788 1732 1814 ex

240 1837 481 1877 intuitione
522 1838 583 1877 rei
624 1844 670 1878 et
712 1837 816 1878 inde
854 1837 1077 1890 sapientia
1115 1834 1345 1876 abstraGta
1382 1850 1407 1876 a
1447 1830 1628 1885 talibus,
1667 1837 1731 1877 ita

240 1898 490 1952 respefflve
512 1900 866 1940 indeterminata
888 1900 944 1939 ad
971 1899 1048 1939 illa
1074 1913 1187 1952 quae
1214 1899 1392 1952 propria
1418 1899 1571 1939 mundi
1599 1905 1732 1939 natu-

240 1961 346 2002 ralis
378 1969 496 2002 sunt.
560 1961 694 2015 Quod
727 1977 805 2016 per
840 1963 1039 2002 “timere
1071 1975 1236 2002 nomen
1270 1961 1428 2002 tuum”
1455 1961 1734 2014 significetur

241 2025 391 2066 colere
415 2025 675 2075 Dominum,
700 2032 770 2066 est
793 2026 895 2078 quia
918 2039 996 2078 per
1017 2028 1041 2044 “
1056 2026 1215 2065 timere
1230 2024 1249 2038 '⁹
1267 2023 1546 2076 significatur
1568 2024 1731 2073 colere,

243 2095 288 2129 et
327 2102 405 2141 per
439 2092 644 2129 “nomen
677 2088 835 2129 tuum”
867 2088 1119 2137 Dominus;
1164 2100 1268 2127 nam
1305 2088 1349 2126 in
1387 2101 1518 2127 versu
1549 2101 1732 2141 praece-

241 2151 381 2191 dente
418 2151 581 2191 dicitur
618 2151 738 2204 quod
778 2151 977 2203 “viginti
1015 2156 1061 2191 et
1099 2156 1291 2203 quatuor
1327 2151 1526 2190 seniores
1563 2151 1734 2203 gratias

242 2214 419 2266 egerint
453 2214 651 2254 Domino
685 2214 798 2262 Deo,
833 2214 906 2267 qui
939 2227 986 2254 es
1018 2219 1064 2254 et
1097 2214 1170 2266 qui
1204 2226 1301 2252 eras
1334 2218 1379 2253 et
1413 2213 1485 2265 qui
1517 2219 1734 2253 venturus

242 2291 290 2317 es
308 2276 342 2327 ;''
378 2291 515 2330 quare
547 2291 625 2330 per
659 2277 858 2317 “timere
891 2289 1056 2316 nomen
1089 2282 1215 2316 tuum
1232 2275 1250 2289 '¹
1283 2275 1554 2327 intelligitur
1585 2275 1733 2316 colere

243 2339 501 2380 Dominum.
564 2340 615 2379 In
639 2339 795 2380 Verbo
821 2346 917 2380 tam
941 2338 1124 2379 Veteris
1147 2351 1281 2391 quam
1305 2338 1422 2378 Novi
1446 2338 1734 2379 Testamenti

242 2403 405 2444 dicitur
425 2406 450 2422 “
465 2416 630 2443 nomen
646 2402 887 2455 Jehovae,'’
909 2406 1113 2441 “nornen
1138 2400 1360 2449 Domini,”
1381 2404 1584 2441 “nomen
1609 2401 1734 2449 Dei,”

242 2471 288 2506 et
318 2468 523 2506 “nomen
547 2465 653 2518 Jesu
681 2465 849 2506 Christi
871 2464 904 2515 ;''
937 2471 982 2505 et
1009 2465 1068 2505 ibi
1095 2478 1174 2517 per
1202 2468 1227 2483 “
1244 2477 1409 2504 nomen
1423 2463 1442 2478 ’'
1468 2455 1733 2516 intelligun-

242 2534 316 2568 tur
345 2529 498 2568 omnia
529 2542 607 2580 per
638 2541 752 2581 quae
785 2527 962 2575 colitur,
987 2528 1052 2568 ita
1084 2527 1235 2567 omnia
1260 2527 1425 2566 amoris
1457 2533 1504 2567 et
1536 2525 1652 2574 fidei,
1681 2541 1732 2567 ac

242 2592 286 2631 in
312 2604 521 2644 supremo
548 2604 681 2630 sensu
708 2590 980 2642 intelligitur
1007 2590 1109 2643 Ipse
1137 2589 1372 2638 Dominus,
1400 2590 1503 2642 quia
1528 2589 1601 2629 ubi
1629 2589 1732 2642 Ipse

242 2659 327 2702 est,
355 2654 414 2694 ibi
437 2659 541 2694 sunt
569 2653 719 2693 omnia
745 2654 910 2693 amoris
936 2658 983 2693 et
1010 2652 1139 2702 fidei;
1179 2652 1299 2705 quod
1332 2652 1443 2692 haec
1471 2658 1517 2692 et
1549 2650 1626 2691 illa
1653 2665 1731 2704 per

245 2720 448 2757 “nomen
473 2715 713 2768 Jehovae,'’
739 2715 959 2756 “Domini
987 2714 1110 2763 Dei,”
1133 2720 1179 2755 et
1205 2715 1346 2767 “jesu
1374 2713 1572 2755 Christi”
1595 2713 1731 2754 intel-

243 2778 459 2830 ligantur,
486 2777 695 2817 videatur
725 2790 859 2830 supra
891 2785 1282 2828 (n.102,135.224),
1315 2782 1361 2816 et
1392 2788 1571 2829 quoque
1601 2781 1733 2828 patet

242 2853 302 2880 ex
329 2839 398 2880 his
425 2838 608 2880 Domini
634 2838 796 2887 verbis,

1950 2052 1962 2159 ⁴-⁴h.-—-.-..=-
1957 1984 1962 2023 ...Α
1955 1902 1962 1968 Αιμ..
1955 1831 1962 1883 ,Ἴ-,ι
1955 1732 1962 1813 ⁴...x.
1960 1686 1962 1692 .
