1962 3334
579 261 686 294 CAP.
708 261 791 301 xx„
813 260 953 293 VERs.
979 260 1122 292 1.—N.
1142 249 1311 305 627[b].
1582 250 1694 303 1603‘

147 374 150 375 ⁷
201 374 325 417 lamo
361 374 623 428 confringi,”
658 372 885 427 significat
923 372 1123 427 separari
1161 386 1189 414 a
1224 371 1433 426 potentia
1469 371 1689 426 spirituali

200 437 477 492 percipiendi
510 450 682 485 verum,
719 443 768 478 et
807 437 912 478 inde
951 450 979 477 a
1014 436 1212 477 sensuali
1248 449 1468 489 corporeo
1504 434 1689 476 homine

199 499 295 542 falli
318 506 367 541 et
388 513 468 554 per
490 499 652 541 salsum
677 499 847 553 perire;
882 498 1124 540 “calamus
1134 498 1156 514 ”
1176 504 1248 540 est
1269 511 1430 539 verum
1454 498 1500 538 in
1525 497 1689 538 ultimo

145 579 149 582 >
200 562 382 611 ordinis,
405 562 525 616 quod
550 569 741 603 vocatur
764 561 1063 603 scientificum
1090 560 1313 609 sensuale,
1341 561 1463 614 quod
1487 559 1539 601 fit
1565 573 1688 601 mere

198 622 360 666 falsum
385 624 567 678 quando
592 631 663 665 est
692 623 831 664 solius
853 623 1071 665 naturalis
1095 623 1291 664 hominis
1316 623 1516 676 separati
1546 636 1572 663 a
1597 623 1689 676 spi-

198 687 374 729 rituali:
419 690 599 741 “pavor
623 687 752 728 exitii
782 687 868 728 Dei
878 686 900 701 '’
924 685 1151 739 significat
1177 683 1401 738 jadaram
1426 683 1689 726 intelle&us

201 749 350 809 omnis
378 751 499 800 veri;
543 753 690 803 “prae
721 748 964 802 majestate
995 749 1140 802 Ipsius
1170 747 1282 788 nihil
1313 761 1448 801 posse
1466 747 1487 762 ’⁹
1516 746 1689 801 signifi-

150 840 170 855 -Κ
199 818 278 854 cat
307 812 429 866 quod
459 812 570 852 nihil
600 810 861 853 intelleetus
891 818 939 852 et
967 811 1274 864 perceptionis
1305 811 1399 851 veri
1437 810 1496 851 sit
1527 823 1554 851 a
1583 824 1689 863 pro·

199 875 298 930 prio
327 875 536 924 hominis,
569 875 650 916 sed
681 888 816 916 omne
846 889 907 916 ex
944 874 1072 924 Deo;
1115 878 1327 928 “ponere
1357 886 1513 914 aurum
1543 886 1688 926 spem,

201 944 250 985 et
274 938 425 980 dicere
445 953 554 980 auro
578 953 704 993 puro,
729 938 915 979 Fiducia
936 937 1079 987 mea,”
1099 936 1326 991 significat
1347 937 1469 990 quod
1491 937 1574 977 sibi
1597 950 1688 977 non

201 1001 397 1044 confisus
426 1002 571 1050 suerit,
604 1002 833 1043 credendo
867 1001 988 1055 quod
1024 999 1192 1055 aliquid
1227 1000 1335 1041 boni
1370 1001 1430 1041 sit
1466 1013 1493 1040 a
1528 1006 1689 1040 semet.

201 1064 341 1119 Apud
363 1064 648 1113 Ezechielem,
870 1077 876 1084 ’

266 1161 348 1194 “Ut
368 1167 590 1202 cognoscant
612 1171 739 1192 omues
762 1161 986 1192 habitatores
1002 1160 1160 1201 Aegypti
1184 1160 1279 1201 quod
1304 1159 1382 1200 Ego
1397 1159 1570 1201 Jehovah,
1586 1168 1693 1200 prop-

375 1210 474 1236 teroe
484 1205 579 1246 quod
590 1205 642 1236 illi
654 1204 790 1236 fuerint
801 1204 952 1236 baculus
964 1204 1094 1235 calami
1107 1204 1231 1235 domui
1245 1203 1391 1235 Israelis
1405 1212 1413 1240 ;
1433 1203 1577 1244 qnando
1590 1210 1693 1234 tenu-

376 1254 482 1280 erunt
497 1254 532 1279 te
545 1258 667 1285 manu,
679 1246 886 1279 confraeius
902 1257 951 1286 es,
964 1247 1154 1288 perfodisti
1170 1247 1242 1279 illis
1258 1257 1404 1278 omnem
1421 1247 1611 1278 humerum
1624 1255 1632 1283 ;
1655 1252 1693 1277 et

374 1291 520 1332 quando
535 1291 650 1323 innixi
666 1298 751 1323 sunt
766 1291 841 1329 tibi,
854 1289 990 1323 {fastus
1005 1301 1055 1329 εδ,
1074 1297 1110 1323 et
1125 1297 1223 1322 stare
1239 1290 1358 1322 fecisti
1374 1290 1446 1321 illis
1459 1299 1587 1321 omnes
1602 1290 1693 1321 lum-

375 1335 444 1366 bos
454 1334 474 1346 ”
489 1334 597 1375 (xxix.
614 1335 645 1373 6,
663 1336 714 1374 7);

201 1429 364 1470 similia
408 1429 481 1470 hic
529 1429 587 1470 de
635 1428 858 1483 Aegypto
901 1429 1115 1470 dicuntur
1163 1443 1279 1483 quae
1323 1442 1472 1482 supra,
1518 1434 1565 1469 et
1613 1442 1693 1481 per

204 1491 511 1546 “Aegyptum
521 1492 542 1507 ”
563 1491 635 1533 hic
657 1506 836 1546 quoque
858 1491 1140 1545 significatur
1156 1491 1375 1533 naturalis
1398 1491 1537 1532 homo
1558 1504 1691 1544 sepa-

84 1543 150 1598 ἕρπ’
201 1561 328 1597 ratus
363 1568 391 1596 a
425 1554 659 1608 spirituali,
691 1568 743 1595 ac
781 1554 1079 1596 scientificum
1118 1554 1227 1607 ejus,
1260 1555 1381 1608 quod
1412 1554 1692 1607 applicatum

201 1616 333 1659 malis
357 1622 429 1658 est
454 1630 576 1658 mere
601 1617 789 1667 falsum;
826 1617 940 1658 haec
966 1617 1023 1658 de
1053 1617 1143 1657 illis
1173 1617 1218 1657 in
1245 1616 1453 1664 ecclesia,
1481 1617 1556 1670 qui
1586 1630 1691 1669 pro·

201 1679 326 1734 priae
355 1678 688 1732 intelligentiae
719 1678 966 1727 confident,
999 1677 1121 1720 dicta
1155 1685 1288 1719 sunt:
1334 1677 1451 1718 “filii
1482 1678 1693 1719 Israelis”

202 1740 460 1795 significant
485 1741 589 1782 illos
620 1742 694 1794 qui
725 1741 783 1782 ab
814 1741 1009 1782 ecclesia
1040 1748 1172 1791 sunt;
1210 1740 1390 1781 illorum
1416 1739 1693 1782 confidentia

202 1803 481 1857 significatur
501 1817 581 1858 per
603 1803 852 1845 “baculum
875 1803 1039 1845 calami
1060 1803 1096 1844 :’'
1126 1804 1247 1857 quod
1273 1804 1377 1844 inde
1402 1803 1490 1844 illis
1511 1805 1693 1857 perierit

167 1909 173 1914 ,
202 1868 350 1908 omnis
370 1866 563 1907 facultas
580 1866 855 1920 percipiendi
872 1879 1042 1915 verum,
1061 1865 1340 1919 significatur
1361 1880 1440 1919 per
1455 1870 1481 1886 “
1495 1865 1692 1919 Quando

73 1931 139 1977 ’“5,
202 1935 447 1972 tenuerunt
470 1936 516 1971 te
542 1943 678 1970 manu
699 1927 954 1970 confraCtus
979 1943 1042 1978 es,
1066 1936 1113 1970 et
1138 1928 1381 1983 perfodisti
1397 1929 1486 1969 illis
1508 1942 1692 1970 omnem

202 1991 438 2034 humerum
455 1992 488 2042 ;”
512 1996 538 2012 “
550 1992 760 2032 humerus
772 1991 792 2007 ’²
809 1991 1035 2045 significat
1053 1993 1309 2045 potentiam
1326 2005 1405 2032 seu
1422 1991 1691 2033 facultatem

74 2039 150 2095 fs
173 2086 177 2090 ,
202 2054 492 2108 intelligendi
517 2067 672 2095 verum
694 2069 703 2103 ;
736 2053 912 2106 jactura
943 2054 1037 2107 ejus
1062 2053 1342 2107 significatur
1366 2055 1693 2108 perf‘quando

202 2117 346 2158 innixi
367 2124 473 2158 sunt
495 2118 590 2165 tibi,
614 2115 779 2158 suffitus
803 2131 852 2157 es
869 2117 904 2157 :'’
934 2117 1055 2170 quod
1081 2117 1186 2158 inde
1211 2130 1347 2158 omne
1372 2118 1540 2158 bonum
1562 2131 1692 2158 amo-

203 2179 263 2222 r'is
292 2186 341 2221 et
371 2180 606 2221 charitatis
631 2180 916 2233 deperditum
943 2186 990 2220 et
1021 2180 1289 2233 dissipatum
1315 2181 1388 2227 sit,
1412 2179 1693 2233 significatur

203 2255 284 2296 per
302 2242 472 2284 “Stare
490 2242 636 2284 fecisti
657 2242 745 2282 illis
763 2255 922 2283 omnes
939 2242 1118 2283 lumbos
1134 2242 1170 2293 ;”
1203 2246 1230 2262 ‘⁸
1243 2242 1383 2283 lumbi
1393 2243 1413 2257 ”
1430 2241 1691 2296 significant

204 2304 461 2359 conjugium
492 2306 584 2346 veri
620 2311 667 2346 et
704 2306 825 2353 boni,
858 2305 930 2345 hic
965 2306 1120 2358 itaque
1155 2305 1276 2359 quod
1312 2319 1404 2346 non
1440 2318 1596 2346 verum
1634 2306 1692 2346 sit

204 2366 492 2421 conjunetum
522 2368 671 2417 bono;
712 2380 867 2408 verum
899 2365 1187 2420 conjuncstum
1224 2368 1347 2408 bono
1382 2368 1491 2409 facit
1522 2368 1692 2408 bonum

204 2430 368 2471 amoris
389 2436 436 2471 et
458 2430 707 2478 charitatis,
731 2430 943 2484 quoniam
966 2443 1101 2470 omne
1126 2430 1295 2471 bonum
1316 2431 1482 2471 amoris
1508 2438 1555 2472 et
1581 2430 1692 2471 cha-

203 2492 350 2534 ritatis
373 2492 590 2534 formatur
615 2506 694 2546 per
718 2506 837 2533 vera.
898 2491 1038 2545 Apud
1062 2492 1297 2542 Davidem,
1581 2484 1586 2488 ’

271 2596 291 2609 “
301 2594 452 2636 Increpa
462 2595 575 2626 feram
587 2595 748 2632 calami,”
758 2605 822 2627 seu
832 2596 1001 2632 cannae,“
1011 2596 1327 2636 congregationem
1341 2596 1485 2628 fortium
1498 2597 1591 2628 inter
1602 2597 1694 2628 vitu·

377 2639 431 2670 los
447 2639 670 2679 populorum,
684 2639 899 2670 conculcans
915 2638 1067 2670 laminas
1079 2639 1230 2679 argenti,
1242 2640 1411 2680 dispersit
1424 2640 1586 2681 populos,
1599 2640 1694 2671 bena

377 2679 611 2714 1¹1desiderat:
644 2682 789 2713 venient
813 2682 964 2722 pingues
987 2692 1032 2713 ex
1054 2682 1234 2723 Aegypto,
1258 2683 1452 2724 Aethiopia
1480 2683 1694 2715 accelerabit

377 2723 540 2757 [²lmanus
559 2735 642 2757 suas
663 2725 741 2757 Deo
751 2725 769 2736 '’
786 2726 859 2765 (Ps.
876 2725 987 2757 lxviii.
1004 2733 1056 2764 31,
1073 2733 1116 2765 32
1134 2723 1195 2768 [B.
1208 2728 1253 2758 A.
1270 2735 1323 2766 30,
1340 2724 1434 2768 31]):

206 2819 355 2873 agitur
382 2820 443 2861 ibi
471 2820 529 2862 de
558 2834 702 2874 regno
733 2820 941 2861 Domini:
983 2821 1104 2874 quod
1130 2822 1381 2862 cavendum
1407 2822 1465 2863 sit
1492 2835 1517 2862 a
1543 2822 1691 2862 scien-

135 2944 142 2948 (
206 2880 329 2924 tifico
352 2882 479 2933 falso,
502 2883 588 2925 hoc
615 2890 700 2933 est,
727 2897 753 2924 a
778 2882 1029 2925 scientifico
1053 2883 1164 2926 salse
1189 2884 1418 2938 applicato
1444 2899 1469 2926 e
1495 2883 1691 2925 naturali
