1962 3334
574 302 680 336 CAP.
703 302 767 344 X„
790 301 928 334 VERs.
956 301 1098 334 1.-N.
1123 290 1281 346 594[c].
1445 287 1453 293 '
1564 299 1670 345 1495

189 415 316 458 lare”
341 415 566 470 significat
595 413 939 456 instrufflonem
969 419 1017 455 et
1047 413 1280 462 influxum‚
1311 415 1496 467 “aquae
1507 412 1528 428 ‘’
1551 426 1673 460 vera,

191 478 345 520 “caeli
357 479 378 495 ”
393 479 607 520 interiora
623 477 731 530 ejus,
750 484 797 519 et
816 480 842 497 ‘¹
856 477 998 518 nubes
1008 476 1029 492 ’¹
1045 477 1275 518 exteriora
1292 475 1385 529 ejus
1402 474 1552 529 qualia
1570 481 1676 516 sunt

188 541 235 584 in
255 555 390 583 sensu
411 541 592 582 litterae
614 541 768 582 Verbi.
828 539 967 594 Apud
991 539 1224 588 Davidem,

255 631 474 664 “stillarunt
488 640 601 671 aquas
618 631 741 668 nubes,
759 640 884 661 vocem
901 630 1077 662 dederunt
1093 630 1268 667 aetheres,
1286 635 1323 661 et
1338 630 1412 661 tela
1427 635 1490 661 tua
1506 627 1677 661 iverunt'·

361 674 434 715 (Ps.
451 674 572 706 lxxvii.
593 675 632 705 18
651 672 711 716 [B.
726 675 772 705 A.
792 671 880 715 17]):

191 761 459 803 “stillarunt
484 775 624 815 aquas
650 762 791 802 nubes
802 761 823 777 ”
848 760 1074 814 significat
1100 761 1220 814 quod
1249 775 1309 802 ex
1335 774 1470 802 sensu
1495 761 1678 802 litterae

188 824 331 866 Verbi
354 825 551 878 genuina
576 838 710 875 vera;
751 829 951 865 “vocem
983 824 1208 865 dederunt
1239 824 1482 865 aetheres”
1506 823 1677 877 signifi-

189 894 267 930 cat
286 886 504 928 influxum
527 902 552 929 e
577 887 740 938 caelis;
776 891 802 908 “
818 887 912 928 tela
934 894 1013 928 tua
1033 887 1242 928 iverunt'’
1263 886 1490 940 significat
1513 886 1678 927 Divina

188 965 299 992 vera
320 951 438 992 inde.
499 950 638 1004 Apud
661 949 869 999 Hiobum,

265 1039 362 1072 Deus
382 1039 499 1080 “ligat
522 1049 635 1080 aquas
658 1039 695 1070 in
719 1039 876 1071 nubibus
899 1039 984 1076 suis,
1004 1045 1040 1071 et
1064 1048 1139 1070 non
1163 1038 1340 1079 rumpitur
1362 1039 1477 1069 nubes
1500 1038 1567 1069 sub
1586 1037 1679 1076 illis;

367 1107 377 1116 .
390 1108 399 1116 .
412 1107 420 1115 .
434 1083 623 1124 .expandit
638 1092 746 1123 super
757 1082 776 1095 '¹
793 1083 926 1114 solium
944 1084 963 1097 ⁴⁴
974 1084 1107 1114 nubem
1123 1092 1228 1114 suam
1238 1082 1257 1094 ''
1274 1082 1382 1122 (xxvi.
1400 1083 1430 1120 8,
1447 1082 1481 1122 9)
1495 1093 1502 1114 :

189 1171 329 1213 etiam
350 1170 423 1212 hic
452 1171 633 1212 “nubes
647 1170 667 1186 ”
692 1184 774 1224 pro
798 1171 916 1211 veris
948 1170 1118 1211 ultimis
1148 1171 1193 1211 in
1219 1170 1401 1220 ordine;
1437 1184 1551 1224 quae
1576 1170 1680 1224 quia

189 1235 235 1275 in
260 1247 309 1275 se
330 1234 569 1275 continent
594 1240 641 1274 et
667 1233 905 1274 includunt
937 1247 1045 1274 vera
1075 1233 1337 1287 spiritualia,
1366 1240 1414 1273 ut
1447 1246 1539 1273 non
1564 1232 1678 1273 dila-

189 1296 367 1345 bantur,
386 1297 550 1338 dicitur
571 1303 618 1337 et
640 1295 920 1349 significatur
940 1310 1020 1350 per
1041 1296 1161 1350 quod
1182 1295 1344 1336 “Deus
1366 1293 1516 1348 ¹¹¹liget
1538 1308 1680 1348 aquas

189 1360 236 1400 in
260 1360 451 1401 nubibus
477 1360 580 1408 suis,
608 1365 655 1400 et
687 1372 779 1399 non
804 1356 1075 1412 ¹²¹rumpatur
1100 1359 1241 1399 nubes
1258 1359 1292 1409 ;”
1329 1359 1541 1412 quoniam
1570 1371 1681 1399 vera

190 1423 433 1471 exteriora,
466 1436 581 1476 quae
610 1428 832 1463 vocantur
862 1421 1102 1470 naturalia,
1136 1422 1275 1463 etiam
1313 1421 1600 1462 circumdant
1632 1427 1680 1461 et

183 1485 469 1528 concludunt
506 1499 613 1526 vera
651 1485 866 1526 interiora
906 1499 1020 1539 quae
1060 1491 1283 1525 vocantur
1324 1484 1586 1538 spiritualia,
1626 1498 1679 1526 ac

191 1548 370 1604 propria
399 1554 505 1589 sunt
535 1547 711 1600 angelis
743 1547 987 1596 caelorum,
1020 1547 1182 1588 dicitur
1213 1554 1259 1588 et
1291 1546 1572 1600 significatur
1602 1561 1682 1601 per

192 1611 314 1665 quod
337 1611 613 1664 “expandat
639 1624 774 1663 super
795 1610 957 1651 solium
984 1610 1150 1651 nubem
1177 1610 1341 1651 suam.”
1397 1609 1535 1663 Apud
1559 1609 1681 1651 Esa-

194 1674 300 1724 iam,

259 1764 280 1778 ‘⁸
291 1762 393 1795 Dixit
407 1762 586 1804 Jehovah.
601 1787 609 1794 .
622 1787 646 1800 .,
661 1762 854 1803 Quiescam
872 1768 907 1793 et
923 1760 1093 1803 spediabo
1110 1762 1148 1793 in
1163 1762 1369 1793 habitaculo
1387 1772 1479 1799 tneo,
1497 1761 1590 1793 sicut
1605 1765 1684 1793 aes-

367 1813 425 1838 tus
453 1816 602 1837 serenus
626 1816 734 1846 super
755 1806 843 1844 luce,
868 1813 904 1837 et
931 1806 1023 1837 sicut
1047 1807 1161 1837 nubes
1185 1806 1278 1837 roris
1302 1815 1382 1836 cum
1407 1806 1498 1837 calet
1521 1806 1651 1837 messis
1663 1805 1683 1817 ”

366 1850 541 1889 (xviii.4):

197 1937 377 1978 “nubes
398 1937 509 1977 roris
523 1935 543 1951 ‘’
557 1934 782 1989 significat
799 1948 953 1976 verum
975 1949 1035 1976 ex
1052 1935 1174 1976 bono
1194 1933 1479 1976 sruffificans.
1540 1934 1682 1989 Apud

195 1999 403 2048 eundem,

262 2090 282 2104 ¹⁴
293 2088 439 2121 Creabit
450 2088 613 2130 Jehovah
626 2097 733 2128 super
745 2097 853 2119 omne
866 2087 1109 2119 habitaculum
1125 2087 1262 2119 Montis
1279 2087 1414 2126 Zionis,
1428 2093 1463 2120 et
1480 2097 1588 2128 super
1600 2097 1685 2119 con-

369 2132 580 2163 vocationes
603 2131 693 2171 ejus,
714 2133 845 2162 nubem
869 2131 1036 2168 interdiu,
1056 2141 1098 2162 ac
1121 2131 1259 2162 fumum
1279 2138 1315 2162 et
1338 2132 1567 2171 splendorem
1588 2131 1684 2172 ignis

370 2175 537 2207 flammae
554 2173 684 2212 ιιοόὶιις
709 2184 792 2206 nam
809 2184 917 2215 super
933 2175 1033 2205 omni
1049 2174 1167 2215 gloria
1182 2175 1479 2215 obtegumentum
1491 2174 1510 2186 '¹
1527 2175 1586 2215 (iv.
1605 2176 1638 2215 5)
1653 2186 1661 2207 ι

197 2277 278 2318 per
306 2262 650 2304 “habitaculum
683 2262 856 2303 Montis
887 2261 1075 2302 Zionis”
1099 2261 1377 2316 significatur
1406 2263 1575 2303 bonum
1607 2265 1684 2304 ec'-

197 2326 364 2368 clesiae
385 2325 611 2374 caelestis,
635 2332 682 2366 et
708 2339 788 2379 per
811 2325 1205 2366 “convocationes
1227 2325 1351 2378 ejus’'
1373 2325 1684 2378 significantur

196 2401 304 2430 vera
328 2388 447 2429 illius
472 2388 605 2438 boni;
644 2388 791 2429 tutela
822 2401 878 2428 ne
904 2387 1111 2428 laedatur
1135 2401 1161 2428 a
1187 2389 1323 2428 nimia
1349 2388 1448 2429 luce
1480 2395 1527 2429 et
1558 2402 1585 2429 a
1616 2389 1684 2428 ni-

198 2451 288 2492 mia
312 2451 482 2498 umbra,
510 2450 789 2504 significatur
820 2464 899 2504 per
923 2451 1127 2491 “nubem
1159 2451 1383 2491 interdiu”
1409 2458 1455 2492 et
1482 2465 1561 2504 per
1585 2451 1686 2492 “fu-

199 2525 322 2554 mum
348 2520 395 2554 et
421 2513 709 2566 splendorem
740 2514 858 2566 ignis
883 2512 1093 2553 flammae
1119 2511 1257 2554 noctu
1273 2513 1308 2564 ;‘’
1343 2520 1390 2555 et
1415 2515 1518 2568 quia
1549 2527 1685 2555 omne

198 2575 428 2630 spirituale
465 2576 632 2616 bonurn
670 2582 716 2616 et
754 2588 909 2616 verum
946 2589 1003 2616 ne
1040 2575 1248 2616 laedatur
1278 2584 1572 2617 conservatur
1608 2590 1687 2630 per

199 2637 404 2679 naturale
429 2638 597 2678 bonum
623 2645 671 2679 et
696 2651 867 2686 verum,
894 2638 996 2679 ideo
1026 2638 1192 2679 dicitur
1216 2640 1336 2692 quod
1366 2643 1538 2692 “super
1563 2641 1686 2680 omni

199 2699 344 2754 gloria
383 2707 699 2753 tegumentum
717 2701 751 2751 ;”
796 2700 1010 2754 “gloria’'
1050 2707 1121 2742 est
1159 2701 1390 2755 spirituale
1429 2702 1598 2742 bonum
1638 2709 1686 2743 et

199 2775 369 2804 verum.
430 2761 583 2803 Simile
607 2762 886 2816 significatur
911 2776 991 2816 per

274 2850 379 2893 Quod
398 2851 512 2882 nubes
535 2861 642 2892 super
661 2851 911 2883 Tabemaculo
934 2851 1042 2883 fuerit
1065 2851 1231 2893 interdiu,
1251 2859 1287 2884 et
1311 2853 1406 2893 ignis
1430 2851 1540 2884 noestu
1560 2852 1684 2893 (Exod.

373 2893 430 2969 'ge
430 2894 542 2970 1ἕν’-318
551 2895 700 2978 {jxum'
717 2894 762 2927 ix.
782 2902 898 2934 15-17,
911 2895 956 2926 ad
973 2894 1031 2927 fin.
1039 2904 1047 2934 ;
1071 2904 1148 2936 cap.
1164 2905 1197 2928 x.
1218 2904 1266 2935 11,
1286 2904 1335 2934 12,
1354 2905 1418 2936 34;
1442 2906 1517 2937 cap.
1534 2897 1604 2928 xiv.
1628 2905 1685 2936 14:
