1962 3334
656 260 764 294 cAP.
786 259 869 300 xl„
890 257 1031 290 vens,
1050 247 1199 289 6.-Ν.
1219 242 1389 300 644[b].
1655 243 1757 285 1661

277 384 325 419 et
350 389 430 431 per
456 372 721 422 “Baalem,·'’
745 385 858 426 quos
882 369 1147 420 coluerunt;
1179 382 1260 422 per
1286 372 1312 388 “
1328 366 1536 408 occidere
1562 365 1760 420 prophe-

276 440 381 482 tas”
405 439 545 480 etiam
575 435 857 490 significatur
885 434 1120 475 destruere
1151 431 1380 479 Divinum,
1412 443 1493 484 per
1525 429 1761 484 “prophe-

275 510 372 544 tam
383 501 404 517 ”
428 502 549 542 enim
579 500 624 541 in
650 498 807 540 Verbo
832 495 1115 550 significatur
1144 492 1350 536 doctrina
1380 493 1474 534 veri
1505 507 1566 534 ex
1589 492 1760 534 Verbo.

275 564 416 619 Apud
439 562 643 611 Esaiam,

342 664 362 678 ⁸¹
373 662 511 694 Ponam
521 660 540 674 '¹
553 661 698 692 vinam
714 668 832 691 mmm
846 658 912 689 “in
929 657 1206 694 desolationem,
1222 665 1297 687 non
1314 655 1509 696 putabitur,
1526 664 1643 695 neque
1655 653 1764 686 sarri-

450 711 541 743 emr,
559 711 600 736 ut
617 703 791 735 ascendat
806 701 919 734 sentis
934 707 971 732 et
989 701 1130 740 vepris:
1154 706 1191 731 et
1209 700 1365 730 nubibus
1380 698 1610 739 praecipiam,
1626 704 1668 730 ut
1685 707 1762 729 non

447 749 582 780 faciant
597 748 719 788 pluere
737 755 845 786 super
860 754 940 776 eam
958 744 1118 785 pluviam
1128 742 1147 755 ”
1162 743 1210 782 (v.
1227 742 1280 782 6):

235 889 241 893 -
273 858 413 899 etiam
437 857 510 897 hic
535 856 698 897 dicitur
721 855 779 896 de
807 853 1015 907 Jehovah
1041 852 1163 906 quod
1191 856 1373 905 “ponat
1397 851 1578 892 vineam
1609 850 1655 890 in
1679 849 1760 891 de·

273 918 586 967 solationem,”
616 925 664 959 et
696 918 817 972 quod
850 915 1141 970 “praecipiat
1173 915 1365 955 nubibus
1395 920 1446 955 ut
1476 926 1568 954 non
1600 912 1762 966 pluant

273 982 471 1036 pluviam
497 994 630 1034 super
654 979 795 1028 eam,”
818 992 921 1020 cum
947 985 1105 1019 tamen
1135 977 1222 1018 hoc
1249 991 1340 1017 non
1371 976 1450 1017 fiat
1481 990 1509 1017 a
1535 975 1761 1029 Jehovah,
1792 988 1797 989 ⁷

273 1046 361 1087 hoc
392 1051 478 1094 est,
506 1043 733 1092 Domino;
771 1055 876 1082 nam
905 1041 989 1082 Ille
1014 1053 1193 1094 semper
1218 1040 1361 1081 influit
1386 1046 1482 1080 tam
1513 1038 1633 1092 apud
1664 1050 1761 1078 ma-

274 1108 346 1149 los
366 1120 501 1161 quam
521 1106 641 1159 apud
664 1106 823 1153 bonos,
847 1104 967 1158 quod
993 1103 1263 1156 intelligitur
1283 1116 1363 1157 per
1382 1102 1503 1156 quod
1524 1101 1762 1155 “pluviam

273 1171 429 1211 mittet
453 1182 586 1222 super
609 1167 756 1220 justos
780 1173 828 1208 et
853 1166 1044 1219 injustos
1054 1166 1074 1180 ”
1102 1164 1288 1219 (Mattlz.
1314 1179 1355 1205 v.
1380 1164 1457 1218 45)
1477 1179 1487 1215 ;
1520 1165 1600 1205 sed
1623 1178 1762 1206 causa

273 1238 346 1273 est
381 1231 500 1285 apud
535 1230 767 1271 hominem
801 1229 1037 1276 ecclesiae,
1070 1229 1191 1282 quod
1222 1242 1313 1268 non
1344 1228 1533 1281 recipiat
1564 1228 1762 1281 aliquem

271 1294 491 1335 influxum
517 1293 668 1334 Divini
691 1292 826 1343 Veri;
859 1306 964 1333 nam
989 1292 1131 1333 homo
1156 1293 1231 1346 qui
1256 1305 1349 1333 non
1374 1292 1547 1344 recipit,
1574 1291 1611 1331 is
1636 1291 1761 1332 clau-

271 1358 339 1399 dit
364 1357 484 1411 apud
508 1371 556 1398 se
580 1357 794 1398 interiora
819 1357 985 1397 mentis
1006 1370 1121 1410 quae
1150 1356 1387 1409 recipiunt,
1410 1355 1571 1408 quibus
1596 1354 1762 1395 clausis

270 1419 466 1473 rejicitur
492 1419 703 1460 Divinum
728 1419 943 1460 influens:
977 1432 1056 1472 per
1083 1419 1303 1459 “vineam
1314 1417 1335 1432 '³
1356 1431 1471 1471 quae
1497 1424 1692 1470 ponetur
1715 1417 1762 1457 in

272 1482 617 1530 desolationem,
657 1482 936 1535 significatur
976 1481 1195 1532 ecclesia;
1237 1495 1318 1535 per
1355 1486 1485 1521 “non
1525 1481 1673 1534 putari
1713 1486 1762 1521 et

273 1546 420 1586 sarriri
435 1545 456 1560 ”
481 1545 759 1598 significatur
783 1558 874 1585 non
906 1558 1040 1598 posse
1070 1544 1222 1585 excoli
1252 1551 1299 1585 et
1331 1545 1394 1585 sic
1420 1545 1676 1597 praeparari
1702 1543 1759 1584 ad

271 1608 604 1661 recipiendum;
647 1621 726 1660 per
758 1611 975 1648 “sentem
1013 1613 1060 1647 et
1096 1606 1312 1660 veprem‘'
1342 1620 1457 1660 quae
1493 1606 1760 1654 ascendent,

273 1669 582 1723 significantur
610 1669 724 1710 falsa
754 1669 886 1719 mali;
924 1682 1003 1722 per
1035 1670 1333 1722 “praecipere
1365 1669 1556 1709 nubibus
1588 1676 1637 1710 ut
1669 1682 1761 1710 non

272 1732 432 1786 pluant
458 1731 657 1785 pluviam
668 1731 688 1746 ”
714 1731 994 1784 significatur
1018 1732 1138 1785 quod
1169 1745 1194 1772 e
1225 1732 1355 1772 caelo
1385 1745 1476 1772 non
1502 1732 1662 1785 aliquis
1681 1732 1761 1773 ’in-

274 1793 419 1835 fluxus
445 1794 595 1834 Divini
619 1793 731 1835 Veri
756 1794 1009 1847 recipiatur.
1070 1793 1210 1847 Apud
1235 1794 1498 1843 Jeremiam,

282 1886 286 1890 ’
339 1894 359 1908 “
371 1892 520 1925 Inhibiti
533 1899 618 1924 sunt
633 1893 778 1931 imbres,
791 1899 827 1924 et
843 1892 963 1933 pluvia
978 1893 1139 1924 serotina
1154 1903 1228 1924 non
1245 1891 1343 1924 facta
1357 1900 1424 1931 est,
1438 1893 1503 1925 sed
1519 1899 1642 1925 tamen
1658 1893 1763 1926 frons

444 1937 605 1968 mulieris
621 1936 819 1968 meretricis
836 1936 971 1968 mansit
986 1936 1061 1974 tibi,
1078 1937 1231 1968 renuisti
1264 1936 1464 1977 pudefieri”
1480 1937 1543 1977 (iii.
1560 1937 1595 1978 3)
1610 1947 1619 1976 ;

271 2018 391 2072 apud
415 2018 623 2066 eundem,

338 2094 450 2127 “Non
462 2095 632 2126 dixerunt
644 2095 681 2126 in
694 2095 802 2126 corde
816 2105 893 2133 suo,
905 2094 1125 2133 Timeamus,
1139 2096 1248 2135 agite,
1259 2095 1435 2137 Jehovam
1451 2095 1568 2128 Deum
1583 2103 1761 2135 nostrum,

445 2139 591 2169 dantem
608 2138 767 2178 pluviam
785 2144 822 2170 et
839 2139 991 2170 imbrem
1004 2139 1259 2179 tempestivum
1276 2146 1312 2170 et
1328 2140 1526 2170 serotinum
1543 2140 1580 2171 in
1597 2146 1762 2181 tempore

444 2191 533 2218 suo:
557 2181 790 2222 septimanas,
806 2188 903 2212 stata
921 2187 1087 2221 tempora
1106 2183 1235 2213 messis
1254 2189 1377 2214 servat
1396 2183 1525 2221 nobis;
1550 2183 1760 2225 iniquitates

446 2231 589 2256 vestrae
606 2225 786 2256 declinare
802 2225 939 2256 faciunt
954 2224 1071 2256 haec”
1090 2225 1136 2265 (v.
1154 2233 1206 2264 24,
1224 2227 1279 2265 25)
1294 2236 1303 2264 ;

273 2306 392 2360 apud
416 2305 571 2355 Amos,

339 2381 447 2422 “Ego
469 2381 635 2421 prohibui
658 2392 681 2413 a
703 2382 808 2413 vobis
832 2382 1004 2422 pluviam,
1026 2392 1108 2414 cum
1132 2383 1248 2414 adbuc
1271 2389 1345 2415 σας
1364 2393 1515 2416 menses
1535 2385 1584 2416 ad
1599 2395 1761 2417 messem

446 2434 569 2465 usque,
587 2425 639 2456 ita
657 2431 697 2456 ut
713 2425 835 2465 pluere
854 2426 999 2466 quidem
1018 2425 1164 2457 fecerim
1184 2436 1293 2466 super
1311 2437 1422 2458 unam
1441 2429 1577 2465 urbem,
1595 2435 1631 2460 et
1651 2438 1761 2468 super

447 2469 572 2499 urbem
589 2468 740 2499 alteram
758 2478 830 2499 non
848 2468 994 2500 fecerim
1012 2469 1134 2509 pluere
1149 2479 1157 2506 ;
1180 2479 1266 2509 ager
1280 2479 1373 2501 unus
1392 2471 1551 2511 pluviam
1569 2473 1761 2512 acceperit,

448 2511 511 2542 sed
528 2521 614 2551 ager
630 2521 738 2551 super
752 2521 858 2552 quem
876 2522 949 2542 non
963 2512 1052 2552 pluit
1067 2513 1268 2548 exaruerit:
1288 2514 1383 2545 unde
1397 2520 1549 2554 vagatae
1565 2521 1650 2546 sunt
1666 2517 1759 2547 duae

446 2561 520 2586 tres
535 2555 643 2586 urbes
658 2555 705 2586 ad
721 2556 845 2586 urbem
858 2565 967 2586 unam
984 2556 1029 2586 ad
1046 2556 1241 2587 bibendum
1255 2566 1375 2597 aquas,
1389 2567 1455 2588 nec
1471 2564 1592 2589 tamen
1606 2559 1760 2590 satiatae

447 2604 541 2635 sunt,
559 2598 793 2629 nihilominus
810 2607 883 2629 non
900 2599 1036 2630 reversi
1052 2599 1140 2630 estis
1157 2599 1203 2631 ad
1221 2599 1281 2631 Me
1292 2599 1311 2611 ”
1327 2600 1387 2639 (iv.
1406 2608 1434 2639 7,
1453 2602 1506 2641 S);

272 2682 391 2736 apud
416 2681 700 2731 Ezechielem,

340 2759 360 2771 ¹⁴
370 2757 396 2790 F
398 2757 435 2789 ili
452 2757 622 2795 hominis,
637 2757 704 2795 dic,
722 2758 779 2790 Tu
797 2765 901 2796 terra,
917 2768 1009 2800 quae
1029 2769 1103 2790 non
1123 2760 1305 2798 mundata,
1325 2761 1380 2792 cui
1402 2771 1476 2793 non
1497 2761 1618 2802 pluvia
1636 2762 1672 2794 in
1692 2762 1752 2795 die

444 2801 527 2839 irae,
544 2801 745 2842 conjuratio
762 2803 1015 2842 prophetarum
1032 2802 1111 2843 ejus
1128 2803 1165 2834 in
1183 2803 1303 2836 medio
1320 2804 1398 2845 ejus
1408 2804 1427 2816 '⁹
1443 2804 1540 2845 (xxii.
1559 2813 1611 2843 24,
1629 2806 1684 2846 25)
1703 2815 1712 2844 ;

271 2883 390 2936 apud
416 2882 693 2934 Samariam,
