1962 3334
597 263 701 295 CAP.
726 263 807 304 lx„
829 262 966 295 VERS.
987 262 1132 295 2.—N.
1157 237 1323 308 54o[b].
1395 294 1401 299 ,
1592 264 1696 308 1353

213 375 498 429 praedicitur.
558 374 696 429 Apud
722 375 918 425 Nalzum,

279 463 431 505 “Aquas
455 463 584 495 obsidii
609 464 711 495 hauri
735 464 811 502 tibi,
831 464 1003 496 confirma
1022 464 1249 496 munimenta
1272 470 1344 502 tua,
1365 465 1460 496 intra
1483 465 1519 496 in
1543 474 1696 497 caenum

386 514 422 538 et
438 507 536 538 calca
546 507 718 546 bitumen,
730 517 857 548 repara
867 508 1051 539 fornacem
1064 508 1257 540 lateritiam
1271 517 1279 546 ;
1304 508 1353 540 ibi
1366 509 1533 542 comedet
1546 509 1696 549 teignis,

386 551 570 582 exscindet
586 557 620 582 te
636 551 778 591 gladius
788 550 807 562 ”
823 551 884 591 (iii.
901 560 949 590 14,
965 551 1037 591 15):

213 657 292 697 per
311 643 424 685 haec
448 644 716 685 describitur
737 643 984 686 destructio
1005 645 1098 686 veri
1121 659 1200 699 per
1220 645 1332 686 falsa
1350 645 1482 697 mali3
1517 649 1698 700 “aquae

213 706 402 747 obsidii”
427 714 531 748 sunt
562 707 674 748 salsa
699 722 777 761 per
801 721 915 762 quae
943 715 1168 749 conantur
1194 709 1427 749 destruere
1452 723 1586 759 vera;
1619 722 1698 762 per

215 768 520 811 “confirmare
542 770 862 819 munimenta‚”
884 770 1164 824 significatur
1185 772 1356 812 munire
1382 771 1460 811 illa
1486 785 1566 824 per
1587 771 1698 812 talia

212 845 326 885 quae
357 840 578 886 apparent
609 834 725 874 sicut
751 847 884 884 vera;
917 847 996 887 per
1019 834 1226 875 “intrare
1251 834 1295 874 in
1322 847 1512 875 caenum
1534 840 1582 875 et
1603 833 1697 875 cal-

212 907 316 935 care
342 895 579 941 bitumen’‘
611 895 887 949 significatur
917 897 1063 937 facere
1094 903 1143 938 ut
1174 903 1423 950 appareant
1454 897 1698 938 cohaerere

215 957 264 1011 (“
276 958 478 1000 bitumen
490 959 509 974 '¹
523 965 592 1000 est
607 959 766 999 falsum
782 974 841 1000 ex
856 959 977 1000 malo
993 959 1293 1013 conjungens)
1314 974 1323 1010 ;
1355 974 1434 1013 per
1452 964 1696 1014 “reparare

212 1020 441 1062 fornacem
465 1022 738 1063 lateritiam'‘
760 1021 1040 1075 significatur
1061 1036 1268 1076 reparare
1291 1021 1543 1063 doctrinam
1570 1036 1696 1063 com-

213 1082 392 1138 pactam
414 1099 472 1125 ex
490 1084 735 1126 falsificatis
749 1086 865 1126 veris
883 1091 930 1126 et
947 1084 1192 1138 figmentis,
1213 1089 1238 1105 “
1251 1085 1447 1126 lateres’‘
1462 1086 1580 1126 enim
1602 1087 1696 1139 sig·

212 1146 398 1188 nificant
421 1147 533 1187 falsa
555 1161 668 1200 quae
690 1147 933 1200 finguntur,
955 1140 1008 1188 'et
1035 1161 1126 1188 non
1152 1147 1399 1188 cohaerent
1426 1161 1528 1189 cum
1552 1149 1696 1198 veris;

213 1223 292 1263 per
315 1210 565 1250 “comedet
588 1217 634 1250 te
656 1211 812 1263 ignis,''
829 1209 1108 1264 significatur
1129 1211 1250 1264 quod
1272 1212 1455 1264 perituri
1477 1224 1556 1264 per
1576 1211 1698 1251 mala

212 1285 415 1314 amorum
437 1286 615 1313 suorum
635 1287 643 1322 ;
678 1280 723 1314 et
746 1287 825 1326 per
846 1273 966 1327 quod
991 1273 1268 1314 “exscindet
1292 1280 1338 1314 te
1359 1273 1578 1326 gladius‚”
1603 1274 1695 1327 sig·
1750 1287 1755 1292 ·

212 1334 418 1376 nificatur
442 1336 562 1389 quod
589 1337 770 1389 perituri
796 1336 887 1376 sint
912 1349 991 1389 per
1014 1335 1141 1376 salsa.
1201 1335 1340 1390 Apud
1365 1336 1627 1386 Jerernmm,

278 1434 414 1466 “Sume
439 1435 476 1465 in
500 1444 612 1466 manu
636 1441 699 1466 tua
722 1423 862 1474 lapides
882 1445 1046 1475 magnos,
1066 1441 1103 1466 et
1126 1435 1310 1466 absconde
1334 1445 1415 1467 eos.
1429 1460 1437 1467 .
1451 1460 1458 1467 .
1473 1436 1526 1467 ‚in
1550 1435 1698 1468 fornace

385 1478 550 1516 lateritia,
569 1488 661 1519 quae
681 1479 726 1509 ad
746 1479 880 1510 ostium
899 1479 1030 1510 domus
1052 1478 1262 1510 Pharaonis.
1288 1503 1295 1510 .
1310 1503 1319 1510 .
1332 1504 1339 1510 .
1354 1479 1555 1519 ,Accipiam
1574 1489 1696 1520 regem

386 1521 559 1559 Babelis,.
574 1546 581 1553 .
596 1546 603 1552 .
617 1531 767 1561 .por1am
791 1523 961 1553 thronum
986 1522 1065 1562 ejus
1090 1532 1199 1562 super
1217 1523 1355 1562 lapides
1379 1523 1447 1554 hos
1471 1532 1561 1563 quos
1582 1521 1697 1555 1¹1abs-

384 1565 539 1596 condisti
554 1575 577 1601 ;.
592 1589 600 1596 .
614 1590 621 1596 .
636 1566 772 1596 .veniet
796 1571 831 1596 et
854 1566 1029 1605 percutiet
1048 1572 1179 1597 terram
1197 1566 1363 1606 Aegypti,
1373 1591 1380 1597 .
1395 1591 1402 1597 .
1416 1591 1423 1597 .
1439 1573 1490 1598 ,et
1505 1566 1695 1598 incendam

385 1609 506 1648 ignem
535 1609 571 1639 in
596 1609 763 1640 domibus
791 1606 972 1650 [deorum]
999 1609 1265 1649 Aegyptinn:
1297 1609 1444 1640 tandem
1474 1610 1599 1641 induet
1629 1610 1697 1641 sibi

384 1658 516 1682 terram
534 1652 703 1692 Aegypti,
721 1652 813 1683 sicut
829 1652 944 1683 induit
961 1659 1084 1692 pastor
1097 1659 1236 1684 vestem
1253 1662 1357 1684 suam
1369 1652 1387 1663 ’¹
1404 1653 1501 1690 (xliii.
1518 1653 1637 1694 9-12):

211 1760 291 1800 per
307 1746 419 1787 haec
442 1752 786 1799 repraesentata
808 1752 879 1786 est
901 1746 1154 1799 profanatio
1170 1747 1262 1787 veri
1285 1761 1363 1800 per
1379 1747 1614 1788 ratiocinia
1635 1762 1697 1789 ex

211 1808 468 1850 scientificis
499 1809 610 1849 salse
637 1809 899 1862 applicatis:
939 1823 1018 1862 per
1045 1809 1258 1863 “lapides
1284 1824 1476 1862 magnos
1501 1810 1695 1851 abscon-

211 1872 332 1913 ditos
363 1872 407 1912 in
438 1872 621 1912 fornace
648 1872 876 1912 lateritia”
902 1871 1216 1924 significantur
1240 1886 1347 1913 vera
1371 1872 1512 1913 Verbi
1542 1872 1694 1913 falsifi-

211 1941 315 1975 cata
337 1948 415 1988 per
432 1933 652 1987 figmenta
669 1948 783 1987 quae
805 1948 863 1975 ex
886 1935 1066 1988 propria
1087 1934 1418 1988 intelligentia;
1454 1939 1478 1955 ‘⁴
1492 1935 1664 1989 lapides
1675 1935 1694 1950 ’'

211 2003 316 2038 sunt
342 2010 447 2037 vera
473 1997 627 2044 Verbi,
658 1997 860 2037 “fornax
887 1996 1113 2037 lateritia’'
1134 2003 1204 2038 est
1230 1996 1434 2038 doctrina
1455 1996 1695 2051 compacta

210 2073 271 2100 ex
296 2057 486 2100 fictitiis:
520 2073 599 2112 per
627 2059 849 2099 “domum
877 2059 1121 2100 Pharaonis
1132 2059 1152 2075 '’
1173 2059 1451 2112 significatur
1477 2060 1694 2101 naturalis

210 2122 349 2163 homo
371 2123 520 2176 quoad
543 2122 790 2163 scientifica
815 2123 887 2170 ibi,
915 2123 1119 2163 “ostium
1135 2123 1155 2137 ‘¹
1177 2130 1248 2163 est
1271 2123 1567 2164 scientificum
1589 2137 1694 2164 sen-

211 2185 335 2226 suale
361 2200 439 2239 per
470 2186 590 2239 quod
622 2187 834 2226 introitus
860 2192 931 2227 est
961 2187 1006 2226 in
1037 2187 1290 2228 naturalem
1322 2188 1578 2238 hominem;
1614 2202 1694 2242 per

210 2248 255 2288 id
281 2246 428 2289 1²¹fiunt
454 2248 818 2289 falsificationes:
853 2262 932 2301 per
958 2253 1151 2302 “regem
1179 2249 1391 2291 Babelis''
1415 2250 1694 2303 significatur

210 2310 463 2364 profanatio
490 2312 607 2361 veri;
645 2312 765 2364 quod
795 2311 909 2351 “ille
940 2311 1154 2352 thronum
1185 2319 1326 2366 ponet
1358 2327 1490 2366 super
1520 2313 1691 2366 lapides

210 2373 326 2422 illos,
354 2381 400 2414 et
427 2375 650 2427 percutiet
678 2374 961 2427 Aegyptum,
984 2380 1031 2415 et
1057 2375 1270 2416 incendet
1297 2377 1449 2429 ignem
1476 2377 1519 2416 in
1546 2377 1691 2417 domi-

210 2437 293 2477 bus
319 2436 452 2489 ejus,”
479 2437 702 2490 significat
730 2437 848 2490 quod
880 2450 959 2490 per
984 2437 1231 2479 scientifica
1256 2439 1472 2480 naturalis
1498 2439 1691 2480 hominis

211 2506 439 2553 pervertet
469 2501 620 2540 omnia
650 2514 756 2540 vera
788 2498 1032 2548 dofflinae,
1059 2513 1111 2541 ac
1143 2501 1396 2554 profanabit
1428 2502 1528 2542 illa:
1572 2503 1691 2556 quod

210 2561 413 2614 subjiciet
440 2563 523 2602 sibi
549 2563 801 2603 naturalem
824 2562 1054 2602 hominem
1076 2563 1196 2616 quod
1222 2564 1373 2604 omnia
1398 2565 1470 2612 ibi,
1494 2565 1614 2618 quod
1639 2564 1690 2605 fit

211 2637 290 2677 per
311 2624 676 2665 confirmationes
698 2625 909 2665 falsorum
931 2638 991 2665 ex
1013 2625 1285 2675 scientificis,
1310 2626 1587 2679 significatur
1612 2640 1691 2680 per

211 2687 331 2740 quod
365 2688 558 2728 “induet
591 2688 673 2728 sibi
705 2695 872 2728 terram
899 2686 1106 2741 Aegypti
1136 2689 1252 2730 sicut
1284 2697 1440 2743 pastor
1464 2690 1690 2731 vestem:’‘

211 2749 331 2802 quod
363 2751 516 2790 omnia
547 2750 763 2791 naturalis
795 2750 989 2790 hominis
1020 2751 1081 2792 sic
1114 2752 1310 2804 peritura
1341 2753 1431 2794 sint
1462 2766 1541 2806 per
1571 2752 1691 2793 mala

211 2824 414 2852 amorum
437 2813 717 2853 terrestrium
740 2819 786 2853 et
813 2826 1147 2866 corporeorum,
1169 2814 1446 2867 significatur
1473 2829 1551 2868 per
1574 2819 1600 2836 “
1615 2815 1690 2855 In-

212 2874 403 2915 cendam
424 2875 576 2928 ignem
603 2876 646 2916 in
673 2876 878 2917 domibus
900 2874 1144 2930 Aegypti.‘'
1204 2876 1428 2930 Quoniam
1452 2891 1530 2932 per
1554 2877 1689 2920 “Ae-
