<?xml version="1.0" encoding="UTF-8"?>
<!DOCTYPE html PUBLIC "-//W3C//DTD XHTML 1.0 Transitional//EN"
    "http://www.w3.org/TR/xhtml1/DTD/xhtml1-transitional.dtd">
<html xmlns="http://www.w3.org/1999/xhtml" xml:lang="en" lang="en">
 <head>
  <title>
</title>
<meta http-equiv="Content-Type" content="text/html;charset=utf-8" />
  <meta name='ocr-system' content='tesseract 3.04.00' />
  <meta name='ocr-capabilities' content='ocr_page ocr_carea ocr_par ocr_line ocrx_word'/>
</head>
<body>
  <div class='ocr_page' id='page_1' title='image "apocalypsisexpli03sweduoft_0172.png"; bbox 0 0 1962 3334; ppageno 0'>
   <div class='ocr_carea' id='block_1_1' title="bbox 263 283 1175 336">
    <p class='ocr_par' dir='ltr' id='par_1_1' title="bbox 263 283 1175 336">
     <span class='ocr_line' id='line_1_1' title="bbox 263 283 1175 336; baseline 0.002 -11"><span class='ocrx_word' id='word_1_1' title='bbox 263 283 371 336; x_wconf 89' lang='lat'>1486</span> <span class='ocrx_word' id='word_1_2' title='bbox 834 291 1175 327; x_wconf 84' lang='lat' dir='ltr'><strong>APOCALYPSIS.</strong></span> 
     </span>
    </p>
   </div>
   <div class='ocr_carea' id='block_1_2' title="bbox 734 727 1287 790">
    <p class='ocr_par' dir='ltr' id='par_1_2' title="bbox 734 727 1287 790">
     <span class='ocr_line' id='line_1_2' title="bbox 734 727 1287 790; baseline 0 0"><span class='ocrx_word' id='word_1_3' title='bbox 734 727 1111 790; x_wconf 87' lang='lat' dir='ltr'><strong>CAPUT</strong></span> <span class='ocrx_word' id='word_1_4' title='bbox 1194 729 1287 790; x_wconf 89' lang='lat' dir='ltr'><strong>X.</strong></span> 
     </span>
    </p>
   </div>
   <div class='ocr_carea' id='block_1_3' title="bbox 230 1075 1755 2982">
    <p class='ocr_par' dir='ltr' id='par_1_3' title="bbox 257 1075 1752 1294">
     <span class='ocr_line' id='line_1_3' title="bbox 466 1075 1752 1141; baseline 0.002 -18"><span class='ocrx_word' id='word_1_5' title='bbox 466 1075 614 1130; x_wconf 88' lang='lat' dir='ltr'><strong>caelo,</strong></span> <span class='ocrx_word' id='word_1_6' title='bbox 648 1076 1001 1124; x_wconf 88' lang='lat' dir='ltr'><strong>circumdatum</strong></span> <span class='ocrx_word' id='word_1_7' title='bbox 1043 1078 1190 1131; x_wconf 88' lang='lat' dir='ltr'><strong>nube,</strong></span> <span class='ocrx_word' id='word_1_8' title='bbox 1217 1087 1267 1124; x_wconf 94' lang='lat' dir='ltr'><strong>et</strong></span> <span class='ocrx_word' id='word_1_9' title='bbox 1299 1077 1379 1125; x_wconf 88' lang='lat' dir='ltr'><strong>iris</strong></span> <span class='ocrx_word' id='word_1_10' title='bbox 1412 1095 1560 1141; x_wconf 89' lang='lat' dir='ltr'><strong>supra</strong></span> <span class='ocrx_word' id='word_1_11' title='bbox 1595 1088 1752 1141; x_wconf 91' lang='lat' dir='ltr'><strong>caput,</strong></span> 
     </span>
     <span class='ocr_line' id='line_1_4' title="bbox 465 1153 1750 1219; baseline 0.002 -19"><span class='ocrx_word' id='word_1_12' title='bbox 465 1163 515 1201; x_wconf 89' lang='lat' dir='ltr'><strong>et</strong></span> <span class='ocrx_word' id='word_1_13' title='bbox 543 1153 689 1201; x_wconf 89' lang='lat' dir='ltr'><strong>facies</strong></span> <span class='ocrx_word' id='word_1_14' title='bbox 720 1153 825 1218; x_wconf 91' lang='lat' dir='ltr'><strong>ejus</strong></span> <span class='ocrx_word' id='word_1_15' title='bbox 855 1153 979 1201; x_wconf 92' lang='lat' dir='ltr'><strong>sicut</strong></span> <span class='ocrx_word' id='word_1_16' title='bbox 1010 1153 1096 1208; x_wconf 92' lang='lat' dir='ltr'><strong>sol,</strong></span> <span class='ocrx_word' id='word_1_17' title='bbox 1123 1164 1173 1201; x_wconf 91' lang='lat' dir='ltr'><strong>et</strong></span> <span class='ocrx_word' id='word_1_18' title='bbox 1202 1154 1357 1217; x_wconf 91' lang='lat' dir='ltr'><strong>pedes</strong></span> <span class='ocrx_word' id='word_1_19' title='bbox 1386 1155 1490 1219; x_wconf 91' lang='lat' dir='ltr'><strong>ejus</strong></span> <span class='ocrx_word' id='word_1_20' title='bbox 1523 1154 1647 1202; x_wconf 92' lang='lat' dir='ltr'><strong>sicut</strong></span> <span class='ocrx_word' id='word_1_21' title='bbox 1671 1171 1750 1202; x_wconf 91' lang='lat' dir='ltr'><strong>co-</strong></span> 
     </span>
     <span class='ocr_line' id='line_1_5' title="bbox 257 1230 620 1294; baseline -0.006 -15"><span class='ocrx_word' id='word_1_22' title='bbox 257 1231 453 1279; x_wconf 89' lang='lat' dir='ltr'><strong>lumnae</strong></span> <span class='ocrx_word' id='word_1_23' title='bbox 480 1230 620 1294; x_wconf 78' lang='lat' dir='ltr'><strong>ignis,</strong></span> 
     </span>
    </p>

    <p class='ocr_par' dir='ltr' id='par_1_4' title="bbox 258 1306 1755 1524">
     <span class='ocr_line' id='line_1_6' title="bbox 330 1306 1755 1370; baseline -0.001 -14"><span class='ocrx_word' id='word_1_24' title='bbox 330 1325 371 1356; x_wconf 90' lang='lat'><strong>2.</strong></span> <span class='ocrx_word' id='word_1_25' title='bbox 422 1308 486 1355; x_wconf 85' lang='lat' dir='ltr'><strong>Et</strong></span> <span class='ocrx_word' id='word_1_26' title='bbox 525 1307 737 1355; x_wconf 91' lang='lat' dir='ltr'><strong>habebat</strong></span> <span class='ocrx_word' id='word_1_27' title='bbox 775 1307 822 1354; x_wconf 86' lang='lat' dir='ltr'><strong>in</strong></span> <span class='ocrx_word' id='word_1_28' title='bbox 866 1324 1012 1355; x_wconf 90' lang='lat' dir='ltr'><strong>manu</strong></span> <span class='ocrx_word' id='word_1_29' title='bbox 1049 1324 1137 1355; x_wconf 91' lang='lat' dir='ltr'><strong>sua</strong></span> <span class='ocrx_word' id='word_1_30' title='bbox 1175 1306 1388 1355; x_wconf 89' lang='lat' dir='ltr'><strong>libellum</strong></span> <span class='ocrx_word' id='word_1_31' title='bbox 1431 1317 1666 1370; x_wconf 89' lang='lat' dir='ltr'><strong>apertum,</strong></span> <span class='ocrx_word' id='word_1_32' title='bbox 1704 1318 1755 1355; x_wconf 92' lang='lat' dir='ltr'><strong>et</strong></span> 
     </span>
     <span class='ocr_line' id='line_1_7' title="bbox 258 1383 1752 1449; baseline -0.001 -17"><span class='ocrx_word' id='word_1_33' title='bbox 258 1385 422 1448; x_wconf 85' lang='lat' dir='ltr'>posuit</span> <span class='ocrx_word' id='word_1_34' title='bbox 446 1383 625 1449; x_wconf 76' lang='lat' dir='ltr'><strong>pedem</strong></span> <span class='ocrx_word' id='word_1_35' title='bbox 661 1401 804 1430; x_wconf 90' lang='lat' dir='ltr'><strong>suum</strong></span> <span class='ocrx_word' id='word_1_36' title='bbox 830 1383 1055 1431; x_wconf 87' lang='lat' dir='ltr'><strong>dextrum</strong></span> <span class='ocrx_word' id='word_1_37' title='bbox 1079 1401 1228 1447; x_wconf 89' lang='lat' dir='ltr'><strong>super</strong></span> <span class='ocrx_word' id='word_1_38' title='bbox 1253 1401 1399 1439; x_wconf 89' lang='lat' dir='ltr'><strong>mare,</strong></span> <span class='ocrx_word' id='word_1_39' title='bbox 1425 1394 1475 1432; x_wconf 92' lang='lat' dir='ltr'><strong>et</strong></span> <span class='ocrx_word' id='word_1_40' title='bbox 1507 1384 1752 1431; x_wconf 89' lang='lat' dir='ltr'><strong>sinistrum</strong></span> 
     </span>
     <span class='ocr_line' id='line_1_8' title="bbox 258 1471 626 1524; baseline -0.005 -15"><span class='ocrx_word' id='word_1_41' title='bbox 258 1478 408 1524; x_wconf 84' lang='lat' dir='ltr'><strong>super</strong></span> <span class='ocrx_word' id='word_1_42' title='bbox 433 1471 626 1508; x_wconf 90' lang='lat' dir='ltr'><strong>terram.</strong></span> 
     </span>
    </p>

    <p class='ocr_par' dir='ltr' id='par_1_5' title="bbox 259 1537 1753 1676">
     <span class='ocr_line' id='line_1_9' title="bbox 330 1537 1753 1601; baseline -0.001 -16"><span class='ocrx_word' id='word_1_43' title='bbox 330 1554 372 1598; x_wconf 83' lang='lat'><strong>3.</strong></span> <span class='ocrx_word' id='word_1_44' title='bbox 422 1537 486 1584; x_wconf 85' lang='lat' dir='ltr'><strong>Et</strong></span> <span class='ocrx_word' id='word_1_45' title='bbox 519 1537 743 1584; x_wconf 89' lang='lat' dir='ltr'><strong>clamavit</strong></span> <span class='ocrx_word' id='word_1_46' title='bbox 767 1554 890 1584; x_wconf 91' lang='lat' dir='ltr'><strong>voce</strong></span> <span class='ocrx_word' id='word_1_47' title='bbox 921 1554 1116 1601; x_wconf 90' lang='lat' dir='ltr'><strong>magna,</strong></span> <span class='ocrx_word' id='word_1_48' title='bbox 1143 1537 1266 1585; x_wconf 90' lang='lat' dir='ltr'><strong>sicut</strong></span> <span class='ocrx_word' id='word_1_49' title='bbox 1297 1537 1377 1585; x_wconf 91' lang='lat' dir='ltr'><strong>leo</strong></span> <span class='ocrx_word' id='word_1_50' title='bbox 1402 1538 1544 1601; x_wconf 90' lang='lat' dir='ltr'><strong>rugit,</strong></span> <span class='ocrx_word' id='word_1_51' title='bbox 1571 1547 1620 1585; x_wconf 90' lang='lat' dir='ltr'><strong>et</strong></span> <span class='ocrx_word' id='word_1_52' title='bbox 1644 1555 1753 1585; x_wconf 92' lang='lat' dir='ltr'><strong>cum</strong></span> 
     </span>
     <span class='ocr_line' id='line_1_10' title="bbox 259 1613 1584 1676; baseline 0 -15"><span class='ocrx_word' id='word_1_53' title='bbox 259 1613 484 1662; x_wconf 89' lang='lat' dir='ltr'><strong>clamavit</strong></span> <span class='ocrx_word' id='word_1_54' title='bbox 507 1613 669 1661; x_wconf 92' lang='lat' dir='ltr'><strong>locuta</strong></span> <span class='ocrx_word' id='word_1_55' title='bbox 693 1624 809 1660; x_wconf 90' lang='lat' dir='ltr'><strong>sunt</strong></span> <span class='ocrx_word' id='word_1_56' title='bbox 832 1624 1024 1676; x_wconf 81' lang='lat' dir='ltr'><strong>septem</strong></span> <span class='ocrx_word' id='word_1_57' title='bbox 1049 1614 1260 1661; x_wconf 91' lang='lat' dir='ltr'><strong>tonitrua</strong></span> <span class='ocrx_word' id='word_1_58' title='bbox 1284 1631 1397 1661; x_wconf 89' lang='lat' dir='ltr'><strong>suas</strong></span> <span class='ocrx_word' id='word_1_59' title='bbox 1422 1631 1584 1661; x_wconf 90' lang='lat' dir='ltr'><strong>voces.</strong></span> 
     </span>
    </p>

    <p class='ocr_par' dir='ltr' id='par_1_6' title="bbox 258 1689 1752 1969">
     <span class='ocr_line' id='line_1_11' title="bbox 326 1689 1752 1753; baseline 0 -15"><span class='ocrx_word' id='word_1_60' title='bbox 326 1707 371 1750; x_wconf 88' lang='lat'><strong>4.</strong></span> <span class='ocrx_word' id='word_1_61' title='bbox 422 1690 486 1737; x_wconf 87' lang='lat' dir='ltr'><strong>Et</strong></span> <span class='ocrx_word' id='word_1_62' title='bbox 515 1707 623 1737; x_wconf 90' lang='lat' dir='ltr'><strong>cum</strong></span> <span class='ocrx_word' id='word_1_63' title='bbox 654 1689 815 1738; x_wconf 88' lang='lat' dir='ltr'><strong>locuta</strong></span> <span class='ocrx_word' id='word_1_64' title='bbox 844 1701 957 1737; x_wconf 91' lang='lat' dir='ltr'><strong>sunt</strong></span> <span class='ocrx_word' id='word_1_65' title='bbox 985 1701 1175 1753; x_wconf 83' lang='lat' dir='ltr'><strong>septem</strong></span> <span class='ocrx_word' id='word_1_66' title='bbox 1211 1691 1423 1742; x_wconf 87' lang='lat' dir='ltr'><strong>tonitrua</strong></span> <span class='ocrx_word' id='word_1_67' title='bbox 1447 1708 1597 1738; x_wconf 90' lang='lat' dir='ltr'><strong>voces</strong></span> <span class='ocrx_word' id='word_1_68' title='bbox 1626 1707 1752 1744; x_wconf 91' lang='lat' dir='ltr'><strong>suas,</strong></span> 
     </span>
     <span class='ocr_line' id='line_1_12' title="bbox 258 1756 1752 1822; baseline 0 -7"><span class='ocrx_word' id='word_1_69' title='bbox 258 1768 445 1815; x_wconf 88' lang='lat' dir='ltr'><strong>futurus</strong></span> <span class='ocrx_word' id='word_1_70' title='bbox 461 1785 568 1814; x_wconf 90' lang='lat' dir='ltr'><strong>sum</strong></span> <span class='ocrx_word' id='word_1_71' title='bbox 589 1767 799 1814; x_wconf 89' lang='lat' dir='ltr'><strong>scribere</strong></span> <span class='ocrx_word' id='word_1_72' title='bbox 818 1784 826 1822; x_wconf 89' lang='lat'><strong>;</strong></span> <span class='ocrx_word' id='word_1_73' title='bbox 864 1777 914 1814; x_wconf 94' lang='lat' dir='ltr'><strong>et</strong></span> <span class='ocrx_word' id='word_1_74' title='bbox 928 1766 1089 1814; x_wconf 90' lang='lat' dir='ltr'><strong>audivi</strong></span> <span class='ocrx_word' id='word_1_75' title='bbox 1110 1784 1284 1815; x_wconf 89' lang='lat' dir='ltr'><strong>vocem</strong></span> <span class='ocrx_word' id='word_1_76' title='bbox 1305 1785 1332 1815; x_wconf 96' lang='lat' dir='ltr'><strong>e</strong></span> <span class='ocrx_word' id='word_1_77' title='bbox 1357 1767 1491 1815; x_wconf 92' lang='lat' dir='ltr'><strong>caelo</strong></span> <span class='ocrx_word' id='word_1_78' title='bbox 1511 1756 1752 1815; x_wconf 74' lang='lat' dir='ltr'><strong>dicentem</strong></span> 
     </span>
     <span class='ocr_line' id='line_1_13' title="bbox 259 1843 1752 1908; baseline 0 -17"><span class='ocrx_word' id='word_1_79' title='bbox 259 1844 391 1899; x_wconf 86' lang='lat' dir='ltr'><strong>mihi,</strong></span> <span class='ocrx_word' id='word_1_80' title='bbox 419 1844 646 1908; x_wconf 89' lang='lat' dir='ltr'><strong>Obsigna</strong></span> <span class='ocrx_word' id='word_1_81' title='bbox 671 1861 797 1906; x_wconf 91' lang='lat' dir='ltr'><strong>quae</strong></span> <span class='ocrx_word' id='word_1_82' title='bbox 821 1843 984 1891; x_wconf 90' lang='lat' dir='ltr'><strong>locuta</strong></span> <span class='ocrx_word' id='word_1_83' title='bbox 1007 1854 1120 1891; x_wconf 90' lang='lat' dir='ltr'><strong>sunt</strong></span> <span class='ocrx_word' id='word_1_84' title='bbox 1144 1855 1335 1907; x_wconf 85' lang='lat' dir='ltr'><strong>septem</strong></span> <span class='ocrx_word' id='word_1_85' title='bbox 1364 1844 1588 1899; x_wconf 88' lang='lat' dir='ltr'><strong>tonitrua,</strong></span> <span class='ocrx_word' id='word_1_86' title='bbox 1615 1854 1665 1892; x_wconf 92' lang='lat' dir='ltr'><strong>et</strong></span> <span class='ocrx_word' id='word_1_87' title='bbox 1689 1861 1752 1892; x_wconf 91' lang='lat' dir='ltr'><strong>ne</strong></span> 
     </span>
     <span class='ocr_line' id='line_1_14' title="bbox 259 1920 556 1969; baseline 0 -1"><span class='ocrx_word' id='word_1_88' title='bbox 259 1920 339 1969; x_wconf 91' lang='lat' dir='ltr'><strong>illa</strong></span> <span class='ocrx_word' id='word_1_89' title='bbox 363 1921 556 1968; x_wconf 81' lang='lat' dir='ltr'><strong>scribaS.</strong></span> 
     </span>
    </p>

    <p class='ocr_par' dir='ltr' id='par_1_7' title="bbox 258 1996 1749 2138">
     <span class='ocr_line' id='line_1_15' title="bbox 329 1996 1749 2061; baseline 0 -17"><span class='ocrx_word' id='word_1_90' title='bbox 329 1999 370 2045; x_wconf 86' lang='lat'><strong>5.</strong></span> <span class='ocrx_word' id='word_1_91' title='bbox 419 1997 483 2044; x_wconf 89' lang='lat' dir='ltr'><strong>Et</strong></span> <span class='ocrx_word' id='word_1_92' title='bbox 506 1996 726 2061; x_wconf 85' lang='lat' dir='ltr'><strong>angelus,</strong></span> <span class='ocrx_word' id='word_1_93' title='bbox 753 2014 901 2060; x_wconf 91' lang='lat' dir='ltr'><strong>quem</strong></span> <span class='ocrx_word' id='word_1_94' title='bbox 922 1997 1019 2044; x_wconf 89' lang='lat' dir='ltr'><strong>vidi</strong></span> <span class='ocrx_word' id='word_1_95' title='bbox 1043 2008 1251 2045; x_wconf 90' lang='lat' dir='ltr'><strong>stantem</strong></span> <span class='ocrx_word' id='word_1_96' title='bbox 1277 2015 1427 2060; x_wconf 91' lang='lat' dir='ltr'><strong>super</strong></span> <span class='ocrx_word' id='word_1_97' title='bbox 1451 1997 1571 2045; x_wconf 90' lang='lat' dir='ltr'><strong>mari</strong></span> <span class='ocrx_word' id='word_1_98' title='bbox 1596 2007 1647 2045; x_wconf 89' lang='lat' dir='ltr'><strong>et</strong></span> <span class='ocrx_word' id='word_1_99' title='bbox 1671 2014 1749 2044; x_wconf 90' lang='lat' dir='ltr'><strong>su-</strong></span> 
     </span>
     <span class='ocr_line' id='line_1_16' title="bbox 258 2063 1454 2138; baseline 0.001 -17"><span class='ocrx_word' id='word_1_100' title='bbox 258 2091 346 2138; x_wconf 92' lang='lat' dir='ltr'><strong>per</strong></span> <span class='ocrx_word' id='word_1_101' title='bbox 369 2085 511 2128; x_wconf 89' lang='lat' dir='ltr'><strong>terra,</strong></span> <span class='ocrx_word' id='word_1_102' title='bbox 537 2073 728 2121; x_wconf 88' lang='lat' dir='ltr'><strong>sustulit</strong></span> <span class='ocrx_word' id='word_1_103' title='bbox 753 2091 951 2121; x_wconf 88' lang='lat' dir='ltr'><strong>manum</strong></span> <span class='ocrx_word' id='word_1_104' title='bbox 976 2091 1115 2122; x_wconf 90' lang='lat' dir='ltr'><strong>suam</strong></span> <span class='ocrx_word' id='word_1_105' title='bbox 1141 2074 1203 2121; x_wconf 91' lang='lat' dir='ltr'><strong>ad</strong></span> <span class='ocrx_word' id='word_1_106' title='bbox 1228 2074 1428 2122; x_wconf 91' lang='lat' dir='ltr'><strong>caelum.</strong></span> <span class='ocrx_word' id='word_1_107' title='bbox 1444 2063 1454 2075; x_wconf 57' lang='lat'><strong>¹</strong></span> 
     </span>
    </p>

    <p class='ocr_par' dir='ltr' id='par_1_8' title="bbox 258 2149 1751 2445">
     <span class='ocr_line' id='line_1_17' title="bbox 327 2149 1751 2215; baseline -0.001 -17"><span class='ocrx_word' id='word_1_108' title='bbox 327 2154 370 2198; x_wconf 88' lang='lat'><strong>6.</strong></span> <span class='ocrx_word' id='word_1_109' title='bbox 420 2151 483 2198; x_wconf 91' lang='lat' dir='ltr'><strong>Et</strong></span> <span class='ocrx_word' id='word_1_110' title='bbox 510 2151 691 2215; x_wconf 87' lang='lat' dir='ltr'><strong>juravit</strong></span> <span class='ocrx_word' id='word_1_111' title='bbox 726 2167 815 2213; x_wconf 87' lang='lat' dir='ltr'><strong>per</strong></span> <span class='ocrx_word' id='word_1_112' title='bbox 836 2150 1100 2198; x_wconf 88' lang='lat' dir='ltr'><strong>Viventem</strong></span> <span class='ocrx_word' id='word_1_113' title='bbox 1134 2151 1181 2198; x_wconf 92' lang='lat' dir='ltr'><strong>in</strong></span> <span class='ocrx_word' id='word_1_114' title='bbox 1215 2150 1408 2198; x_wconf 91' lang='lat' dir='ltr'><strong>saecula</strong></span> <span class='ocrx_word' id='word_1_115' title='bbox 1432 2149 1751 2203; x_wconf 89' lang='lat' dir='ltr'><strong>saeculorum,</strong></span> 
     </span>
     <span class='ocr_line' id='line_1_18' title="bbox 259 2226 1751 2291; baseline -0.001 -17"><span class='ocrx_word' id='word_1_116' title='bbox 259 2227 343 2291; x_wconf 93' lang='lat' dir='ltr'><strong>qui</strong></span> <span class='ocrx_word' id='word_1_117' title='bbox 368 2228 551 2274; x_wconf 89' lang='lat' dir='ltr'><strong>creavit</strong></span> <span class='ocrx_word' id='word_1_118' title='bbox 569 2226 754 2274; x_wconf 91' lang='lat' dir='ltr'><strong>caelum</strong></span> <span class='ocrx_word' id='word_1_119' title='bbox 780 2237 830 2274; x_wconf 91' lang='lat' dir='ltr'><strong>et</strong></span> <span class='ocrx_word' id='word_1_120' title='bbox 854 2244 979 2290; x_wconf 92' lang='lat' dir='ltr'><strong>quae</strong></span> <span class='ocrx_word' id='word_1_121' title='bbox 1005 2227 1053 2274; x_wconf 92' lang='lat' dir='ltr'><strong>in</strong></span> <span class='ocrx_word' id='word_1_122' title='bbox 1079 2244 1154 2281; x_wconf 87' lang='lat' dir='ltr'><strong>eo,</strong></span> <span class='ocrx_word' id='word_1_123' title='bbox 1181 2238 1229 2274; x_wconf 95' lang='lat' dir='ltr'><strong>et</strong></span> <span class='ocrx_word' id='word_1_124' title='bbox 1252 2238 1428 2274; x_wconf 86' lang='lat' dir='ltr'><strong>terram</strong></span> <span class='ocrx_word' id='word_1_125' title='bbox 1454 2237 1503 2275; x_wconf 89' lang='lat' dir='ltr'><strong>et</strong></span> <span class='ocrx_word' id='word_1_126' title='bbox 1538 2244 1666 2290; x_wconf 90' lang='lat' dir='ltr'><strong>quae</strong></span> <span class='ocrx_word' id='word_1_127' title='bbox 1703 2227 1751 2273; x_wconf 91' lang='lat' dir='ltr'><strong>in</strong></span> 
     </span>
     <span class='ocr_line' id='line_1_19' title="bbox 259 2303 1749 2367; baseline -0.001 -16"><span class='ocrx_word' id='word_1_128' title='bbox 259 2321 331 2358; x_wconf 90' lang='lat' dir='ltr'><strong>ea,</strong></span> <span class='ocrx_word' id='word_1_129' title='bbox 357 2314 408 2351; x_wconf 90' lang='lat' dir='ltr'><strong>et</strong></span> <span class='ocrx_word' id='word_1_130' title='bbox 436 2321 571 2351; x_wconf 89' lang='lat' dir='ltr'><strong>mare</strong></span> <span class='ocrx_word' id='word_1_131' title='bbox 598 2314 648 2350; x_wconf 90' lang='lat' dir='ltr'><strong>et</strong></span> <span class='ocrx_word' id='word_1_132' title='bbox 677 2320 802 2367; x_wconf 90' lang='lat' dir='ltr'><strong>quae</strong></span> <span class='ocrx_word' id='word_1_133' title='bbox 833 2304 880 2350; x_wconf 92' lang='lat' dir='ltr'><strong>in</strong></span> <span class='ocrx_word' id='word_1_134' title='bbox 911 2321 987 2358; x_wconf 92' lang='lat' dir='ltr'><strong>eo,</strong></span> <span class='ocrx_word' id='word_1_135' title='bbox 1013 2303 1146 2367; x_wconf 90' lang='lat' dir='ltr'><strong>quod</strong></span> <span class='ocrx_word' id='word_1_136' title='bbox 1175 2314 1370 2366; x_wconf 91' lang='lat' dir='ltr'><strong>tempus</strong></span> <span class='ocrx_word' id='word_1_137' title='bbox 1400 2320 1498 2351; x_wconf 90' lang='lat' dir='ltr'><strong>non</strong></span> <span class='ocrx_word' id='word_1_138' title='bbox 1529 2303 1619 2350; x_wconf 92' lang='lat' dir='ltr'><strong>erit</strong></span> <span class='ocrx_word' id='word_1_139' title='bbox 1647 2320 1749 2351; x_wconf 92' lang='lat' dir='ltr'><strong>am-</strong></span> 
     </span>
     <span class='ocr_line' id='line_1_20' title="bbox 258 2381 397 2445; baseline 0 -16"><span class='ocrx_word' id='word_1_140' title='bbox 258 2381 397 2445; x_wconf 90' lang='lat' dir='ltr'><strong>plius.</strong></span> 
     </span>
    </p>

    <p class='ocr_par' dir='ltr' id='par_1_9' title="bbox 260 2457 1752 2598">
     <span class='ocr_line' id='line_1_21' title="bbox 330 2457 1750 2522; baseline -0.001 -16"><span class='ocrx_word' id='word_1_141' title='bbox 330 2470 371 2517; x_wconf 87' lang='lat'><strong>7.</strong></span> <span class='ocrx_word' id='word_1_142' title='bbox 422 2457 525 2506; x_wconf 85' lang='lat' dir='ltr'><strong>Sed</strong></span> <span class='ocrx_word' id='word_1_143' title='bbox 555 2458 602 2505; x_wconf 91' lang='lat' dir='ltr'><strong>in</strong></span> <span class='ocrx_word' id='word_1_144' title='bbox 627 2457 799 2506; x_wconf 88' lang='lat' dir='ltr'><strong>diebus</strong></span> <span class='ocrx_word' id='word_1_145' title='bbox 824 2458 959 2506; x_wconf 90' lang='lat' dir='ltr'><strong>vocis</strong></span> <span class='ocrx_word' id='word_1_146' title='bbox 984 2459 1177 2522; x_wconf 86' lang='lat' dir='ltr'><strong>septimi</strong></span> <span class='ocrx_word' id='word_1_147' title='bbox 1202 2458 1376 2522; x_wconf 83' lang='lat' dir='ltr'><strong>angeli,</strong></span> <span class='ocrx_word' id='word_1_148' title='bbox 1403 2458 1602 2521; x_wconf 90' lang='lat' dir='ltr'><strong>quando</strong></span> <span class='ocrx_word' id='word_1_149' title='bbox 1627 2457 1750 2505; x_wconf 87' lang='lat' dir='ltr'><strong>futu-</strong></span> 
     </span>
     <span class='ocr_line' id='line_1_22' title="bbox 260 2533 1752 2598; baseline -0.001 -16"><span class='ocrx_word' id='word_1_150' title='bbox 260 2552 340 2582; x_wconf 89' lang='lat' dir='ltr'><strong>rus</strong></span> <span class='ocrx_word' id='word_1_151' title='bbox 370 2533 611 2598; x_wconf 84' lang='lat' dir='ltr'><strong>clangere,</strong></span> <span class='ocrx_word' id='word_1_152' title='bbox 644 2545 694 2582; x_wconf 90' lang='lat' dir='ltr'><strong>et</strong></span> <span class='ocrx_word' id='word_1_153' title='bbox 723 2535 1143 2582; x_wconf 85' lang='lat' dir='ltr'><strong>consummabitur</strong></span> <span class='ocrx_word' id='word_1_154' title='bbox 1175 2535 1458 2598; x_wconf 89' lang='lat' dir='ltr'><strong>mysterium</strong></span> <span class='ocrx_word' id='word_1_155' title='bbox 1494 2534 1605 2589; x_wconf 89' lang='lat' dir='ltr'><strong>Dei,</strong></span> <span class='ocrx_word' id='word_1_156' title='bbox 1630 2534 1752 2581; x_wconf 91' lang='lat' dir='ltr'><strong>sicut</strong></span> 
     </span>
    </p>

    <p class='ocr_par' dir='ltr' id='par_1_10' title="bbox 230 2610 1749 2904">
     <span class='ocr_line' id='line_1_23' title="bbox 260 2610 1209 2674; baseline 0.001 -17"><span class='ocrx_word' id='word_1_157' title='bbox 260 2610 617 2674; x_wconf 87' lang='lat' dir='ltr'><strong>evangelizavit</strong></span> <span class='ocrx_word' id='word_1_158' title='bbox 640 2611 739 2658; x_wconf 89' lang='lat' dir='ltr'><strong>suis</strong></span> <span class='ocrx_word' id='word_1_159' title='bbox 764 2611 918 2659; x_wconf 89' lang='lat' dir='ltr'><strong>servis</strong></span> <span class='ocrx_word' id='word_1_160' title='bbox 942 2611 1209 2674; x_wconf 88' lang='lat' dir='ltr'><strong>prophetis.</strong></span> 
     </span>
     <span class='ocr_line' id='line_1_24' title="bbox 230 2677 1749 2750; baseline 0 -16"><span class='ocrx_word' id='word_1_161' title='bbox 230 2677 237 2693; x_wconf 61' lang='lat'>²</span> <span class='ocrx_word' id='word_1_162' title='bbox 328 2689 372 2734; x_wconf 89' lang='lat'><strong>8.</strong></span> <span class='ocrx_word' id='word_1_163' title='bbox 422 2687 486 2734; x_wconf 89' lang='lat' dir='ltr'><strong>Et</strong></span> <span class='ocrx_word' id='word_1_164' title='bbox 510 2704 607 2734; x_wconf 86' lang='lat' dir='ltr'><strong>vox</strong></span> <span class='ocrx_word' id='word_1_165' title='bbox 628 2705 774 2750; x_wconf 89' lang='lat' dir='ltr'><strong>quam</strong></span> <span class='ocrx_word' id='word_1_166' title='bbox 799 2688 963 2735; x_wconf 89' lang='lat' dir='ltr'><strong>audivi</strong></span> <span class='ocrx_word' id='word_1_167' title='bbox 988 2706 1016 2735; x_wconf 93' lang='lat' dir='ltr'><strong>e</strong></span> <span class='ocrx_word' id='word_1_168' title='bbox 1041 2687 1191 2741; x_wconf 90' lang='lat' dir='ltr'><strong>caelo,</strong></span> <span class='ocrx_word' id='word_1_169' title='bbox 1213 2688 1385 2735; x_wconf 88' lang='lat' dir='ltr'><strong>iterum</strong></span> <span class='ocrx_word' id='word_1_170' title='bbox 1410 2687 1616 2750; x_wconf 91' lang='lat' dir='ltr'><strong>loquens</strong></span> <span class='ocrx_word' id='word_1_171' title='bbox 1641 2705 1749 2734; x_wconf 92' lang='lat' dir='ltr'><strong>cum</strong></span> 
     </span>
     <span class='ocr_line' id='line_1_25' title="bbox 260 2764 1749 2827; baseline -0.001 -16"><span class='ocrx_word' id='word_1_172' title='bbox 260 2781 354 2818; x_wconf 91' lang='lat' dir='ltr'><strong>me,</strong></span> <span class='ocrx_word' id='word_1_173' title='bbox 384 2774 433 2811; x_wconf 91' lang='lat' dir='ltr'><strong>et</strong></span> <span class='ocrx_word' id='word_1_174' title='bbox 468 2764 646 2817; x_wconf 67' lang='lat' dir='ltr'><strong>dicem,</strong></span> <span class='ocrx_word' id='word_1_175' title='bbox 678 2764 791 2818; x_wconf 88' lang='lat' dir='ltr'><strong>Abi,</strong></span> <span class='ocrx_word' id='word_1_176' title='bbox 822 2765 985 2827; x_wconf 91' lang='lat' dir='ltr'><strong>accipe</strong></span> <span class='ocrx_word' id='word_1_177' title='bbox 1020 2764 1230 2811; x_wconf 89' lang='lat' dir='ltr'><strong>libellum</strong></span> <span class='ocrx_word' id='word_1_178' title='bbox 1259 2775 1481 2827; x_wconf 90' lang='lat' dir='ltr'><strong>apertum</strong></span> <span class='ocrx_word' id='word_1_179' title='bbox 1517 2764 1565 2811; x_wconf 93' lang='lat' dir='ltr'><strong>in</strong></span> <span class='ocrx_word' id='word_1_180' title='bbox 1602 2781 1749 2811; x_wconf 88' lang='lat' dir='ltr'><strong>manu</strong></span> 
     </span>
     <span class='ocr_line' id='line_1_26' title="bbox 259 2840 1337 2904; baseline 0.001 -17"><span class='ocrx_word' id='word_1_181' title='bbox 259 2840 420 2904; x_wconf 91' lang='lat' dir='ltr'><strong>angeli</strong></span> <span class='ocrx_word' id='word_1_182' title='bbox 445 2841 615 2887; x_wconf 91' lang='lat' dir='ltr'><strong>stantis</strong></span> <span class='ocrx_word' id='word_1_183' title='bbox 640 2858 786 2904; x_wconf 91' lang='lat' dir='ltr'><strong>super</strong></span> <span class='ocrx_word' id='word_1_184' title='bbox 810 2842 930 2889; x_wconf 88' lang='lat' dir='ltr'><strong>mari</strong></span> <span class='ocrx_word' id='word_1_185' title='bbox 956 2851 1005 2889; x_wconf 93' lang='lat' dir='ltr'><strong>et</strong></span> <span class='ocrx_word' id='word_1_186' title='bbox 1029 2858 1175 2904; x_wconf 90' lang='lat' dir='ltr'><strong>super</strong></span> <span class='ocrx_word' id='word_1_187' title='bbox 1199 2851 1337 2888; x_wconf 88' lang='lat' dir='ltr'><strong>terra.</strong></span> 
     </span>
    </p>

    <p class='ocr_par' dir='ltr' id='par_1_11' title="bbox 328 2916 1748 2982">
     <span class='ocr_line' id='line_1_27' title="bbox 328 2916 1748 2982; baseline 0.001 -18"><span class='ocrx_word' id='word_1_188' title='bbox 328 2933 371 2976; x_wconf 89' lang='lat'><strong>9.</strong></span> <span class='ocrx_word' id='word_1_189' title='bbox 422 2917 484 2964; x_wconf 87' lang='lat' dir='ltr'><strong>Et</strong></span> <span class='ocrx_word' id='word_1_190' title='bbox 507 2917 634 2964; x_wconf 88' lang='lat' dir='ltr'><strong>abivi</strong></span> <span class='ocrx_word' id='word_1_191' title='bbox 659 2918 720 2964; x_wconf 92' lang='lat' dir='ltr'><strong>ad</strong></span> <span class='ocrx_word' id='word_1_192' title='bbox 739 2917 984 2982; x_wconf 89' lang='lat' dir='ltr'><strong>angelum,</strong></span> <span class='ocrx_word' id='word_1_193' title='bbox 1002 2918 1167 2965; x_wconf 89' lang='lat' dir='ltr'><strong>dicens</strong></span> <span class='ocrx_word' id='word_1_194' title='bbox 1185 2918 1242 2972; x_wconf 92' lang='lat' dir='ltr'><strong>ei,</strong></span> <span class='ocrx_word' id='word_1_195' title='bbox 1266 2918 1344 2965; x_wconf 89' lang='lat' dir='ltr'><strong>Da</strong></span> <span class='ocrx_word' id='word_1_196' title='bbox 1369 2917 1485 2965; x_wconf 89' lang='lat' dir='ltr'><strong>mihi</strong></span> <span class='ocrx_word' id='word_1_197' title='bbox 1510 2916 1748 2972; x_wconf 89' lang='lat' dir='ltr'><strong>libellum;</strong></span> 
     </span>
    </p>
   </div>
   <div class='ocr_carea' id='block_1_4' title="bbox 259 993 1753 1182">
    <p class='ocr_par' dir='ltr' id='par_1_12' title="bbox 259 993 1753 1182">
     <span class='ocr_line' id='line_1_28' title="bbox 259 993 1753 1182; baseline 0.003 -136"><span class='ocrx_word' id='word_1_198' title='bbox 259 999 473 1182; x_wconf 77' lang='lat' dir='ltr'><strong>ET</strong></span> <span class='ocrx_word' id='word_1_199' title='bbox 508 999 607 1047; x_wconf 86' lang='lat' dir='ltr'><strong>vidi</strong></span> <span class='ocrx_word' id='word_1_200' title='bbox 644 999 791 1047; x_wconf 91' lang='lat' dir='ltr'><strong>alium</strong></span> <span class='ocrx_word' id='word_1_201' title='bbox 828 999 1060 1064; x_wconf 90' lang='lat' dir='ltr'><strong>angelum</strong></span> <span class='ocrx_word' id='word_1_202' title='bbox 1093 1001 1267 1048; x_wconf 90' lang='lat' dir='ltr'><strong>fortem</strong></span> <span class='ocrx_word' id='word_1_203' title='bbox 1301 993 1687 1050; x_wconf 88' lang='lat' dir='ltr'><strong>descendentem</strong></span> <span class='ocrx_word' id='word_1_204' title='bbox 1725 1019 1753 1050; x_wconf 89' lang='lat' dir='ltr'><strong>e</strong></span> 
     </span>
    </p>
   </div>
   <div class='ocr_carea' id='block_1_5' title="bbox 1897 0 1962 315">
    <p class='ocr_par' dir='ltr' id='par_1_13' title="bbox 1897 0 1962 315">
     <span class='ocr_line' id='line_1_29' title="bbox 1897 0 1962 315; baseline 0 3019"><span class='ocrx_word' id='word_1_205' title='bbox 1897 0 1962 315; x_wconf 95' lang='lat' dir='ltr'><strong> </strong></span> 
     </span>
    </p>
   </div>
   <div class='ocr_carea' id='block_1_6' title="bbox 1935 1285 1962 2907">
    <p class='ocr_par' dir='ltr' id='par_1_14' title="bbox 1935 1285 1962 2907">
     <span class='ocr_line' id='line_1_30' title="bbox 1935 1285 1962 2907; baseline 0 0"><span class='ocrx_word' id='word_1_206' title='bbox 1935 1285 1962 2907; x_wconf 95' lang='lat' dir='ltr'><strong> </strong></span> 
     </span>
    </p>
   </div>
   <div class='ocr_carea' id='block_1_7' title="bbox 1932 3159 1962 3334">
    <p class='ocr_par' dir='ltr' id='par_1_15' title="bbox 1932 3159 1962 3334">
     <span class='ocr_line' id='line_1_31' title="bbox 1932 3159 1962 3334; textangle 90"><span class='ocrx_word' id='word_1_207' title='bbox 1932 3281 1962 3334; x_wconf 49' lang='lat' dir='ltr'><strong>*A*</strong></span> <span class='ocrx_word' id='word_1_208' title='bbox 1932 3235 1958 3272; x_wconf 42' lang='grc' dir='ltr'><strong><em>Ἀ</em></strong></span> <span class='ocrx_word' id='word_1_209' title='bbox 1935 3159 1950 3193; x_wconf 60' lang='grc'><strong>-’</strong></span> 
     </span>
    </p>
   </div>
  </div>
 </body>
</html>
