1956 3328
289 286 393 338 1762
699 296 1031 330 APOCALYPSIS
1062 299 1362 332 EXPLICATA.

281 408 372 449 sint
390 422 398 458 ;
427 414 474 449 at
493 409 595 462 quia
612 409 780 450 bonum
799 411 963 451 amoris
983 417 1028 452 et
1047 411 1283 453 charitatis
1302 427 1353 454 ac
1369 426 1523 454 verum
1543 412 1775 455 doetrinae

281 476 327 510 et
358 470 459 511 fidei
487 485 576 511 non
604 473 835 525 exstingui
863 481 1051 527 possunt
1079 476 1162 515 nisi
1190 489 1323 529 quam
1351 477 1469 530 apud
1501 476 1602 517 illos
1629 478 1702 530 qui
1731 478 1774 517 in

281 532 402 574 falsis
429 533 660 575 doetrinae
687 542 732 576 et
759 537 802 576 in
834 536 963 577 malis
989 538 1110 578 vitae
1142 546 1261 586 sunt,
1290 539 1392 579 ideo
1420 539 1482 579 illi
1509 539 1773 592 intelligun-

281 602 367 645 tur,
387 599 600 650 quoniam
623 598 697 638 alii
721 612 810 639 non
834 600 990 640 vident
1014 601 1134 641 bona
1156 603 1320 642 amoris
1344 608 1390 642 et
1413 616 1519 642 vera
1541 601 1773 643 doctrinae

282 658 536 700 exstincffha:
575 660 896 715 (unusquisque
920 663 1039 703 enim
1064 664 1189 704 videt
1212 664 1288 704 illa
1312 678 1424 718 quae
1449 664 1631 705 Domini
1654 672 1773 713 sunt,

281 728 327 762 et
355 723 458 763 inde
481 737 594 776 quae
622 724 735 764 caeli
762 731 808 765 et
831 724 1067 774 ecclesiae,
1093 726 1337 766 secundum
1368 728 1432 767 sui
1459 734 1606 768 status
1628 728 1773 781 quale,

282 785 407 826 videt
440 788 558 827 enim
598 801 656 827 ex
688 787 797 838 illo;
843 802 979 841 quare
1012 802 1102 829 non
1139 789 1271 830 aliter
1302 790 1426 831 videt
1463 804 1596 844 quam
1632 790 1776 844 qualis

281 847 356 888 ille
379 855 475 889 est:
510 856 558 891 ut
582 851 654 903 qui
677 857 821 903 negat
841 851 1087 892 Dominum
1110 865 1161 892 ac
1183 853 1394 893 Divinum
1415 853 1558 906 Ipsius
1581 854 1624 894 in
1647 853 1776 894 caelo

281 917 328 951 et
354 912 397 951 in
430 913 637 961 ecclesia,
666 914 741 954 ille
774 928 864 954 non
891 915 1014 955 videt
1047 914 1137 963 illa,
1166 917 1268 969 quia
1294 930 1353 955 ex
1381 917 1597 969 negativo
1623 916 1774 965 videt;

281 988 417 1027 quare
454 976 488 1015 is
527 990 616 1016 non
655 977 779 1017 videt
822 983 966 1018 testes
1005 979 1147 1027 vivos,
1187 979 1266 1019 sed
1306 979 1562 1032 “corpora''
1599 978 1775 1020 illorum

281 1038 397 1078 sicut
424 1039 671 1091 cadavera;
705 1040 790 1080 hoc
821 1047 908 1089 est,
936 1041 1056 1081 bona
1078 1043 1242 1082 amoris
1269 1048 1314 1082 et
1342 1056 1447 1082 vera
1474 1041 1704 1084 doffitrinae
1727 1049 1775 1083 ut

282 1101 419 1151 nulla,
458 1104 646 1156 proinde
690 1102 919 1144 exstincta
936 1103 967 1157 t)
1011 1111 1058 1145 et
1099 1118 1158 1145 ex
1196 1104 1526 1158 significatione
1566 1106 1775 1146 “dierum

282 1165 415 1205 trium
448 1172 493 1206 et
521 1167 731 1215 dimidii,”
758 1167 877 1220 quod
911 1168 967 1208 sit
1002 1167 1267 1220 plenarium,
1297 1168 1367 1208 hic
1402 1166 1647 1209 exstinctio
1680 1168 1775 1221 ple-

282 1228 431 1278 naria;
470 1230 589 1282 quod
620 1230 742 1270 “tria
775 1237 820 1270 et
854 1231 1119 1270 dimidium”
1152 1232 1241 1272 sint
1275 1231 1538 1284 plenarium,
1573 1238 1642 1272 est
1675 1232 1776 1284 quia

284 1292 443 1332 “tria”
481 1292 739 1345 significant
781 1294 1006 1346 integram
1045 1294 1278 1347 periodum
1316 1308 1394 1335 seu
1430 1295 1714 1335 durationem
1750 1308 1776 1334 a

281 1355 498 1408 principio
525 1357 581 1396 ad
608 1355 769 1406 finem;
803 1357 990 1409 proinde
1017 1357 1090 1397 ubi
1117 1358 1173 1398 de
1201 1357 1394 1398 ecclesia
1420 1358 1582 1410 agitur,
1612 1363 1660 1398 ut
1686 1357 1773 1405 hic,

283 1419 411 1458 “tria
438 1425 483 1459 et
511 1419 774 1459 dimidium”
800 1419 1060 1472 significant
1087 1434 1224 1473 usque
1251 1420 1307 1460 ad
1334 1419 1468 1460 finem
1492 1427 1538 1461 et
1565 1419 1694 1460 simul
1718 1420 1775 1460 ad

281 1494 448 1521 novum
468 1482 732 1535 principium
748 1481 841 1534 ejus
859 1497 867 1531 ;
898 1496 1033 1535 quare
1052 1484 1251 1536 sequitur
1268 1483 1387 1536 quod
1406 1487 1430 1502 ‘⁴
1447 1489 1550 1536 post
1571 1489 1662 1523 tres
1680 1483 1775 1523 dies

281 1550 327 1584 et
351 1544 584 1584 dimidium
608 1545 788 1598 spiritus
806 1545 926 1585 vitae
949 1559 973 1585 a
993 1545 1092 1585 Deo
1110 1546 1344 1586 intraverit
1367 1546 1410 1586 in
1433 1545 1573 1594 illos‚’‘
1591 1551 1636 1585 et
1656 1545 1775 1598 quod

282 1608 536 1648 “steterint
569 1622 703 1661 super
729 1608 920 1661 pedibus
948 1609 1076 1657 suis,”
1102 1623 1179 1662 per
1205 1623 1319 1662 quae
1351 1608 1629 1661 significatur
1655 1609 1774 1661 prin-

280 1671 443 1723 cipium
486 1684 630 1711 novae
674 1670 899 1712 ecclesiae
942 1678 1046 1724 post
1087 1671 1222 1712 finem
1259 1672 1450 1712 veteris:
1495 1684 1599 1711 nam
1640 1684 1774 1711 omne

278 1733 447 1773 bonum
472 1734 636 1774 amoris
655 1740 702 1774 et
721 1748 875 1774 verum
900 1733 1132 1774 doctrinae
1158 1735 1202 1774 in
1221 1734 1308 1774 fine
1331 1734 1550 1775 ecclesiae
1569 1735 1773 1774 exstinc-

279 1804 375 1838 tum
403 1803 499 1847 est;
538 1803 585 1837 at
612 1803 718 1837 tunc
747 1811 925 1851 quoque
952 1798 1262 1844 resuscitatur,
1291 1797 1410 1851 quod
1443 1796 1492 1837 fit
1524 1797 1641 1850 apud
1672 1796 1774 1837 illos

278 1861 397 1914 apud
442 1874 555 1914 quos
600 1874 720 1901 nova
765 1861 960 1901 ecclesia
1001 1875 1026 1901 a
1074 1858 1273 1901 Domino
1318 1862 1607 1909 instauratur,
1654 1861 1774 1914 quod

278 1925 417 1964 etiam
441 1923 719 1976 significatur
742 1937 820 1977 per
841 1924 1088 1977 “spiritum
1112 1919 1266 1964 vitae⁷'
1285 1925 1357 1977 qui
1380 1924 1564 1964 intravit
1591 1924 1634 1963 in
1657 1923 1770 1963 illos.

278 1986 411 2040 Quod
447 1988 578 2028 “dies
616 1994 708 2028 tres
747 1994 792 2028 et
825 1987 1090 2028 dimidium”
1123 1987 1381 2041 significent
1415 1987 1662 2040 plenarium
1695 2001 1774 2027 seu

278 2055 450 2090 statum
475 2049 672 2103 plenum,
691 2057 760 2090 est
785 2064 961 2104 quoque
988 2065 1047 2090 ex
1071 2065 1138 2098 eo,
1161 2051 1280 2103 quod
1303 2050 1378 2090 ille
1402 2063 1611 2090 numerus
1630 2049 1773 2090 simile

278 2111 502 2165 significet
522 2126 623 2153 cum
643 2126 829 2153 numero
848 2117 872 2132 ‘⁴
887 2113 1106 2166 septem,”
1122 2120 1191 2153 est
1211 2114 1329 2153 enim
1348 2113 1578 2153 dimidium
1597 2113 1703 2165 ejus,
1721 2126 1772 2153 ac

277 2189 355 2228 per
379 2189 612 2215 numerum
635 2176 933 2224 dimidiatum,
959 2183 1008 2216 ut
1037 2183 1083 2217 et
1112 2190 1191 2229 per
1217 2189 1449 2216 numerum
1477 2175 1770 2228 duplicatum,

277 2238 421 2278 simile
454 2238 737 2291 significatur
762 2240 883 2292 quod
917 2253 996 2292 per
1022 2253 1256 2280 numerum
1284 2238 1406 2290 cujus
1438 2238 1667 2278 dimidium
1695 2243 1772 2278 aut

277 2301 463 2355 duplum
486 2308 582 2352 est;
616 2315 667 2343 ac
696 2316 774 2355 per
792 2316 1024 2342 numerum
1047 2302 1296 2355 “septem'’
1320 2301 1598 2354 significatur
1620 2314 1770 2350 omne,

276 2372 373 2407 tum
406 2365 588 2419 plenum
621 2371 667 2406 et
700 2365 962 2418 plenarium,
991 2371 1037 2406 et
1070 2366 1360 2418 praedicatur
1386 2364 1441 2404 de
1473 2362 1633 2404 saneto
1659 2363 1772 2404 caeli

276 2435 322 2469 et
345 2428 578 2477 ecclesiae,
599 2429 654 2469 de
673 2442 760 2482 qua
781 2428 897 2468 illius
920 2429 1091 2469 numeri
1115 2428 1448 2481 significatione
1470 2427 1676 2467 videatur
1698 2441 1770 2467 su-

275 2504 356 2543 pra
373 2500 418 2539 (n.
435 2500 499 2534 20,
515 2499 685 2542 24257,
701 2498 852 2541 [113oo).
886 2489 1021 2542 Quod
1041 2491 1213 2530 numeri
1230 2489 1422 2542 majores
1437 2495 1482 2529 et
1500 2489 1772 2541 congregati

275 2566 335 2592 ex
362 2551 607 2591 minoribus
634 2551 777 2592 simile
814 2551 1070 2604 significent
1097 2565 1198 2592 cum
1225 2551 1501 2604 simplicibus
1528 2564 1587 2590 ex
1613 2550 1772 2603 quibus

275 2626 355 2666 per
385 2612 817 2665 multiplicationem
849 2619 1122 2665 exsurgunt,
1155 2613 1366 2653 videatur
1390 2613 1530 2652 etiam
1561 2625 1695 2664 supra
1725 2623 1772 2658 (n.

273 2686 483 2727 430[a‚h]);
531 2681 578 2715 et
618 2677 740 2728 quod
779 2676 936 2717 “tria’'
968 2675 1227 2729 significent
1267 2677 1496 2728 integram
1532 2675 1768 2728 periodum

275 2738 494 2791 maJ'orem
515 2745 592 2780 aut
619 2740 857 2789 minorem,
881 2754 906 2780 a
929 2740 1151 2793 principio
1173 2739 1230 2778 ad
1256 2738 1390 2778 finem
1414 2749 1532 2787 (supra,
1548 2757 1577 2778 n.
1595 2747 1704 2790 532).

354 2820 474 2873 659
483 2818 576 2872 [a].
603 2820 679 2859 “ft
702 2820 896 2873 [corpor-a
916 2819 1091 2872 illorum]
1116 2832 1193 2859 non
1209 2819 1447 2871 permistioni
1462 2817 1560 2871 poni
1574 2818 1614 2857 in
1633 2830 1772 2857 monu-

274 2881 654 2934 mentis.''——Quod
686 2882 913 2934 significet
939 2883 1214 2935 rcjec‘lz‘onem
1242 2888 1284 2922 et
1307 2881 1638 2921 damnationem
1667 2879 1768 2920 illo-

274 2958 386 2995 rum,
412 2949 594 2985 constat
622 2958 680 2985 ex
708 2944 1038 2998 significatione
1065 2948 1193 2984 “non
1217 2944 1322 2997 poni
1349 2944 1391 2983 in
1420 2940 1767 2991 monumentis,’'

1910 0 1956 64 ’44
