1962 3334
565 252 671 286 cAP.
694 252 756 292 x.,
778 251 917 284 VERS.
945 251 1113 284 1o.—N.
1134 240 1303 296 622[a].
1572 249 1673 294 1571

271 364 396 406 621.
434 363 513 403 “ft
532 366 629 404 emt
647 362 688 402 in
708 375 780 403 ore
802 375 892 403 meo
914 362 1027 403 siout
1041 363 1125 403 mel
1143 360 1510 414 dulcis-¹'-—Quod
1534 361 1676 414 signi-

190 423 294 466 ficet
315 425 434 478 quod
460 424 645 465 Verbum
665 424 809 465 adltuc
827 424 977 477 quoad
990 430 1219 464 externum
1239 437 1315 463 seu
1334 422 1484 475 quoad
1498 435 1673 462 sensum

189 486 364 527 litterae
392 487 482 541 ejus
502 487 805 539 perciperetur
829 486 942 527 sicut
948 486 1198 540 jucundum
1224 485 1335 533 boni,
1362 485 1445 526 sed
1463 484 1586 525 modo
1596 485 1676 538 ju·
1706 490 1710 493 ’

189 550 376 590 cundum
413 564 469 590 ex
505 564 564 598 eo,
602 549 722 602 quod
749 549 943 590 serviret
978 549 1043 590 ad
1076 548 1421 603 confirmandum
1450 547 1678 600 principia

180 611 308 664 falsi
326 618 369 652 et
391 626 561 653 amores
587 611 707 660 mali,
734 625 809 652 seu
826 612 1055 664 principia
1079 611 1269 652 oriunda
1293 625 1347 651 ex
1367 624 1515 651 amore
1544 609 1618 650 sui
1635 615 1679 649 et

191 675 356 724 mundi,
389 689 500 728 quae
528 674 674 715 omnia
703 681 807 715 sunt
824 674 990 727 falsa,·
1026 675 1145 728 quod
1177 675 1281 714 inde
1307 673 1526 721 Verbum,
1554 671 1674 725 quod

190 737 462 790 intelligitur
490 751 568 791 per
596 737 878 785 “libellum,'’
906 743 1170 790 perceptum
1202 742 1324 778 esset
1356 735 1526 776 “dulce
1558 735 1675 775 sicut

191 799 321 848 mel,'’
346 801 390 840 in
416 799 716 853 superioribus
741 806 976 840 ostensum
1001 799 1222 841 videatur.

268 874 476 928 622[a].
515 875 593 915 “ft
618 889 709 915 cum
735 875 927 916 devoravi
948 875 1072 922 illum,
1096 879 1141 916 ot
1165 875 1418 915 amaricatus
1446 877 1515 915 est
1537 876 1676 914 venter·

187 934 536 987 meast—Quod
562 934 787 987 significet
817 935 936 987 quod
948 941 1203 987 perceptum
1230 942 1273 975 et
1299 934 1581 986 exploratum
1610 933 1676 974 sit

187 995 307 1048 quod
337 994 524 1036 Verbum
553 1002 668 1036 esset
695 995 881 1036 interius
912 995 1190 1049 injucundum
1213 1010 1269 1036 ex
1292 995 1543 1036 adulterato
1573 1009 1676 1034 vero

187 1068 344 1095 sensus
373 1055 551 1096 litterae
577 1056 685 1109 ejus,
721 1062 906 1097 constat
941 1069 1002 1096 ex
1035 1056 1124 1096 illis
1160 1070 1276 1110 quae
1306 1070 1440 1109 supra
1470 1067 1516 1104 (n.
1539 1055 1622 1108 617
1647 1071 1679 1095 et

187 1116 287 1166 618)
317 1117 551 1170 explicata
584 1124 705 1166 sunt,
743 1118 817 1158 ubi
856 1118 1019 1159 similia
1055 1118 1208 1159 verba.
1267 1118 1403 1171 Quod
1445 1118 1677 1159 “venter”

187 1178 258 1219 hic
285 1178 507 1231 significet
535 1180 749 1220 interiora
771 1179 912 1220 Verbi
938 1194 1052 1234 quae
1075 1186 1297 1221 vocantur
1318 1180 1581 1234 spiritualia,
1605 1187 1677 1221 est

188 1241 291 1294 quia
323 1240 582 1294 exploratio
612 1249 957 1295 repraesentata
994 1249 1064 1283 est
1103 1257 1182 1296 per
1217 1243 1560 1284 devorationem
1599 1256 1677 1283 seu

188 1305 518 1345 comestionem
550 1304 705 1353 libelli,
740 1319 819 1358 per
854 1318 987 1358 quem
1024 1305 1294 1358 intelligitur
1325 1305 1542 1354 Verbum,
1575 1319 1676 1358 per-

190 1380 277 1420 que
307 1366 400 1419 ejus
432 1380 654 1420 saporem,
688 1381 767 1420 per
803 1380 936 1421 quem
966 1367 1238 1420 intelligitur
1269 1369 1526 1421 perceptio:
1572 1368 1675 1408 inde

187 1430 331 1483 prima
370 1430 602 1483 perceptio
643 1429 923 1482 significatur
962 1444 1040 1483 per
1079 1434 1325 1483 “saporem
1365 1432 1409 1471 in
1450 1430 1566 1479 ore‚''
1604 1431 1677 1470 ubi

188 1491 366 1532 libellus
402 1498 499 1532 erat
540 1492 721 1533 “dulcis
755 1493 870 1533 sicut
908 1493 997 1533 mel
1015 1492 1050 1543 ;‘’
1092 1493 1234 1546 prima
1272 1494 1503 1546 perceptio
1535 1493 1676 1533 Verbi

187 1560 258 1594 est
284 1553 426 1607 qualis
458 1561 527 1595 est
555 1556 788 1608 perceptio
814 1569 971 1595 sensus
998 1555 1179 1596 litterae
1211 1555 1318 1608 ejus,
1347 1557 1410 1596 ita
1442 1556 1574 1609 quale
1605 1563 1676 1596 est

187 1615 391 1657 Verbum
416 1619 644 1667 exterius;
682 1618 827 1658 altera
857 1624 1010 1658 autem
1037 1619 1268 1671 perceptio
1293 1617 1572 1671 significatur
1598 1633 1677 1672 per

187 1691 395 1732 saporem
422 1679 514 1731 ejus
546 1680 652 1720 dum
682 1681 763 1720 “in
789 1680 1030 1721 ventrem”
1052 1681 1193 1728 venit,
1218 1681 1291 1734 qui
1323 1681 1488 1721 dicitur
1512 1685 1675 1721 “ama-

187 1741 406 1792 ricatus;”
442 1741 586 1782 altera
618 1742 729 1783 haec
763 1743 995 1795 perceptio
1021 1742 1162 1783 Verbi
1194 1750 1262 1783 est
1295 1743 1438 1796 qualis
1470 1750 1541 1784 est
1574 1758 1675 1797 per-

187 1804 338 1857 ceptio
364 1818 520 1845 sensus
547 1806 788 1858 spiritualis
814 1805 921 1858 ejus,
949 1819 1027 1845 seu
1057 1805 1189 1858 quale
1222 1805 1424 1846 Verbum
1455 1813 1525 1847 est
1557 1808 1675 1848 inte-

187 1866 300 1906 rius:
343 1866 447 1907 inde
478 1874 548 1908 est
586 1868 705 1921 quod
743 1869 845 1921 quia
881 1882 959 1921 per
993 1872 1081 1908 “os
1096 1867 1116 1882 '’
1147 1867 1424 1920 significatur
1456 1871 1673 1916 exterius.

188 1928 291 1969 ideo
315 1943 395 1982 per
422 1931 701 1971 “ventrem''
727 1931 797 1971 hic
830 1930 1108 1983 significetur
1132 1931 1334 1979 interius,
1362 1932 1464 1984 quia
1489 1933 1675 1974 interius

188 1998 420 2044 receptum
447 1999 492 2033 et
516 1993 820 2046 exploratum.
884 1992 1019 2045 Quod
1048 1993 1276 2033 “venter'’
1302 1993 1525 2047 significet
1558 1996 1675 2036 inte·

188 2053 318 2102 riora,
346 2061 416 2095 est
443 2056 544 2108 quia
569 2062 730 2096 venter
755 2056 940 2096 interius
966 2056 1173 2096 recondit
1200 2056 1362 2105 cibum,
1391 2064 1436 2097 et
1463 2071 1542 2111 per
1570 2060 1674 2099 “ci-

187 2116 326 2157 bum‘’
351 2118 629 2170 significatur
654 2132 788 2159 omne
811 2118 931 2171 quod
958 2119 1098 2158 nutrit
1124 2120 1334 2168 an‘imam,
1362 2127 1407 2161 et
1435 2122 1536 2174 quia
1562 2136 1672 2162 ven-

189 2185 262 2219 ter
290 2179 406 2220 sicut
437 2180 607 2234 reliqua
633 2182 805 2221 viscera
835 2182 956 2221 intus
987 2194 1064 2220 seu
1096 2182 1140 2221 in
1172 2182 1322 2222 medio
1347 2185 1545 2236 corporis
1571 2191 1640 2225 est
1663 2199 1672 2234 ;

190 2241 294 2283 inde
320 2249 389 2283 est
421 2244 540 2296 quod
568 2258 646 2297 per
674 2243 950 2284 “ventrem'’
975 2249 1022 2283 et
1048 2257 1225 2297 quoque
1251 2258 1330 2297 per
1358 2247 1601 2287 “viscera”
1629 2247 1674 2287 in
1695 2267 1706 2277 ·

187 2302 343 2345 Verbo
379 2305 688 2358 significentur
724 2307 949 2346 interiora.
1024 2305 1157 2358 Quod
1195 2320 1273 2359 per
1312 2311 1555 2349 “ventrem
1571 2308 1591 2323 ”
1626 2316 1674 2349 et

189 2379 269 2419 per
307 2368 547 2408 “viscera'’
585 2368 894 2421 significentur
933 2369 1160 2417 interiora,
1200 2376 1412 2410 constare
1453 2378 1607 2424 potest
1648 2385 1674 2412 a

190 2430 480 2483 sequentibus
506 2431 575 2471 his
601 2431 711 2472 locis
731 2431 939 2484 t—Apud
965 2431 1245 2481 Ezechielem,

254 2540 350 2572 “Fili
368 2541 535 2580 hominis,
553 2549 717 2574 ventrem
739 2548 838 2574 tuum
856 2543 945 2579 ciba,
963 2549 998 2574 et
1014 2543 1154 2575 viscera
1170 2543 1278 2584 imple
1295 2545 1478 2576 volumine
1495 2546 1562 2577 hoc
1575 2545 1592 2557 '¹
1612 2547 1673 2586 (iii.

363 2582 408 2626 1[‚
427 2583 496 2626 3]);

189 2698 269 2738 per
303 2699 417 2739 quae
458 2686 619 2727 similia
658 2687 968 2740 significantur
1004 2701 1117 2741 quae
1153 2689 1197 2728 in
1233 2689 1517 2742 Apocalypsi,
1557 2704 1671 2743 quae

189 2760 306 2788 nunc
345 2748 645 2802 explicantur,
678 2750 797 2803 quod
840 2763 1001 2803 nempe
1035 2751 1298 2804 “acciperet
1340 2759 1386 2792 et
1428 2753 1668 2793 devoraret

189 2808 389 2850 libellum
406 2810 439 2860 ;’'
462 2824 540 2864 per
559 2811 806 2852 “volumen
819 2811 970 2852 ”enim
993 2812 1136 2854 simile
1158 2813 1435 2866 significatur
1448 2815 1568 2868 quod
1593 2829 1672 2868 per

193 2870 472 2923 “libellum,’'
504 2886 665 2928 nempe
698 2874 926 2927 Verbum;
968 2882 1014 2917 et
1051 2889 1129 2930 per
1162 2877 1349 2918 “cibare
1380 2885 1586 2918 ventrem
1619 2886 1665 2919 et
