1962 3334
0 3226 21 3328 rvajss.
0 3186 14 3214 gv.
10 3139 11 3142 Α
0 3072 4 3081 -

38 0 150 34 af'sslz'i:
175 0 199 21 ⁷⁵-
273 1 276 2 ⁷

359 274 466 306 CAP.
487 272 572 313 1x.,
594 268 871 304 CONTENTA
891 268 1128 302 VERSUUM
1154 268 1409 312 13—19.—N.
1436 258 1527 312 565.
1597 270 1670 312 141
1679 268 1700 313 5

160 401 172 414 ·
217 387 354 436 mino,
386 385 566 440 quando
596 384 734 425 homo
764 382 936 436 patitur
964 394 1014 422 se
1044 380 1146 421 duci
1182 394 1208 421 a
1239 380 1437 421 Domino
1467 393 1546 434 per
1576 379 1703 434 leges

217 451 399 497 ordinis,
426 462 540 502 quae
565 453 671 488 sunt
696 459 803 487 vera
826 451 874 486 et
899 445 1020 485 bona
1043 443 1277 490 ecclesiae,
1301 443 1359 483 ad
1386 443 1539 496 Ipsum
1565 450 1612 484 et
1638 444 1701 484 sic

216 514 275 554 ad
305 512 506 554 caelum:
543 516 590 552 et
622 522 723 550 cum
754 508 840 549 hoc
871 506 937 555 fit,
963 506 1103 547 horno
1132 505 1343 559 relinquit
1375 506 1584 546 ultimum
1615 506 1702 547 hoc

218 574 440 623 sensuale,
466 574 644 627 quoties
674 573 719 612 in
749 577 876 612 statu
901 568 1122 623 spirituali
1153 574 1238 617 est,
1266 574 1313 609 et
1339 567 1544 609 elevatus
1570 582 1704 622 supra

216 637 327 679 illud
354 643 562 686 tenetur;
597 642 644 676 et
670 634 756 675 hoc
783 647 960 687 quoque
985 646 1046 673 ex
1071 645 1221 679 causa,
1248 632 1351 684 quia
1382 631 1468 672 hoc
1495 631 1703 673 sensuale

215 707 288 742 est
324 713 503 754 prorsus
538 698 825 752 deperditum
860 696 980 749 apud
1015 695 1249 744 homines;
1295 695 1340 734 in
1380 708 1436 735 eo
1476 695 1595 735 enim
1631 702 1703 735 est

216 762 408 816 cujusvis
429 762 669 815 proprium,
692 761 737 800 in
758 759 878 813 quod
900 758 1113 818 nascitur,
1136 757 1255 811 quod
1278 757 1322 796 in
1344 770 1392 797 se
1415 770 1506 797 non
1527 764 1597 798 est
1621 758 1703 798 nisi

216 839 352 879 quam
382 825 563 865 malum.
623 823 699 864 Ex
729 822 799 863 his
829 828 1042 863 constare
1068 827 1223 874 potest
1255 820 1374 860 unde
1405 826 1475 861 est
1506 820 1627 873 quod
1659 820 1703 860 id

216 887 423 929 sensuale
441 888 617 928 dicatur
632 889 658 906 ‘⁶
670 883 905 939 perditio,’'
921 898 1000 924 seu
1016 887 1042 903 “
1055 882 1286 923 Abaddon
1298 882 1317 896 ”
1331 889 1379 923 et
1396 882 1703 936 “Apollyon.”

217 949 459 991 Sciendum
490 956 560 990 est
591 947 711 1002 quod
742 954 835 988 tres
865 946 1033 999 gradus
1053 946 1176 986 vitae
1207 944 1327 998 apud
1358 946 1702 999 unumquemvis

216 1012 447 1053 hominem
473 1012 578 1059 sint,
602 1011 803 1058 intimus,
828 1009 1001 1050 medius
1027 1014 1074 1049 et
1100 1007 1313 1058 ultimus;
1346 1014 1392 1048 et
1418 1008 1540 1061 quod
1566 1007 1704 1048 homo

217 1089 274 1116 eo
305 1073 541 1128 perfectior
571 1073 664 1122 fiat,
691 1072 777 1113 hoc
809 1078 895 1120 est,
928 1071 1191 1124 sapientior,
1219 1084 1308 1124 quo
1340 1071 1526 1111 interior
1551 1069 1616 1120 fit,
1643 1085 1703 1112 ex

216 1150 353 1179 causa
377 1137 480 1190 quia
504 1150 559 1177 eo
583 1136 770 1176 interius
792 1134 836 1175 in
859 1133 1005 1175 lucem
1027 1132 1142 1174 caeli
1163 1133 1289 1173 venit
1308 1147 1317 1183 ;
1351 1139 1398 1174 et
1420 1133 1542 1187 quod
1566 1133 1705 1174 homo

216 1213 272 1240 eo
302 1197 602 1252 imperfectior
631 1197 725 1246 fiat,
752 1197 839 1238 hoc
870 1202 956 1244 est,
985 1196 1131 1236 minus
1162 1196 1357 1248 sapiens,
1385 1209 1474 1248 quo
1504 1197 1706 1237 exterior

216 1261 282 1310 fit,
309 1276 369 1303 ex
395 1275 531 1303 causa
554 1261 657 1314 quia
681 1274 708 1301 a
739 1259 837 1300 luce
862 1258 976 1300 caeli
1007 1272 1062 1299 eo
1087 1258 1268 1311 propius
1294 1258 1352 1298 ad
1378 1257 1525 1298 lucem
1551 1259 1705 1300 mundi

215 1325 355 1366 venit.
430 1323 542 1365 Inde
579 1330 790 1364 constare
830 1328 986 1376 potest
1026 1321 1169 1375 qualis
1210 1328 1281 1361 est
1322 1334 1443 1361 mere
1484 1322 1704 1362 sensualis

207 1388 369 1436 homo,
401 1389 475 1442 qui
516 1387 627 1428 nihil
662 1387 787 1427 videt
826 1400 887 1427 ex
923 1385 1022 1426 luce
1059 1383 1172 1425 caeli
1208 1383 1288 1424 sed
1325 1384 1471 1424 solum
1508 1398 1568 1425 ex
1605 1384 1704 1426 luce

215 1451 397 1501 mundi;
437 1450 558 1504 quod
589 1462 751 1502 nempe
776 1449 817 1489 ei
852 1449 898 1489 in
934 1447 1032 1488 luce
1069 1453 1115 1488 et
1147 1446 1389 1500 splendore
1424 1448 1514 1488 sint
1552 1448 1704 1488 omnia

214 1526 330 1566 quae
347 1513 500 1553 mundi
522 1519 641 1561 sunt,
660 1525 711 1552 ac
735 1512 779 1552 in
802 1511 999 1552 tenebris
1021 1516 1068 1551 et
1090 1509 1284 1561 caligine
1306 1510 1396 1550 sint
1419 1511 1570 1550 omnia
1588 1524 1704 1564 quae

215 1574 356 1625 caeli;
388 1581 434 1616 et
460 1575 640 1628 quando
666 1574 777 1623 haec
810 1574 854 1614 in
880 1573 1079 1614 tenebris
1105 1579 1152 1612 et
1178 1571 1373 1624 caligine
1399 1579 1519 1620 sunt,
1546 1579 1593 1613 et
1624 1573 1704 1613 illa

214 1636 259 1677 in
281 1636 382 1677 luce
402 1642 449 1676 et
470 1635 728 1689 splendore,
751 1635 954 1687 sequitur
974 1633 1096 1687 quod
1117 1646 1209 1672 non
1230 1633 1344 1672 alius
1369 1634 1487 1685 ignis
1509 1634 1632 1674 vitae
1655 1640 1703 1674 et

215 1711 344 1739 amor
364 1699 423 1739 sit
444 1699 519 1751 qui
539 1697 752 1738 accendit
770 1703 817 1737 et
838 1697 978 1744 ducit,
997 1708 1132 1748 quam
1150 1707 1278 1734 amor
1299 1695 1366 1735 sui
1387 1702 1433 1736 et
1455 1695 1559 1736 inde
1575 1709 1705 1737 amor

216 1761 419 1801 omnium
450 1760 703 1810 malorum;
742 1766 790 1800 et
825 1758 947 1812 quod
982 1771 1075 1799 non
1110 1757 1198 1797 alia
1229 1756 1309 1796 lux
1338 1758 1463 1798 vitae
1496 1759 1555 1798 sit
1589 1772 1705 1812 quae

215 1823 512 1875 cogitationis
546 1823 692 1862 visum
726 1822 911 1874 stringit
946 1827 993 1861 et
1028 1820 1227 1867 instruit,
1260 1832 1396 1872 quam
1430 1834 1546 1873 quae
1580 1821 1705 1863 favet

216 1885 349 1926 malis
372 1899 488 1939 quae
513 1891 652 1932 amat,
679 1891 726 1925 et
755 1883 868 1924 haec
899 1889 1006 1923 sunt
1036 1882 1149 1922 falsa
1179 1882 1301 1922 mali.
1360 1882 1435 1923 Ex
1466 1883 1535 1923 his
1565 1884 1705 1925 etiam

214 1948 357 1988 videri
378 1954 534 2001 potest
564 1946 709 2000 qualis
734 1952 806 1987 est
836 1959 959 1986 mere
984 1945 1208 1985 sensualis
1233 1945 1389 1995 homo,
1415 1946 1473 1986 de
1503 1959 1593 1999 quo
1617 1946 1704 1988 huc

215 2024 356 2064 usque
380 2011 425 2050 in
450 2010 535 2050 hoc
561 2009 713 2062 capite
738 2007 890 2049 aetum
915 2014 1002 2048 est.

293 2080 430 2134 564.
459 2089 565 2128 [Vers.
584 2089 645 2127 12.]
676 2077 785 2118 “rae
801 2090 920 2117 unum
930 2076 1161 2129 praeteriit,
1178 2089 1281 2117 ecce
1299 2076 1460 2118 veniunt
1477 2077 1610 2119 adhuc
1629 2078 1708 2119 duo

219 2155 291 2183 me
307 2146 404 2195 post
423 2140 763 2193 kunst—Quod
785 2139 1010 2192 significet
1032 2139 1392 2180 lamentationem
1412 2154 1547 2180 unam
1571 2147 1708 2193 super

215 2205 522 2247 devastatione
534 2204 749 2251 ecclesiae,
771 2210 814 2243 et
832 2203 952 2256 quod
966 2203 1227 2243 lamentatio
1242 2210 1379 2255 super
1401 2203 1613 2244 ulteriore
1631 2204 1709 2244 de-

215 2268 470 2309 vastatione
495 2267 589 2320 <jus
618 2272 845 2319 sequatur,
871 2272 1058 2306 constat
1087 2279 1147 2306 ex
1178 2265 1513 2318 significatione
1540 2266 1706 2315 “vae,”

216 2330 338 2384 quod
358 2330 418 2371 sit
442 2329 716 2370 lamentatio
737 2341 871 2381 super
896 2327 1026 2368 malis
1050 2334 1097 2368 et
1121 2327 1227 2368 inde
1251 2327 1376 2368 falsis
1400 2341 1515 2382 quae
1540 2328 1706 2370 devas-

215 2397 320 2434 tant
344 2391 586 2433 ecclesiam
613 2400 669 2439 (de
683 2410 747 2439 qua
761 2410 867 2438 supra,
884 2409 915 2431 n.
932 2398 991 2442 [115
999 2401 1082 2442 31).

829 2559 963 2583 VERSUS
982 2560 1099 2592 13-19.

326 2622 422 2674 ⁶⁵·
459 2636 477 2649 ¹¹
485 2635 520 2662 ft
531 2637 634 2662 sextus
646 2636 765 2667 angelus
778 2634 896 2664 clanxit,
910 2635 940 2660 et
952 2633 1051 2660 audiat·
1062 2641 1157 2660 uocem
1169 2642 1253 2660 unam
1265 2642 1302 2661 ex
1314 2637 1437 2667 quatuor
1449 2636 1585 2662 commu:
1598 2636 1707 2662 anam

217 2682 298 2701 nuru
313 2677 386 2707 quod
397 2683 494 2702 coram
507 2675 571 2705 Deo,
584 2676 727 2701 nicenum
740 2676 824 2701 sexto
836 2675 938 2706 angelo
949 2674 999 2706 qut
1010 2674 1134 2700 habebat
1146 2675 1252 2705 tubam,
1266 2674 1349 2702 Soloe
1361 2678 1484 2707 quatuor
1496 2677 1614 2708 anyeloae
1627 2676 1708 2701 σῘηο-

217 2715 265 2739 toa
281 2714 320 2739 ad
328 2713 438 2746 fiumen
457 2721 588 2745 mannum
607 2713 787 2744 Euphratem.
825 2712 859 2738 ft
876 2713 966 2738 solutu·
981 2714 1051 2739 sunt
1068 2714 1190 2745 quatuor
1204 2714 1309 2746 angeli.
1325 2714 1375 2746 qul
1392 2714 1492 2745 parati
1509 2714 1538 2739 Ῐη
1557 2715 1656 2740 horam
1675 2715 1707 2740 et

218 2751 293 2777 ulem
306 2753 336 2777 et
347 2758 473 2778 mensem
488 2753 519 2777 et
532 2759 644 2781 annum.
659 2753 691 2777 ut
705 2751 870 2777 occiderent
882 2751 1000 2776 tertiam
1011 2752 1125 2782 partem
1138 2751 1290 2778 hominum.
1327 2751 1348 2777 Ε
1350 2753 1362 2777 t
1376 2759 1512 2778 numerus
1527 2752 1704 2778 exercituum

218 2789 373 2821 multatus,
389 2790 464 2815 duae
478 2789 624 2822 myriaden
642 2789 822 2822 myrladum:
843 2790 874 2814 et
887 2789 985 2814 wdlvl
999 2795 1145 2814 numerum
1161 2789 1281 2815 Illorum.
1319 2789 1353 2815 ft
1371 2790 1414 2815 ita
1433 2790 1492 2816 vid}
1508 2797 1597 2822 equos
1615 2790 1644 2815 t‘n
1664 2790 1709 2816 σι’-

218 2827 307 2857 ιΙοησ.
323 2828 353 2853 et
370 2828 505 2853 sedentes
523 2834 612 2857 super
629 2827 697 2857 ΙΙΙΙε,
715 2827 855 2852 habentes
873 2827 1009 2853 thoraces
1026 2826 1126 2859 igneos
1144 2829 1175 2853 et
1192 2827 1395 2860 hyacinthinos
1415 2830 1444 2854 et
1462 2828 1654 2859 sulphureos:
1676 2830 1707 2854 et

218 2865 317 2895 cunm
331 2872 464 2896 equorum
480 2865 556 2891 ulcut
570 2865 669 2895 capita
683 2866 793 2891 leonum
802 2873 812 2893 .-
834 2866 864 2890 ετ
878 2871 915 2890 ex
929 2864 1027 2890 orlbus
1044 2864 1156 2891 morum
1172 2865 1263 2891 etlvst
1277 2865 1353 2897 lanis
1371 2867 1402 2891 et
1414 2865 1515 2898 fumus
1530 2868 1560 2892 et
1574 2866 1699 2896 sulphur,

220 2902 239 2927 Λ
256 2903 349 2929 tribus
364 2903 410 2929 his
423 2903 520 2929 oceno
534 2904 581 2929 eut
596 2903 684 2929 tenta
698 2910 770 2934 pars
784 2903 935 2933 hominum.
952 2909 988 2929 ex
1003 2903 1070 2934 [qne
1087 2904 1118 2929 et
1130 2910 1167 2929 ex
1179 2902 1262 2935 sumo
1280 2905 1310 2929 et
1328 2910 1363 2929 ex
1378 2904 1517 2935 sulphure
1532 2905 1655 2930 exeunte
1669 2910 1705 2930 ex
