1962 3334
280 284 294 313 1
306 282 386 326 354
688 281 1022 315 APOCALYPSIS
1053 281 1352 314 EXPLICATA.

273 393 501 447 gyptum”
532 393 812 447 significatur
848 394 1069 435 naturalis
1105 394 1244 435 homo
1281 394 1430 448 quoad
1466 392 1762 434 scientificum

273 457 347 505 ibi,
385 463 431 498 et
468 471 547 510 per
580 457 845 498 “fornacem
883 457 1014 498 serri”
1046 457 1264 504 similiter,
1299 457 1401 497 ideo
1437 456 1682 509 Aegyptus
1717 456 1762 496 in

274 518 429 561 Verbo
455 526 646 561 vocatur
674 520 874 561 “fornax
900 520 1000 561 ferri
1017 519 1178 561 :”—Ut
1204 520 1323 573 apud
1350 519 1610 567 Jeremz'am,

430 615 539 657 “Quo
557 616 613 647 die
632 615 738 647 eduxi
756 613 855 647 [¹]eos
873 626 917 647 ex
934 615 1113 656 Aegypto,
1132 625 1175 646 ex
1192 614 1339 646 fornace
1356 614 1536 654 ferri''(xi.
1548 614 1581 654 4)
1596 623 1603 652 ;

273 694 393 748 apud
417 694 588 743 Mosen,

421 767 582 799 “Eduxit
601 764 702 798 [²]vos
721 777 765 798 ex
781 766 929 798 fornace
947 766 1041 804 ferri,
1059 775 1104 797 ex
1121 765 1289 806 Aegypto
1302 764 1319 776 ’'
1331 763 1467 804 (Deutr.
1481 764 1525 795 iv.
1539 762 1592 804 20)
1607 772 1614 803 ;

273 845 318 885 in
343 844 481 885 Libro
505 843 661 884 Primo
683 843 870 896 Regum,

444 915 671 948 “[31Eduxisti
688 926 732 948 ex
749 916 917 957 Aegypto
935 925 954 947 e
972 915 1091 947 medio
1108 914 1267 946 fornacis
1284 914 1368 945 ferri
1380 913 1397 925 '’
1411 912 1495 954 (viii.
1509 912 1561 953 51)
1575 922 1583 952 ;

273 993 391 1047 apud
417 992 650 1042 Davidem,

340 1067 358 1080 ‘⁸
370 1065 522 1097 Removi
542 1066 587 1096 ab
606 1075 716 1096 onere
726 1064 745 1077 '¹
762 1064 920 1105 Aegypti
939 1064 1157 1095 “humerum
1169 1062 1187 1075 ”
1206 1062 1361 1101 Israelis,
1380 1063 1538 1093 “manus
1556 1061 1634 1102 ejus
1652 1071 1673 1093 a
1692 1060 1764 1093 for-

448 1119 547 1147 nace,
566 1108 839 1140 transiverunt''
850 1108 923 1149 (Ps.
935 1108 1042 1139 lxxxi.
1057 1115 1074 1146 7
1089 1105 1146 1149 [B.
1161 1108 1205 1139 A.
1223 1105 1293 1148 6]):

274 1194 492 1235 naturalis
528 1194 668 1235 homo
699 1194 848 1248 quoad
881 1192 1178 1234 scientificum
1211 1190 1489 1245 significatur
1525 1204 1604 1244 per
1636 1190 1761 1231 “sor-

274 1269 434 1298 nacem
461 1257 561 1298 ferri
579 1256 612 1307 ;”
635 1255 884 1313 “‘sornax”
908 1262 978 1296 est
1011 1255 1227 1296 naturalis
1255 1254 1419 1304 homo;
1458 1260 1504 1294 et
1533 1252 1763 1294 “serrum”

274 1326 345 1360 est
378 1319 691 1368 scientificum,
719 1320 778 1360 ibi
810 1317 1107 1360 scientificum
1134 1317 1294 1358 falsum
1321 1317 1423 1370 quia
1455 1316 1618 1356 dicitur
1643 1314 1762 1368 quod
1804 1343 1812 1351 .

277 1381 464 1423 “θ(1υξὶί
491 1383 581 1423 sint
599 1382 633 1433 ;‘’
670 1382 889 1423 naturalis
916 1382 1035 1422 enim
1062 1381 1214 1428 homo,
1241 1381 1323 1420 nisi
1356 1380 1547 1420 ducatur
1577 1392 1603 1419 a
1635 1378 1762 1431 spiri—

274 1445 386 1486 tuali
412 1445 609 1494 homine,
638 1452 708 1486 est
741 1446 785 1485 in
810 1444 935 1485 falsis
967 1450 1013 1484 et
1045 1444 1088 1483 in
1116 1443 1260 1491 malis,
1289 1456 1348 1483 ex
1381 1455 1516 1482 causa
1546 1441 1648 1494 quia
1672 1453 1762 1480 non

274 1508 424 1562 aliqua
457 1508 536 1548 lux
574 1508 637 1549 illi
670 1514 741 1549 est
778 1522 802 1548 e
840 1507 994 1557 caelo;
1034 1506 1112 1546 lux
1144 1507 1263 1546 enim
1296 1519 1319 1545 θ
1352 1504 1480 1545 caelo
1511 1504 1653 1544 influit
1685 1516 1763 1556 per

275 1571 556 1624 spiritualem
583 1571 815 1612 hominem
847 1570 891 1611 in
924 1568 1193 1616 naturalem,
1221 1581 1272 1609 ac
1306 1567 1518 1615 illustrat,
1547 1566 1684 1606 docet
1716 1571 1762 1605 et

274 1634 424 1675 ducit:
473 1635 748 1675 contrarium
786 1647 980 1686 prorsuS‚
1019 1632 1201 1685 quando
1239 1630 1456 1671 naturalis
1493 1629 1631 1670 homo
1672 1641 1762 1668 non

275 1697 356 1737 sub
374 1698 574 1750 auspicio
593 1696 835 1750 spiritualis
853 1696 1048 1736 hominis
1066 1695 1241 1747 cogitat
1265 1700 1310 1734 et
1334 1694 1430 1746 agit
1448 1706 1457 1743 ;
1491 1698 1599 1733 tunc
1623 1692 1762 1732 etiam

274 1761 319 1800 in
342 1761 562 1801 servitute
585 1766 669 1809 est,
689 1773 794 1800 nam
817 1760 993 1812 cogitat
1017 1764 1063 1799 et
1086 1759 1181 1810 agit
1204 1771 1262 1798 ex
1284 1756 1406 1797 falsis
1429 1761 1475 1796 et
1498 1754 1627 1795 malis
1649 1767 1762 1807 quae

274 1824 331 1864 ab
357 1823 556 1874 inferno;
589 1824 675 1864 hoc
703 1822 982 1876 significatur
1008 1835 1086 1875 per
1114 1821 1234 1874 quod
1261 1821 1469 1860 dicantur
1496 1815 1682 1859 “eduffi
1704 1831 1762 1858 ex

274 1887 411 1927 domo
434 1886 704 1935 servitutis,''
723 1886 829 1926 dum
851 1889 949 1926 “ex
973 1884 1194 1937 Aegypto
1212 1883 1245 1933 ;”
1272 1896 1406 1923 omne
1429 1882 1547 1923 enim
1575 1881 1762 1921 liberum

274 1951 508 2004 cogitandi
541 1957 587 1991 et
619 1950 787 2003 agendi
814 1955 884 1990 est
916 1962 975 1989 ex
1007 1947 1226 2001 spirituali
1258 1946 1456 1994 homine,
1485 1945 1695 1999 quoniam
1727 1944 1763 1984 is

274 2015 451 2067 cogitat
483 2019 530 2055 et
555 2013 652 2054 vult
685 2026 708 2053 θ
741 2012 869 2052 caelo
901 2025 927 2052 a
960 2011 1171 2059 Domino,
1200 2016 1246 2050 et
1279 2010 1380 2050 duci
1411 2022 1437 2048 a
1469 2008 1666 2048 Domino
1692 2012 1762 2047 est

274 2077 477 2118 liberum.
539 2076 614 2116 Ex
637 2076 705 2116 his
729 2082 940 2116 constare
963 2080 1118 2128 potest
1142 2074 1259 2114 unde
1282 2079 1352 2113 est
1375 2072 1494 2126 quod
1517 2070 1763 2123 Aegyptus

274 2141 450 2181 dicatur
471 2139 671 2180 “fornax
693 2138 832 2186 ferri,”
856 2144 903 2178 et
925 2130 1045 2191 quod
1068 2137 1244 2178 dicatur
1263 2135 1462 2175 “domus
1484 2133 1713 2174 servitutis
1731 2131 1764 2182 ;”

274 2218 388 2258 quae
423 2203 618 2244 servitus
657 2203 796 2243 etiam
836 2200 1115 2254 significatur
1151 2213 1230 2253 per
1264 2198 1497 2239 “Removi
1534 2197 1591 2237 ab
1627 2209 1764 2236 onere

274 2265 486 2318 Aegypti
511 2264 749 2304 humerum
777 2261 1001 2303 Israelis„
1059 2272 1171 2310 (Quod
1188 2268 1331 2300 “serrum
1345 2270 1361 2279 ''
1383 2269 1539 2307 significet
1553 2267 1764 2297 scientificum

274 2330 363 2366 quod
383 2334 429 2357 est
448 2328 599 2357 naturalis
618 2327 765 2361 hominis,
785 2327 931 2355 videatur
949 2335 1054 2362 supra,
1071 2334 1101 2354 n.
1124 2313 1228 2365 176.)
1286 2312 1516 2365 Quoniam
1547 2311 1764 2364 Pleraque

274 2381 318 2420 in
360 2379 518 2421 Verbo
559 2379 699 2419 etiam
739 2390 919 2418 sensum
963 2376 1221 2429 oppositum
1258 2374 1447 2423 habent,
1482 2373 1546 2414 ita
1589 2384 1764 2425 quoque

277 2442 519 2484 “clibanus
537 2441 571 2492 ;”
603 2447 652 2482 ut
678 2440 797 2494 apud
822 2439 1027 2488 Esaiam,

340 2530 513 2563 “Didium
537 2530 708 2572 Jehovae,
726 2529 793 2561 Cui
817 2529 919 2561 focus
944 2534 1000 2560 est
1023 2528 1060 2560 in
1085 2527 1207 2565 Zione,
1225 2532 1261 2558 et
1285 2526 1450 2558 clibanus
1476 2524 1550 2566 Ipsi
1573 2524 1610 2556 in
1637 2522 1767 2555 Hiero·

448 2575 592 2615 solyma
601 2573 619 2586 ’'
633 2573 740 2614 (xxxi.
753 2573 805 2613 9):

275 2678 353 2719 per
386 2661 605 2704 “focum”
635 2661 915 2714 significatur
946 2660 1115 2701 bonum
1147 2658 1324 2706 amoris,
1358 2670 1437 2710 per
1471 2653 1765 2696 “clibanum'’

274 2739 429 2768 verum
467 2740 526 2766 ex
563 2724 642 2765 illo
678 2724 813 2772 bono,
847 2724 912 2764 ita
943 2735 1098 2763 verum
1135 2719 1393 2770 do&rinae;
1435 2717 1597 2759 similia
1628 2718 1765 2759 etiam

274 2803 353 2844 per
380 2787 639 2837 “Zionem”
666 2793 712 2828 et
745 2783 1196 2838 “Hierosolymam‚'’
1222 2797 1300 2836 per
1335 2780 1592 2823 “Zionem”
1618 2780 1764 2822 eccle-

275 2854 340 2893 sia
362 2852 510 2906 quoad
536 2851 704 2891 bonum
731 2850 910 2898 amoris,
935 2855 981 2889 et
1009 2861 1087 2901 per
1110 2851 1136 2867 ‘⁴
1154 2843 1552 2898 Hierosolymam”
1574 2842 1766 2884 ecclesia

275 2916 423 2970 quoad
455 2927 610 2956 verum
648 2911 894 2955 doetrinae.
956 2910 1172 2952 Similiter
1208 2923 1286 2963 per
1321 2906 1615 2949 “clibanum”
1646 2905 1765 2959 apud
