1962 3334
0 375 5 402 -,
0 71 15 287 ..μψῆ

0 2372 20 2579 ··‘''Y'“”‘'“*·v'⁵'
0 2295 14 2354 flav-
6 2262 13 2263 ἵ
0 2194 2 2201 .

0 2930 7 2937 ⁴
0 2856 16 2914 ’ἐν’
0 2734 20 2842 ‘ua-*vt*
0 2662 14 2718 ‹--.¹
0 2588 11 2642 <-.›r.

0 3228 25 3334 fl-'K'T‘R
0 3119 14 3218 vv=p*·5„
0 3046 18 3095 *vv-⁴⁷
0 2975 13 3018 -orA

647 280 752 312 CAP.
777 279 859 320 1x.‚
882 277 1020 310 VERs.
1043 268 1190 309 8.—N.
1216 275 1236 320 5
1245 275 1264 319 5
1273 227 1373 320 5'[c].
1443 285 1449 290 -
1650 273 1751 316 1391

268 393 360 436 lum
373 393 394 410 ‘’
414 393 701 447 significatur,
724 392 794 433 hic
821 397 870 432 ut
892 403 1038 443 supra,
1059 402 1214 430 verum
1240 387 1360 442 quod
1385 392 1454 428 est
1479 384 1754 434 intellectus,

268 463 315 498 et
341 470 420 510 per
446 455 723 497 “feminam”
748 455 914 495 bonum
940 451 1059 506 quod
1084 457 1155 492 est
1180 450 1430 492 voluntatis
1453 463 1463 500 ;
1495 449 1615 502 quod
1641 462 1756 489 uxor

268 519 441 560 dicatur
466 532 563 559 esse
590 521 677 558 “os
702 531 761 557 ex
787 516 960 557 ossibus
985 521 1032 556 et
1058 528 1163 555 caro
1187 527 1247 554 ex
1272 511 1438 554 carne”
1462 512 1559 561 viri,
1585 510 1754 564 signifi-

267 587 343 623 cat
373 581 492 635 quod
522 581 688 621 bonum
724 578 843 632 quod
880 584 948 619 est
982 575 1164 618 “uxor’'
1194 577 1252 617 sit
1288 589 1348 616 ex
1384 588 1492 615 vero
1528 574 1648 627 quod
1685 580 1755 614 est

270 645 374 686 “vir
390 644 424 695 ;'’
467 643 588 684 “os’'
623 641 845 695 significat
884 653 1038 681 verum
1078 645 1322 692 antequam
1358 637 1632 678 vivificatum
1668 642 1753 684 est,

267 707 353 748 hoc
375 713 460 755 est,
486 704 771 758 conjunctum
799 704 933 752 bono,
961 702 1091 756 quale
1116 714 1270 743 verum
1301 707 1372 741 est
1401 712 1557 740 verum
1583 712 1756 739 memo-

267 770 357 811 riae
396 769 514 822 apud
550 768 803 817 hominem;
847 772 893 807 et
933 764 1035 819 quia
1071 778 1204 806 omne
1238 764 1407 804 bonum
1443 762 1660 803 formatur
1696 775 1755 802 ex

267 833 397 882 veris,
423 832 583 872 dicitur
609 831 747 883 “quia
777 843 836 870 ex
862 829 958 869 viro
988 834 1169 880 sumpta
1198 833 1269 868 est
1285 826 1320 867 :'’
1347 825 1468 880 quod
1495 825 1598 865 “vir
1622 823 1756 865 relin-

267 902 376 949 quet
401 902 575 948 patrem
601 900 648 934 et
673 899 878 940 matrem,
905 898 951 932 et
977 890 1240 932 adhaerebit
1265 890 1396 930 uxori
1421 888 1566 937 suae‚’'
1588 887 1756 942 signifi-

269 965 344 999 cat
369 958 489 1012 quod
514 969 667 998 verum
699 956 782 996 erit
813 955 932 1004 boni,
960 961 1007 995 et
1037 954 1159 1008 quod
1190 953 1294 994 inde
1325 952 1460 993 ambo
1485 951 1595 992 fient
1621 964 1756 991 unum

267 1021 433 1062 bonum
451 1035 460 1071 ;
491 1020 576 1060 hoc
595 1017 868 1071 significatur
886 1030 964 1070 per
980 1016 1100 1070 quod
1119 1019 1286 1057 “erunt
1309 1015 1353 1056 in
1372 1027 1554 1055 carnem
1571 1026 1705 1054 unam
1723 1013 1757 1063 ;”

270 1082 442 1124 “caro'’
467 1080 691 1135 significat
722 1081 903 1128 bonum,
930 1085 977 1120 et
1008 1093 1184 1133 quoque
1215 1078 1458 1119 hominem.
1519 1076 1609 1118 Sed
1640 1076 1752 1117 haec

267 1159 381 1199 quae
406 1158 522 1186 nunc
547 1142 668 1184 dic'ta
693 1149 810 1191 sunt,
834 1155 922 1183 non
945 1142 1116 1182 intrant
1138 1138 1421 1182 intellectum
1443 1139 1649 1187 hominis,
1672 1139 1756 1179 nisi

268 1221 523 1261 paucorum,
547 1208 629 1247 nisi
654 1207 819 1247 sciatur
840 1205 959 1259 quod
985 1205 1030 1245 in
1054 1205 1170 1245 binis
1192 1204 1413 1258 capitibus
1438 1203 1590 1256 primis
1619 1201 1754 1242 Gene-

267 1285 363 1312 seos
387 1277 548 1324 agatur
569 1270 624 1310 de
656 1283 774 1310 nova
799 1269 1026 1309 creatione
1051 1281 1131 1308 seu
1160 1267 1216 1308 de
1242 1266 1585 1319 regeneratione
1611 1265 1755 1306 homi-

272 1347 376 1375 num
401 1333 645 1382 ecclesiae;
682 1333 726 1372 in
758 1332 900 1384 primo
931 1331 1079 1383 capite
1110 1330 1168 1371 de
1193 1329 1537 1382 regeneratione
1563 1327 1755 1376 illorum,

270 1403 317 1439 et
346 1397 392 1438 in
422 1396 567 1438 altero
597 1395 652 1436 de
684 1394 987 1447 intelligentia
1017 1399 1064 1434 et
1095 1393 1318 1445 sapientia
1347 1392 1552 1433 illorum:
1594 1404 1646 1432 ac
1678 1404 1757 1444 per
1782 1440 1786 1444 ι

240 1494 245 1505 ,
270 1458 553 1500 “masculum
579 1464 625 1499 et
656 1456 904 1505 feminam,'’
930 1470 1008 1497 seu
1038 1469 1117 1508 per
1144 1455 1324 1496 “virum
1355 1461 1401 1496 et
1434 1453 1663 1502 uxorem,”
1687 1454 1755 1494 in-

269 1521 487 1575 telligitur
516 1521 560 1561 in
591 1519 808 1573 spirituali
841 1532 974 1559 sensu
1005 1516 1260 1571 conjunctio
1290 1518 1381 1558 veri
1413 1523 1459 1558 et
1491 1517 1611 1565 boni,
1639 1530 1753 1570 quae

270 1584 524 1637 conjugium
546 1583 742 1624 caeleste
765 1588 966 1630 vocatur,
984 1582 1028 1621 in
1052 1581 1172 1634 quod
1194 1579 1449 1633 conjugium
1470 1580 1596 1620 venit
1618 1579 1754 1620 homo

268 1659 370 1688 cum
395 1652 685 1699 regeneratur
706 1652 752 1686 et
779 1644 827 1685 fit
854 1644 1045 1685 ecclesia
1060 1657 1070 1694 ;
1102 1649 1149 1684 et
1175 1649 1282 1684 tunc
1305 1643 1441 1683 homo
1463 1647 1756 1694 regeneratus

269 1715 340 1750 est
370 1715 417 1750 et
447 1707 589 1749 sactus
620 1708 809 1748 ecclesia
845 1706 1025 1759 quando
1062 1706 1106 1746 in
1143 1706 1264 1746 bono
1301 1711 1347 1745 et
1382 1705 1485 1744 inde
1521 1704 1637 1744 veris
1670 1710 1754 1752 est,

269 1771 388 1825 quod
410 1771 677 1823 intelligitur
694 1783 771 1822 per
792 1769 911 1822 quod
931 1769 1034 1808 “vir
1050 1767 1271 1821 relinquet
1290 1774 1465 1820 patrem
1483 1773 1530 1807 et
1547 1773 1753 1814 matrem,

269 1839 317 1874 et
345 1831 614 1872 adhaerebit
640 1831 786 1877 uxori,
810 1836 855 1870 et
881 1835 1014 1870 erunt
1039 1829 1083 1868 in
1106 1840 1290 1868 carnem
1316 1827 1492 1868 unam.''
1549 1838 1628 1875 (Sed
1642 1838 1758 1867 clarior

268 1891 373 1920 adhuc
388 1891 459 1919 idm
479 1891 520 1919 de
540 1890 588 1919 his
602 1889 710 1918 haberi
724 1894 827 1926 potest
843 1897 880 1917 ex
902 1888 962 1916 inis
977 1897 1059 1925 quae
1074 1887 1106 1916 in
1122 1887 1281 1916 Doctrina
1295 1888 1405 1916 Novae
1419 1887 1658 1924 Hierosolyma
1671 1886 1758 1915 dieta

268 1940 342 1966 sunt
357 1936 407 1964 De
422 1936 514 1964 Bono
528 1940 559 1964 et
572 1935 668 1968 Vero,
681 1943 712 1963 n.
730 1942 842 1970 11—19;
867 1933 917 1962 De
932 1933 1105 1962 Voluntate
1119 1937 1150 1961 et
1167 1932 1344 1966 Intelletstu,
1356 1941 1387 1961 n.
1404 1933 1519 1968 28—333
1544 1932 1595 1960 De
1611 1932 1758 1969 Regene-

268 1986 400 2019 ratione,
409 1994 440 2014 n.
453 1986 608 2022 173-182;
625 1989 692 2012 tum
703 1984 742 2012 de
752 1984 839 2012 bono
849 1992 887 2011 ex
897 1991 962 2019 quo
972 1991 1056 2016 vera,
1066 1991 1098 2011 n.
1109 1982 1173 2019 24.)
1214 1970 1444 2023 Quoniam
1465 1984 1545 2023 per
1569 1975 1595 1991 ‘⁴
1609 1971 1754 2011 Virum

270 2043 317 2078 et
342 2036 573 2077 mulierem
585 2035 605 2050 '⁹
630 2033 905 2088 significatur
931 2030 1185 2085 conjunctio
1210 2032 1302 2072 veri
1327 2038 1374 2072 et
1399 2032 1520 2080 boni,
1547 2031 1650 2073 ideo

334 2124 435 2156 Dixit
452 2123 584 2162 Moses,
602 2133 681 2155 cum
698 2123 786 2154 vidit
802 2123 896 2163 quod
913 2122 975 2153 filii
996 2121 1139 2153 Israelis
1155 2121 1312 2161 captivas
1332 2121 1550 2161 sumpserint
1566 2131 1611 2152 ex
1628 2120 1756 2152 Midia-

441 2168 525 2199 nitis
538 2168 700 2199 hostibus
717 2167 800 2204 suis,
816 2167 909 2206 quod
926 2165 1127 2196 occiderent
1145 2174 1291 2195 omnem
1311 2165 1495 2195 mulierem
1516 2174 1606 2205 quae
1625 2174 1757 2205 cogno-

442 2218 542 2242 verat
554 2211 668 2241 virum
683 2210 871 2241 concubitu
885 2210 1003 2246 maris,
1015 2215 1051 2239 at
1064 2208 1157 2249 quod
1169 2208 1391 2240 vivificarent
1409 2208 1487 2239 illas
1500 2207 1653 2240 feminas
1667 2218 1756 2249 quae

442 2265 515 2286 non
532 2261 776 2295 cognoverunt
800 2254 923 2292 (llum.
937 2253 1031 2283 xxxi.
1048 2251 1166 2291 16-18)
1180 2262 1187 2283 :

268 2330 379 2372 haec
420 2330 636 2371 mandata
675 2335 794 2377 sunt,
837 2329 938 2382 quia
977 2327 1179 2368 “femina
1216 2340 1306 2368 non
1352 2325 1591 2380 conjuncta
1630 2327 1756 2369 viro”

269 2391 551 2446 significabat
575 2392 812 2433 ecclesiam
840 2389 987 2444 quoad
1012 2388 1292 2431 affectionem
1319 2390 1376 2430 ad
1407 2403 1560 2430 verum
1586 2403 1664 2431 seu
1695 2390 1752 2430 ad

270 2454 628 2509 conjunfflonem
660 2468 759 2495 cum
786 2467 907 2501 vero,
939 2459 986 2494 at
1014 2452 1209 2493 “mulier
1234 2450 1473 2504 conjunc'ta
1497 2453 1592 2493 viro
1619 2452 1752 2493 Midi-

269 2517 451 2559 anitae''
476 2517 758 2570 significabat
790 2518 957 2557 bonum
989 2514 1318 2565 adulteratum;
1355 2528 1459 2556 narn
1492 2515 1756 2556 Midianitae

269 2581 671 2634 repraesentabant
697 2587 741 2620 et
769 2579 870 2619 inde
897 2577 1208 2631 significabant
1234 2592 1387 2619 verum
1414 2579 1533 2632 quod
1560 2592 1650 2619 non
1676 2592 1754 2619 ve-

269 2657 365 2685 rum
391 2644 493 2697 quia
518 2657 608 2684 non
635 2657 692 2683 ex
719 2643 853 2689 bono,
877 2642 940 2682 ita
965 2641 1149 2682 salsum:
1181 2641 1284 2682 inde
1306 2648 1403 2683 erat
1429 2642 1548 2695 quod
1574 2642 1753 2683 occide-

270 2713 423 2748 rentur
448 2706 654 2746 mulieres
686 2719 797 2758 quae
824 2710 1134 2756 cognoverunt
1165 2704 1321 2751 virum,
1349 2711 1395 2745 et
1424 2703 1754 2745 vivificarentur

270 2777 383 2817 quae
402 2777 491 2805 non
509 2772 836 2818 cognoverunt.
888 2764 1022 2817 Quod
1039 2765 1284 2807 “mulieres
1302 2765 1641 2806 Midianitides'’
1658 2766 1750 2818 sig-

271 2825 548 2868 nificaverint
570 2828 994 2880 conspurcationem
1011 2828 1116 2868 boni
1139 2841 1217 2881 per
1238 2828 1363 2876 falsa,
1388 2835 1434 2868 et
1457 2827 1560 2868 inde
1583 2828 1750 2868 bonum

272 2888 576 2930 adulteratum
610 2896 655 2931 et
689 2890 989 2943 profanatum,
1017 2891 1135 2944 quod
1162 2897 1232 2932 est
1259 2890 1438 2932 foedum
1465 2889 1749 2939 adulterium,
