1962 3334
329 280 436 335 1636
740 281 1073 324 APOCALYPSIS
1104 291 1406 324 EXPLICATA.

322 419 482 455 novae,
512 420 589 459 per
614 409 638 426 ‘⁴
654 405 781 446 dies”
803 407 921 447 enim
942 405 1102 447 “mille
1130 403 1352 447 ducentos
1379 402 1654 460 sexaginta'‘’
1676 406 1819 449 simile

321 469 599 522 significatur
636 470 755 523 quod
797 483 876 522 per
915 473 1045 510 “tres
1086 476 1132 511 et
1175 469 1437 510 dimidium”
1475 468 1686 523 quoniam
1723 470 1821 511 dies

321 532 442 574 mille
462 533 644 573 ducenti
662 534 908 586 sexaginta
925 533 1092 574 faciunt
1115 539 1208 574 tres
1225 546 1370 573 annos
1393 539 1439 574 et
1463 533 1694 573 dimidium
1713 533 1819 573 dum

319 609 462 636 annus
487 596 675 636 sumitur
697 610 776 648 pro
800 597 1017 637 trecentis
1041 597 1285 649 sexaginta
1307 596 1490 646 diebus;
1523 602 1568 636 et
1593 609 1671 648 per
1689 599 1819 636 “tres

320 665 366 699 et
393 658 658 699 dimidium”
684 658 961 711 significatur
986 658 1084 699 finis
1117 665 1264 700 status
1290 659 1447 712 prioris
1474 665 1520 699 et
1553 659 1817 712 principium

320 722 425 762 novi
443 736 451 771 ;
479 722 548 762 hic
569 721 666 762 finis
685 722 903 763 ecclesiae
923 723 1079 775 prioris
1098 729 1142 763 et
1162 722 1426 774 principium
1447 735 1604 769 novae,
1625 735 1727 762 nam
1747 721 1817 762 hic

318 785 467 837 agitur
499 785 555 825 de
589 785 749 826 ultimo
775 791 981 839 tempore
1009 785 1253 826 ecclesiae:
1297 792 1343 825 et
1377 786 1479 838 quia
1510 785 1553 825 id
1587 798 1665 837 per
1691 784 1816 825 illum

320 861 557 888 numerum
581 847 873 901 significatur,
893 848 996 889 ideo
1018 848 1180 889 dicitur
1202 849 1245 888 in
1269 847 1396 900 hujus
1415 848 1576 900 capitis
1594 861 1725 888 versu
1743 845 1818 900 1¹³9,

385 937 403 950 “
415 936 609 968 Videbunt.
625 962 632 969 .
647 962 653 969 .
669 947 835 977 ,corpora
851 938 990 968 illorum
1009 938 1084 969 dies
1102 944 1175 968 tres
1195 943 1230 969 et
1247 937 1444 975 dimidium,
1462 943 1497 968 et
1516 947 1588 968 non
1607 937 1812 977 permittent

493 981 553 1011 illa
571 981 655 1021 poni
673 981 708 1012 in
727 982 971 1012 monumentis
988 980 1018 1019 ;”

319 1063 365 1099 et
393 1057 496 1098 dein
523 1058 566 1098 in
594 1072 726 1098 versu
758 1070 820 1107 11,

385 1132 403 1146 ‘¹
417 1131 461 1163 Et
475 1137 556 1172 post
573 1137 644 1163 tres
661 1132 738 1163 dies
759 1138 794 1163 et
810 1132 997 1163 dimidium
1019 1132 1164 1172 spiritus
1182 1131 1275 1163 vitae
1289 1141 1310 1162 a
1329 1131 1406 1162 Deo
1427 1131 1573 1162 intravit
1590 1131 1625 1162 in
1645 1130 1725 1162 illos
1742 1129 1773 1168 ;”
1797 1163 1804 1167 ,

318 1218 362 1258 in
386 1218 544 1271 quibus
564 1217 674 1258 locis
697 1232 775 1271 per
800 1221 930 1259 “tres
954 1218 1047 1258 dies
1070 1224 1115 1258 et
1139 1218 1371 1258 dimidium
1384 1217 1403 1231 ”
1418 1216 1695 1269 significatur
1717 1215 1815 1256 finis

318 1282 484 1321 veteris
506 1281 739 1329 ecclesiae,
760 1281 941 1335 quando
965 1294 1146 1333 prorsus
1169 1294 1259 1321 non
1282 1281 1506 1333 recepturi
1529 1279 1709 1333 aliquod
1735 1280 1817 1320 bo-

319 1357 424 1384 num
443 1345 607 1384 amoris
626 1351 671 1385 et
690 1358 844 1385 verum
864 1343 1111 1391 doetrinae,
1128 1350 1173 1384 et
1192 1358 1369 1397 quoque
1390 1343 1653 1396 principium
1673 1357 1816 1384 novae

318 1407 551 1455 ecclesiae,
571 1408 753 1461 quando
775 1408 998 1460 recepturi
1016 1420 1024 1447 ε
1059 1406 1158 1447 finis
1177 1408 1332 1459 prioris
1351 1407 1568 1447 ecclesiae
1588 1406 1813 1459 significa-

319 1477 391 1510 tur
409 1483 486 1522 per
509 1470 628 1524 quod
649 1471 833 1511 “bestia
850 1485 909 1511 ex
932 1471 1099 1523 abysso
1121 1470 1371 1510 ascendens
1395 1469 1573 1510 occidet
1596 1469 1698 1509 illos
1724 1475 1817 1510 tes-

319 1533 428 1581 tes,’'
460 1540 505 1574 et
539 1534 803 1587 principium
837 1547 981 1574 novae
1014 1532 1233 1574 ecclesiae
1267 1531 1546 1585 significatur
1583 1545 1661 1584 per
1696 1532 1817 1585 quod

320 1596 541 1649 “spiritus
568 1597 687 1637 vitae
715 1611 773 1637 ex
802 1597 901 1637 Deo
928 1597 1163 1636 intraverit
1190 1597 1232 1635 in
1260 1595 1399 1636 illos.”
1451 1594 1585 1647 Quod
1610 1608 1818 1635 numerus

321 1659 482 1700 “mille
509 1660 707 1700 ducenta
735 1658 1013 1712 sexaginta’‘
1039 1658 1182 1699 simile
1209 1657 1433 1711 significet
1460 1658 1579 1711 quod
1609 1671 1818 1698 numerus

320 1723 447 1763 “tria
479 1729 524 1763 et
557 1723 828 1772 dimidium‚”
855 1729 924 1763 est
957 1723 1059 1776 quia
1090 1723 1133 1762 in
1166 1721 1323 1762 Verbo
1351 1720 1608 1769 “saecula‚‘’
1637 1720 1818 1769 “anni,”

321 1789 345 1805 ‘⁴
359 1786 577 1834 menses‚”
597 1790 621 1806 “
635 1785 956 1839 septimanae,”
976 1789 1000 1805 “
1014 1786 1109 1825 dies
1122 1785 1140 1800 ’'
1163 1792 1209 1826 et
1230 1789 1254 1805 “
1268 1784 1445 1832 horae,'‘
1464 1784 1623 1824 similia
1642 1781 1816 1837 [²³signi-

318 1847 482 1899 ficant;
510 1862 613 1889 nam
633 1863 711 1902 per
726 1849 802 1889 illa
819 1848 1136 1901 intelliguntur
1149 1848 1286 1888 modo
1305 1854 1526 1899 tempora,
1540 1853 1586 1887 et
1605 1860 1683 1899 per
1698 1853 1814 1887 tem-

320 1925 429 1964 pora
456 1913 499 1952 in
523 1913 750 1952 communi
777 1919 822 1953 et
850 1913 893 1952 in
921 1911 1192 1964 particulari,
1217 1925 1294 1951 seu
1317 1924 1395 1963 per
1418 1917 1624 1963 tempora
1647 1909 1815 1962 majora

319 1981 395 2015 aut
416 1976 589 2015 minora
607 1990 747 2028 aeque
767 1974 1077 2028 significantur
1095 1981 1241 2014 status
1259 1988 1267 2024 ;
1296 1987 1399 2014 nam
1416 1980 1594 2026 tempus
1613 1972 1753 2025 majus
1770 1979 1817 2014 et

319 2039 464 2078 minus
491 2039 779 2091 designatum
807 2052 885 2091 per
907 2051 1116 2078 numeros
1143 2051 1232 2077 non
1260 2044 1405 2077 mutat
1434 2036 1812 2089 significationem

317 2100 382 2140 rei
405 2110 454 2148 (ut
467 2111 560 2139 etiam
579 2120 684 2148 supra,
701 2120 732 2140 n.
753 2099 1008 2152 57Ι,623[α],
1026 2115 1189 2138 ostensum
1202 2109 1276 2147 est).
1337 2097 1494 2138 Slmlle
1520 2111 1599 2151 per
1621 2098 1816 2138 eundem

318 2176 551 2203 numerum
578 2163 748 2203 dierum
772 2161 1049 2214 significatur
1075 2162 1118 2201 in
1145 2166 1363 2214 sequente
1391 2161 1538 2212 capite
1561 2159 1816 2212 Apocahtp-

318 2240 427 2274 sees,
905 2238 907 2241 ’
1348 2243 1349 2246 “

386 2315 459 2347 “Et
480 2315 607 2346 mulier
626 2315 717 2355 fugit
741 2315 775 2346 in
797 2315 988 2351 desertum,
1009 2314 1068 2344 ubi
1093 2313 1200 2344 habet
1219 2313 1336 2344 locum
1357 2318 1608 2353 praeparatum
1629 2322 1650 2343 a
1670 2311 1759 2350 Deo,
1778 2316 1818 2343 ut

494 2360 542 2391 ibi
559 2360 656 2390 alant
674 2369 752 2390 earn
771 2359 846 2390 dies
865 2358 962 2389 mille
979 2358 1152 2389 ducentos
1170 2357 1359 2397 sexaginta
1369 2356 1386 2368 ’'
1405 2356 1477 2395 (xii.
1496 2356 1548 2396 6):

318 2457 397 2497 per
431 2441 731 2483 “mulierem''
763 2441 821 2482 ibi
859 2441 1128 2494 intelligitur
1165 2440 1368 2488 ecclesia,
1403 2453 1482 2492 per
1519 2436 1818 2479 “desertum”

318 2507 391 2547 ubi
415 2506 624 2554 aleretur,
644 2504 923 2558 significatur
946 2518 1036 2544 non
1060 2504 1260 2556 receptio
1282 2503 1388 2543 boni
1412 2509 1457 2543 et
1479 2503 1585 2550 veri,
1605 2509 1651 2542 et
1671 2505 1696 2522 “
1712 2507 1816 2554 post

319 2568 509 2610 exactos
536 2569 637 2609 illos
663 2568 789 2609 dies”
816 2567 1093 2620 significatur
1119 2580 1262 2606 novus
1289 2565 1507 2606 ecclesiae
1535 2571 1694 2605 status.

400 2630 615 2684 637[a].
646 2629 967 2670 “Cir-ouminduti
982 2626 1361 2679 saccis.''—Quod
1381 2626 1607 2679 significet
1628 2626 1676 2666 in
1698 2625 1816 2666 lchu

312 2699 501 2748 propter
522 2706 604 2732 non
627 2692 907 2744 receptionem
924 2690 1086 2731 Divz'ni
1103 2689 1220 2730 Boni
1236 2703 1287 2729 ac
1306 2688 1467 2729 Divz'm'
1492 2688 1607 2737 Veri,
1633 2693 1815 2728 constat

320 2771 380 2798 ex
418 2755 746 2808 significatione
781 2748 941 2794 “indui
980 2752 1162 2800 saccis‚”
1194 2752 1313 2805 quod
1352 2752 1408 2792 sit
1447 2749 1591 2791 metus
1630 2756 1815 2803 propter

319 2821 623 2860 vastationem
650 2826 696 2859 et
729 2817 1059 2858 desolationem
1092 2816 1243 2856 Divini
1276 2815 1389 2855 Boni
1421 2821 1466 2855 et
1501 2814 1650 2854 Divini
1677 2813 1813 2863 Veri;

318 2885 390 2925 hic
433 2889 617 2936 propter
658 2895 747 2922 non
787 2881 1095 2933 receptionem
1133 2892 1301 2927 eorum,
1342 2892 1445 2919 nam
1486 2882 1665 2918 “testes
1677 2877 1696 2892 ’'
1733 2876 1814 2917 visi

320 2953 425 2988 sunt
452 2946 596 2987 induti
623 2946 778 2996 saccis,
802 2951 848 2987 et
875 2957 953 2998 per
975 2943 1076 2985 illos
1102 2942 1378 2996 significatur
1401 2942 1612 2982 Divinum
1637 2940 1812 2982 Bonum
