1962 3334
330 298 436 350 1508
741 306 1075 341 APOCALYPSIS
1107 308 1407 342 EXPLICATA.

325 419 529 472 cogitare
561 425 607 461 et
640 419 773 469 velle,
802 427 848 462 et
881 434 972 462 non
1004 421 1060 462 de
1091 427 1301 472 externo,
1330 422 1452 476 cujus
1485 428 1555 464 est
1586 423 1739 465 videre
1770 430 1817 466 et

324 495 475 535 agere,
495 489 678 524 constat
702 497 879 537 quoque
901 498 961 525 ex
983 484 1069 525 illis
1088 499 1202 538 quae
1225 486 1432 539 proxime
1454 486 1512 526 ibi
1538 486 1817 539 praecedunt

324 545 381 586 de
410 546 633 587 “muliere
659 545 846 596 aliena,”
869 547 989 601 quod
1015 547 1161 588 solum
1188 548 1312 589 illam
1338 549 1539 602 aspicere
1565 563 1624 590 ex
1650 562 1817 591 concu-

324 609 548 662 piscentia
573 610 631 650 sit
658 609 931 651 adulterium
957 612 1259 653 committere.

408 675 492 730 [b.]
535 676 676 730 Apud
706 677 1047 731 Evangelz'stas,

399 772 518 805 Mater
534 774 688 806 filiorum
707 774 885 807 Zebedaei
903 776 1006 816 petiit
1023 786 1045 807 a
1060 776 1156 818 jesu,
1174 783 1213 808 ut
1232 787 1326 809 unus
1343 777 1497 809 filiorum
1518 777 1598 818 ejus
1615 778 1757 810 sederet
1773 778 1819 810 ad

500 818 674 856 dextram,
692 819 783 850 alter
799 819 845 850 ad
862 819 1048 851 sinistram
1068 820 1103 851 in
1123 830 1236 860 regno
1255 821 1393 861 Ipsius;
1418 821 1509 853 dixit
1524 821 1642 863 Jesus,
1661 822 1680 835 ‘⁴
1693 821 1820 853 Nesci-

501 862 547 893 tis
560 862 644 903 quid
655 863 778 902 petitis
793 872 816 899 ;.
831 888 838 895 .
852 888 859 895 .
875 888 882 894 .
891 863 1018 895 sedere
1029 865 1075 895 ad
1084 865 1246 896 dextram
1258 874 1375 896 meam
1388 871 1423 896 et
1433 865 1478 896 ad
1490 865 1674 896 sinistram
1686 875 1817 903 meam,

501 915 575 936 non
590 915 708 937 meum
723 913 779 938 est
795 907 890 944 dare,
905 907 974 939 nisi
993 907 1037 939 iis
1052 908 1181 948 quibus
1195 909 1318 939 datum
1333 914 1388 940 est
1405 918 1426 940 a
1445 908 1550 940 Patre
1561 908 1579 920 ”
1595 908 1738 949 (Mami.
1756 918 1815 941 xx.

499 957 551 983 20.
573 957 623 987 21,
647 948 731 992 [22,]
754 958 816 989 23;
840 952 951 983 fflarc.
972 961 1003 983 x.
1022 953 1161 991 35-40):

324 1055 445 1109 quod
497 1059 683 1097 “mater
734 1056 926 1098 filiorum
977 1057 1244 1107 Zebedaei,'’
1286 1059 1445 1112 Jacobi
1493 1065 1539 1100 et
1582 1058 1816 1112 Johannis,

325 1115 542 1172 [¹¹petierit
569 1119 660 1168 illa,
692 1127 789 1161 erat
817 1127 865 1161 ut
898 1135 976 1174 per
1005 1125 1238 1162 “matrem
1252 1121 1271 1137 ”
1297 1122 1583 1175 intelligatur
1609 1121 1816 1172 ecclesia,

323 1195 403 1235 per
428 1182 720 1235 “Jacobum'’
743 1183 956 1233 charitas,
985 1191 1031 1225 et
1059 1199 1138 1238 per
1166 1184 1489 1237 “Johannem”
1515 1185 1682 1226 bonum
1709 1185 1818 1226 cha-

323 1245 472 1285 ritatis
498 1244 628 1297 actm
667 1246 778 1287 haec
807 1247 910 1296 duo,
940 1261 1017 1288 seu
1044 1247 1107 1288 illi
1134 1249 1207 1302 qui
1240 1249 1283 1288 in
1311 1249 1362 1288 iis
1389 1254 1508 1297 sunt,
1536 1248 1580 1288 in
1607 1247 1735 1289 caelo
1760 1248 1818 1289 ad

324 1307 537 1349 dextram
561 1316 607 1350 et
634 1310 690 1350 ad
713 1310 942 1351 sinistram
966 1311 1148 1351 Domini
1175 1317 1307 1361 sunt;
1340 1311 1397 1351 ad
1424 1311 1637 1351 dextram
1663 1311 1722 1351 ibi
1747 1317 1818 1353 est

324 1371 547 1420 meridies,
582 1379 628 1413 et
666 1373 723 1413 ad
757 1374 986 1414 sinistram
1019 1375 1291 1427 septentrio,
1326 1380 1371 1414 et
1410 1374 1453 1414 in
1491 1374 1676 1415 meridie
1713 1380 1819 1416 sunt

323 1435 397 1488 qui
424 1435 467 1474 in
495 1435 593 1476 luce
620 1437 712 1476 veri
738 1450 798 1477 ex
825 1437 946 1477 bono
974 1436 1095 1477 clara
1122 1444 1242 1486 sunt,
1267 1443 1313 1477 et
1337 1438 1380 1477 in
1407 1437 1719 1490 septentrione
1744 1437 1818 1491 qui

323 1498 367 1538 in
395 1497 494 1539 luce
520 1499 612 1539 veri
639 1513 697 1540 ex
720 1499 841 1540 bono
867 1500 1059 1541 obscura
1085 1507 1215 1541 sunt:
1250 1501 1395 1554 ipsum
1419 1500 1632 1541 Divinum
1659 1514 1817 1554 proce-

323 1561 436 1602 dens
463 1575 488 1602 a
516 1561 714 1603 Domino
738 1569 785 1603 ut
810 1562 915 1604 Sole
942 1563 1149 1617 producit
1179 1563 1390 1604 Divinam
1414 1563 1654 1617 sphaeram
1677 1563 1818 1604 talem

323 1624 367 1664 in
393 1624 480 1665 illis
507 1625 680 1678 plagis;
721 1633 998 1680 quapropter
1024 1640 1112 1667 non
1146 1626 1220 1667 alii
1253 1627 1311 1667 ibi
1341 1633 1530 1679 possunt
1558 1640 1656 1667 esse
1683 1639 1818 1680 quam

323 1688 396 1741 qui
428 1688 472 1728 in
504 1688 590 1729 illis
618 1690 734 1730 veris
766 1704 824 1730 ex
852 1690 973 1731 bono
1006 1697 1137 1740 sunt;
1175 1690 1261 1730 hoc
1290 1689 1568 1742 significatur
1593 1704 1672 1743 per
1697 1690 1817 1744 quod

326 1751 521 1792 “sedere
547 1752 604 1792 ad
637 1752 850 1793 dextram
883 1759 929 1794 et
962 1753 1018 1793 ad
1046 1754 1274 1794 sinistram
1302 1753 1498 1801 Domini,
1527 1766 1617 1793 non
1649 1753 1707 1793 sit
1734 1753 1818 1793 nisi

323 1814 376 1854 iis
402 1814 560 1868 quibus
583 1815 740 1856 datum
769 1830 846 1856 seu
870 1823 1077 1869 paratum
1101 1822 1171 1857 est
1194 1830 1220 1856 a
1244 1816 1376 1856 Patre
1397 1815 1431 1866 ;”
1463 1829 1541 1869 per
1566 1814 1817 1856 “Patrem”

323 1878 595 1932 intelligitur
619 1879 831 1920 Divinum
856 1880 1031 1921 Bonum
1056 1880 1206 1920 Divini
1230 1879 1429 1927 Amoris,
1449 1886 1507 1920 ex
1531 1894 1619 1933 quo
1641 1879 1815 1920 caelum

322 1947 370 1982 et
403 1954 537 1983 omne
575 1942 717 1994 caeli;
761 1957 898 1997 quare
935 1958 1013 1997 per
1050 1943 1127 1984 illa
1164 1943 1347 1983 Domini
1378 1943 1515 1983 verba
1547 1942 1817 1995 intelligitur

323 2005 443 2059 quod
472 2005 694 2047 Dominus
721 2007 799 2048 det
827 2006 914 2047 illis
946 2007 1003 2047 ad
1030 2007 1245 2048 dextram
1277 2013 1323 2047 et
1350 2007 1406 2047 ad
1434 2007 1663 2047 sinistram
1689 2019 1816 2046 suam

322 2069 367 2109 in
393 2068 529 2110 caelis
557 2070 728 2119 sedere,
753 2070 911 2124 quibus
934 2084 960 2111 a
982 2070 1246 2111 fundatione
1269 2070 1422 2110 mundi
1449 2077 1656 2123 paratum
1679 2075 1748 2110 est
1772 2069 1816 2109 in

325 2132 509 2173 meridie
536 2139 581 2173 et
609 2133 652 2173 in
680 2134 993 2186 septentrione
1020 2133 1325 2174 hereditatem
1353 2133 1514 2173 sortiri.
1577 2131 1711 2185 Quod
1738 2145 1817 2186 per

325 2195 577 2236 “dextram
591 2195 610 2210 ’'
637 2196 922 2249 intelligatur
948 2197 1156 2237 meridies
1188 2197 1231 2236 in
1259 2196 1410 2245 caelis,
1438 2195 1674 2236 manifeste
1706 2208 1816 2236 con-

323 2264 417 2299 stat
443 2259 561 2312 apud
588 2259 821 2309 Davidem,

389 2355 408 2369 ⁴¹
421 2355 489 2386 Tui
514 2356 603 2386 caeli
628 2362 663 2387 et
688 2362 750 2387 tua
770 2362 874 2395 terra,
895 2357 1019 2388 orbem
1041 2362 1076 2388 et
1096 2356 1360 2396 plenitudinem
1382 2356 1461 2396 ejus
1481 2356 1652 2394 fundasti,
1673 2361 1817 2396 septen-

497 2399 652 2431 trionem
665 2406 699 2431 et
713 2401 875 2432 dextram
891 2400 946 2432 Tu
959 2400 1089 2432 creasti
1100 2400 1118 2412 '⁹
1132 2400 1203 2440 (Ps.
1218 2400 1348 2432 lxxxix.
1366 2398 1449 2442 [12‚]
1469 2409 1506 2439 13
1523 2399 1581 2442 [B.
1595 2401 1640 2432 A.
1658 2408 1706 2438 11,
1724 2397 1812 2440 12]):

321 2515 401 2555 per
435 2501 648 2542 “caelum
681 2508 727 2543 et
760 2501 960 2543 terram”
990 2502 1309 2554 intelliguntur
1340 2502 1453 2543 caeli
1486 2503 1735 2556 superiores
1767 2508 1814 2544 et

321 2564 564 2613 inferiores,
581 2565 787 2606 similiter
801 2566 994 2607 ecclesia
1011 2567 1189 2607 interna
1207 2572 1253 2606 et
1272 2572 1466 2606 externa
1484 2580 1492 2616 ;
1521 2579 1599 2619 per
1619 2566 1814 2606 “orbem

322 2635 369 2670 et
409 2628 738 2682 plenitudinem
780 2629 904 2682 ejus”
941 2629 1258 2683 intelliguntur
1297 2629 1410 2670 caeli
1450 2637 1496 2671 et
1537 2629 1729 2670 ecclesia
1769 2630 1814 2670 in

321 2705 488 2745 genere
520 2692 669 2746 quoad
701 2692 869 2733 bonum
900 2699 946 2734 et
978 2693 1127 2747 quoad
1153 2706 1322 2742 verum,
1351 2707 1429 2746 per
1458 2692 1684 2733 “orbem'’
1710 2706 1813 2734 cae·

322 2755 415 2796 lum
440 2761 486 2796 et
513 2755 705 2796 ecclesia
731 2756 879 2809 quoad
906 2756 1089 2805 bonum,
1114 2763 1161 2797 et
1189 2770 1267 2809 per
1292 2755 1659 2809 “plenitudinem
1685 2754 1778 2808 ejus
1793 2754 1813 2770 ”

322 2817 497 2859 caelum
524 2824 570 2859 et
597 2818 791 2859 ecclesia
816 2819 965 2872 quoad
991 2832 1174 2870 verum3
1217 2826 1262 2860 et
1295 2820 1397 2872 quia
1428 2818 1505 2859 illa
1536 2833 1613 2859 seu
1644 2818 1707 2859 illi
1738 2818 1813 2872 qui

321 2881 366 2922 in
392 2879 479 2921 illis
502 2887 606 2922 sunt
634 2881 677 2921 in
700 2883 1012 2935 septentrione
1039 2889 1085 2923 et
1112 2883 1156 2923 in
1183 2883 1381 2930 meridie,
1406 2888 1451 2923 et
1478 2882 1580 2935 quia
1603 2878 1811 2921 meridies

323 2950 393 2985 est
425 2943 483 2984 ad
516 2944 727 2985 dextram
755 2944 952 2996 Domini,
980 2945 1083 2987 ideo
1115 2946 1277 2987 dicitur
1306 2945 1596 2999 “septentrio
1623 2950 1669 2986 et
1696 2944 1810 2985 dex·

1948 1546 1962 1560 2·
1940 1223 1962 1528 &fyr-z-zfflxefflss‘aeffissfff
1944 1152 1954 1204 *⁶⁴⁴
1940 1106 1962 1130 -2
