1962 3334
279 264 383 308 1792
689 264 1020 297 APOCALYPSIS
1051 264 1350 297 EXPLICATA.

270 384 420 419 terrae
463 386 615 420 motus
659 378 891 432 magnus,”
932 378 1018 419 hoc
1062 385 1146 428 est,
1191 379 1310 432 quod
1352 392 1451 420 cum
1497 380 1572 421 ille
1613 386 1759 422 status

269 448 406 490 esset,
436 441 553 483 facta
579 443 637 483 sit
669 443 858 495 insignis
887 443 1081 482 mutatio
1113 442 1261 496 quoad
1292 441 1369 483 illa
1400 456 1514 496 quae
1540 443 1759 485 ecclesiae

270 511 387 545 sunt.

352 585 563 640 675[a].
604 586 682 626 “Et
703 586 859 626 decima
874 599 977 639 pars
997 586 1107 627 urbis
1128 586 1509 638 cecidit.''-Quod
1535 586 1758 639 significet

269 648 388 701 quod
405 647 526 688 nulla
551 662 658 688 vera
684 648 912 688 doHrz'nae
938 647 1131 699 amplius
1157 647 1395 688 existerent
1418 648 1543 699 apud
1563 647 1661 688 illos
1686 648 1766 701 qui

270 718 590 759 remanserunt,
616 718 800 752 constat
824 725 882 751 ex
907 710 1239 764 significatione
1265 711 1500 759 “decem,”
1523 711 1641 764 quod
1669 712 1758 752 sint

270 789 428 816 omnes
461 782 506 816 et
539 776 703 823 omnia,
739 781 835 816 tum
868 774 1000 815 multi
1037 781 1082 815 et
1116 774 1273 823 multa,
1307 781 1353 815 et
1390 774 1509 828 quod
1544 775 1759 816 “decima

270 836 406 889 pars’'
437 837 495 876 sit
527 850 662 876 omne
694 842 740 876 et
772 835 966 875 multum
999 846 1053 883 (de
1073 846 1186 882 quain
1207 846 1454 885 sequentibus);
1496 849 1556 875 ex
1586 835 1758 889 signifi-

270 898 450 938 catione
480 902 504 917 “
522 897 679 945 urbis,”
706 897 825 950 quod
858 897 915 937 sit
943 895 1161 944 doctrina,
1190 903 1236 937 et
1265 910 1440 950 quoque
1467 910 1621 936 verum
1648 897 1758 937 doc-

270 961 428 1008 trinae,
455 974 558 1000 nam
581 958 799 1007 doetrina,
825 966 874 1000 ut
898 960 955 1000 sit
980 957 1183 1000 doctrina
1208 959 1441 1007 ecclesiae,
1467 959 1676 1000 consistit
1699 973 1758 1000 ex

269 1022 387 1061 VCI‘lS
410 1035 433 1061 C
456 1021 613 1061 Verbo
632 1035 640 1070 ζ
674 1031 776 1068 (quod
793 1028 810 1039 “
822 1032 896 1060 urbs
909 1032 925 1040 ''
939 1031 1094 1068 significet
1110 1031 1299 1065 doctrinam,
1316 1031 1460 1060 videatur
1473 1040 1577 1068 supra,
1593 1040 1624 1060 n.
1642 1031 1722 1072 223
1736 1032 1758 1067 ;)

270 1089 316 1123 et
335 1097 392 1123 ex
412 1082 741 1135 significatione
756 1086 781 1102 “
795 1082 1127 1136 cadere‚''quod
1147 1082 1203 1122 sit
1222 1082 1449 1135 disparari,
1467 1082 1654 1135 proinde
1669 1095 1758 1123 non

271 1146 494 1194 existere;
534 1159 637 1185 nam
671 1146 901 1198 disparari,
936 1151 982 1185 et
1014 1158 1105 1185 non
1143 1145 1354 1192 existere,
1389 1145 1673 1198 praedicatur
1703 1145 1759 1185 de

270 1209 386 1249 veris
413 1207 659 1255 doetrinae,
689 1221 789 1248 cum
816 1208 1015 1248 “cadere
1027 1207 1046 1223 '’
1072 1208 1128 1248 de
1155 1208 1301 1247 “urbe
1321 1207 1354 1247 :''
1386 1207 1613 1261 quaelibet
1641 1208 1757 1248 enim

271 1286 340 1313 res
362 1285 523 1312 vocem
548 1271 790 1324 analogam
815 1276 861 1311 et
885 1284 1026 1318 suam,
1044 1271 1289 1311 secundum
1309 1271 1758 1323 correspondentiam

271 1333 456 1387 s'ubje&i
475 1335 517 1374 in
533 1347 666 1374 sensu
682 1333 874 1374 naturali
893 1339 938 1374 et
958 1332 1144 1385 subjecti
1163 1334 1206 1373 in
1226 1347 1358 1373 sensu
1377 1333 1607 1386 spirituali,
1626 1334 1757 1374 sorti-

271 1390 369 1447 tur;
403 1404 448 1438 et
477 1395 724 1449 subjectum
751 1397 794 1436 in
822 1410 955 1436 sensu
978 1396 1171 1436 naturali
1197 1403 1266 1436 est
1294 1396 1412 1445 urbs,
1436 1409 1487 1436 ac
1511 1394 1757 1448 subjectum

271 1461 316 1502 in
349 1474 481 1501 sensu
513 1459 732 1512 spirituali
765 1465 834 1500 est
859 1472 1012 1499 verum
1039 1457 1282 1499 doctrinae.
1347 1458 1479 1512 Quod
1507 1459 1629 1499 nulla
1654 1473 1758 1499 vera

273 1524 527 1564 existerent
555 1522 672 1575 apud
700 1521 801 1562 illos
828 1522 902 1575 qui
927 1528 1254 1570 remanserunt,
1280 1523 1573 1574 consequiturv
1591 1535 1649 1561 ex
1672 1521 1758 1561 illis

272 1601 386 1640 quae
418 1587 460 1626 in
489 1585 791 1639 praecedente
818 1584 1008 1625 articulo
1040 1583 1159 1625 dicta
1187 1591 1319 1634 sunt;
1367 1598 1543 1637 nempe,
1573 1598 1707 1638 quum
1734 1599 1758 1625 e

273 1650 511 1695 societate,
536 1649 579 1688 in
603 1661 690 1701 qua
712 1647 842 1687 simul
867 1647 1044 1688 fuerunt
1066 1647 1172 1687 boni
1195 1653 1240 1688 et
1268 1647 1387 1695 mali,
1416 1648 1616 1700 adempti
1642 1653 1687 1688 et
1714 1648 1757 1687 in

272 1712 447 1753 caelum
467 1711 607 1752 ablati
626 1717 729 1751 sunt
745 1711 863 1758 boni,
878 1711 997 1764 quod
1017 1717 1123 1751 tunc
1139 1711 1255 1763 apud
1271 1710 1415 1750 malos
1431 1710 1552 1750 nulla
1567 1710 1758 1763 amplius

270 1789 376 1816 vera
399 1773 630 1815 doctrinae
653 1774 965 1821 remanserint,
991 1787 1049 1813 ex
1074 1786 1208 1813 causa
1234 1774 1335 1826 quia
1358 1773 1512 1813 ablata
1535 1779 1605 1814 est
1632 1786 1757 1814 com-

271 1838 517 1878 municatio
536 1850 636 1877 cum
656 1837 800 1884 bonis,
819 1851 877 1876 ex
897 1850 983 1889 qua
1001 1836 1063 1876 illi
1086 1837 1236 1889 quoad
1255 1843 1495 1876 externum
1514 1842 1757 1888 potuerunt

271 1902 384 1942 sicut
403 1902 446 1941 in
464 1901 579 1941 veris
598 1914 710 1947 esse,
725 1906 770 1940 et
791 1900 894 1940 inde
914 1899 969 1939 de
984 1900 1099 1939 veris
1118 1913 1176 1939 ex
1193 1898 1396 1939 doctrina
1416 1899 1536 1952 loqui
1554 1912 1561 1939 :
1591 1912 1694 1939 nam
1713 1900 1756 1940 in

272 1964 440 2004 mundo
467 1962 685 2016 spirituali
708 1969 777 2003 est
801 1963 1152 2002 communicatio
1175 1960 1459 2002 affeffionum
1483 1968 1528 2002 et
1551 1962 1655 2002 inde
1678 1975 1754 2002 co-

270 2027 571 2079 gitationum;
614 2031 659 2065 et
692 2039 750 2065 ex
777 2025 1188 2065 communicatione
1220 2024 1310 2071 illa,
1345 2030 1526 2064 tenetur
1557 2038 1668 2064 unus
1699 2025 1757 2065 ab

271 2089 431 2137 altero,
456 2089 520 2128 ita
543 2101 700 2128 omnes
726 2088 770 2127 in
793 2087 952 2127 eadem
976 2087 1197 2128 societate
1221 2093 1377 2127 mutuo
1399 2087 1442 2126 in
1466 2087 1596 2126 simili
1619 2086 1752 2128 affec-

270 2152 408 2199 tione,
437 2151 622 2204 proinde
649 2151 692 2190 in
717 2150 848 2190 simili
870 2150 1005 2197 bono,
1031 2150 1094 2190 ita
1116 2163 1292 2202 quoque
1315 2149 1420 2189 mali
1443 2163 1468 2189 a
1489 2150 1643 2200 bonis;
1677 2150 1756 2190 sed

272 2214 388 2255 tales
413 2214 533 2260 mali,
551 2214 623 2267 qui
646 2214 688 2253 in
712 2219 905 2253 externa
926 2213 1069 2252 forma
1091 2218 1335 2265 potuerunt
1359 2213 1517 2252 sistere
1536 2226 1755 2265 apparen-

271 2277 382 2317 tiam
407 2275 676 2323 sanctitatis,
697 2276 895 2328 pietatiS,
917 2274 1262 2327 intelligentiae,
1288 2275 1371 2315 zeli
1394 2289 1473 2327 pro
1496 2275 1687 2315 ecclesia
1710 2282 1755 2316 et

271 2339 364 2391 ejus
389 2337 605 2385 doctrina,
632 2344 727 2377 tum
755 2338 798 2377 in
822 2338 914 2377 vita
941 2338 1249 2390 apparentiam
1275 2338 1388 2377 sicut
1411 2337 1557 2377 forent
1576 2337 1683 2389 justi
1710 2345 1755 2379 et

271 2402 432 2442 sinceri
458 2415 515 2441 ex
544 2401 693 2448 corde,
720 2401 903 2440 tametsi
935 2401 1120 2440 interius
1151 2400 1194 2439 in
1227 2414 1273 2440 se
1300 2399 1408 2439 nihil
1435 2399 1526 2440 tale
1553 2400 1755 2452 posside-

270 2470 371 2505 rent
390 2478 398 2514 ;
431 2463 476 2503 hi
500 2463 605 2503 mali
628 2469 747 2511 sunt,
768 2463 886 2518 apud
910 2476 1021 2515 quos
1044 2462 1166 2502 nulla
1188 2462 1378 2515 amplius
1397 2476 1502 2502 vera
1525 2460 1755 2503 doctrinae

270 2528 522 2568 existerent
546 2532 787 2578 postquam
809 2526 915 2565 boni
938 2525 1078 2566 ablati
1101 2531 1219 2574 sunt,
1240 2526 1312 2578 qui
1338 2524 1656 2577 intelliguntur
1678 2538 1756 2578 per

272 2590 422 2635 “duos
465 2588 651 2636 testes,'’
682 2589 755 2641 qui
792 2602 850 2628 ex
887 2587 1106 2628 mandato
1142 2588 1185 2627 in
1224 2586 1398 2627 caelum
1440 2587 1753 2627 ascenderunt.

270 2650 512 2692 Sciendum
546 2657 615 2690 est
648 2650 768 2703 quod
800 2651 844 2690 in
877 2650 1046 2690 mundo
1078 2649 1295 2702 spirituali
1327 2649 1476 2702 plures
1509 2649 1754 2689 societates

269 2728 295 2754 a
331 2713 497 2754 talibus
527 2713 747 2753 formatae
788 2713 964 2761 fuerint,
999 2719 1044 2753 et
1086 2712 1205 2765 quod
1246 2711 1350 2752 illae
1383 2711 1514 2751 simul
1546 2717 1754 2764 sumptae

269 2775 584 2828 intelligantur
627 2789 705 2828 per
745 2776 903 2828 “prius
945 2774 1150 2815 caelum”
1184 2774 1303 2828 quod
1344 2774 1553 2814 transivit
1597 2772 1752 2826 (Apoc.

270 2850 369 2889 Cap.
396 2837 492 2876 XXi.
521 2835 577 2888 1).
624 2846 689 2884 (De
704 2846 820 2882 quibus
835 2831 1047 2879 societatibus.
1061 2855 1118 2875 seu
1132 2847 1172 2875 de
1187 2855 1253 2882 quo
1268 2846 1366 2878 caelo,
1381 2846 1472 2882 plura
1487 2846 1518 2873 in
1534 2845 1690 2881 opusculo
1705 2845 1756 2873 De

276 2900 392 2929 Ultimo
410 2899 543 2939 Judicio
562 2903 737 2927 memorata
751 2899 849 2937 sunt.)
909 2888 960 2928 In
987 2888 1075 2928 llllS
1101 2888 1399 2929 SOCietatlbUS
1425 2887 1603 2927 fuerunt
1635 2886 1752 2927 tales
