1962 3334
262 307 370 349 1330
670 307 1002 339 APOCALYPSIS
1034 308 1333 341 EXPLICATA.

255 420 437 460 infernis
464 434 577 473 quae
610 421 653 460 in
685 420 901 460 similibus
927 421 1049 461 falsis
1076 428 1194 462 sunt.
1256 422 1576 477 Unusquisque
1606 423 1745 466 homo

255 490 359 536 post
393 490 586 523 mortem
619 483 667 524 fit
701 485 895 536 spirituS,
925 490 970 524 et
1003 490 1111 524 tunc
1138 484 1352 537 alligatur
1378 487 1535 527 statim
1567 486 1639 527 vel
1671 501 1745 528 so-

256 546 497 586 cietatibus
530 546 817 586 infernalibus
845 546 915 587 vel
949 548 1243 588 societatibus
1271 548 1556 598 caelestibus,
1585 563 1744 591 secun-

256 609 361 648 dum
389 610 529 649 vitam
557 623 682 649 suam
714 610 758 649 in
786 610 983 659 mundo3
1018 616 1063 650 et
1091 623 1249 651 omnes
1276 612 1471 664 spiritus,
1500 618 1744 666 antequam

254 671 299 711 in
325 672 542 712 infernum
570 672 836 724 dejiciuntur
861 671 932 712 vel
965 673 1008 712 in
1041 673 1215 713 caelum
1242 673 1491 723 elevantur,
1520 681 1624 716 sunt
1656 677 1744 729 pri-

255 747 376 774 mum
413 736 456 774 in
489 735 656 775 mundo
689 735 938 787 spirituum,
973 741 1018 776 et
1056 742 1163 776 tunc
1196 737 1315 789 apud
1352 737 1558 778 homines
1590 740 1663 792 qui
1700 740 1744 779 in

254 797 422 837 mundo
459 799 644 847 vivunt;
692 797 797 837 mali
834 799 1016 850 spiritus
1050 799 1168 851 apud
1205 799 1363 848 malos,
1394 813 1445 840 ac
1483 800 1589 841 boni
1625 802 1744 855 apud

254 859 423 899 bonos:
458 874 536 913 per
558 860 640 900 hos
664 859 803 901 habet
827 860 965 901 homo
984 863 1442 903 communicationem
1461 870 1506 904 et
1530 864 1744 917 conjunc-

253 923 424 963 tionem
452 923 522 963 vel
555 937 655 963 cum
683 923 862 963 infernis
890 923 961 964 vel
988 937 1090 964 cum
1116 925 1266 965 caelis.
1329 925 1440 966 Inde
1467 932 1597 979 patet
1623 927 1745 981 quod

253 998 332 1037 per
366 987 573 1038 “aperire
612 992 796 1038 puteum
813 986 831 1000 ’'
864 1000 954 1026 non
992 987 1269 1039 significetur
1299 989 1471 1041 aperire
1507 989 1741 1038 infernum,

253 1048 333 1088 sed
372 1049 844 1099 communicationem,
873 1055 918 1089 et
961 1063 1038 1102 per
1079 1051 1537 1092 communicationem
1577 1051 1743 1093 habere

253 1110 616 1163 conjunctionem
654 1125 754 1151 cum
797 1112 981 1152 inferno.
1044 1113 1120 1152 Ex
1163 1113 1349 1166 singulis
1386 1114 1567 1155 infernis
1605 1115 1743 1155 etiam

251 1174 526 1214 exhalantur
552 1174 663 1214 falsa
690 1174 794 1215 mali
821 1176 864 1215 in
892 1175 1036 1216 multa
1063 1177 1205 1230 copia,
1230 1178 1274 1217 in
1300 1178 1458 1230 quibus
1484 1184 1587 1219 sunt
1615 1179 1742 1232 spiri-

252 1243 325 1277 tus
352 1239 423 1290 qui
456 1238 499 1277 in
526 1239 694 1278 mundo
721 1239 956 1291 spirituum
983 1246 1102 1288 sunt,
1131 1247 1176 1280 et
1204 1240 1334 1281 simul
1361 1241 1567 1282 homines
1593 1243 1667 1296 qui
1698 1242 1742 1282 in

252 1300 469 1340 similibus
506 1301 627 1340 falsis
651 1302 708 1341 ‘in
747 1308 906 1342 nostro
943 1303 1112 1343 mundo
1149 1309 1279 1344 sunt:
1324 1316 1414 1344 non
1446 1303 1550 1344 alibi
1587 1311 1742 1358 potest

251 1363 432 1415 spiritus
459 1370 504 1404 et
532 1364 668 1404 homo
695 1378 793 1404 esse
820 1378 954 1418 quam
981 1366 1054 1406 ubi
1081 1365 1173 1418 ejus
1195 1367 1317 1407 vitae
1343 1379 1469 1407 amor
1491 1373 1587 1418 est;
1621 1368 1741 1421 quod

251 1427 369 1466 enim
407 1427 544 1467 homo
581 1434 704 1467 amat
746 1428 831 1468 hoc
872 1428 984 1477 vult,
1024 1429 1110 1469 hoc
1148 1430 1338 1482 cogitat,
1378 1436 1424 1470 et
1461 1430 1546 1471 hoc
1585 1431 1739 1484 spirat.

251 1491 353 1528 (Quid
372 1493 511 1520 mundus
526 1493 703 1529 spirituum,
719 1493 864 1522 videatur
883 1494 915 1522 in
935 1503 1030 1531 opere
1054 1495 1102 1523 De
1122 1495 1210 1523 Caelo
1230 1499 1260 1523 et
1274 1495 1411 1533 Inferna,
1435 1504 1466 1525 n.
1487 1504 1638 1533 421-431,
1658 1496 1740 1534 seq.)

251 1541 385 1594 Quod
415 1543 647 1596 “puteus’'
674 1543 898 1596 significet
926 1544 1129 1585 Verbum
1156 1552 1202 1586 et
1234 1559 1389 1586 verum
1421 1545 1667 1595 doctrinae,
1693 1553 1739 1588 et

249 1606 293 1645 in
320 1607 531 1658 opposito
555 1620 687 1646 sensu
711 1607 913 1647 Verbum
936 1607 1221 1649 falsificatum
1244 1615 1290 1649 et
1316 1609 1420 1650 inde
1446 1609 1607 1650 falsum
1630 1610 1738 1650 doc-

249 1668 407 1717 trinae,
433 1676 501 1709 est
535 1670 636 1722 quia
668 1671 791 1722 putei
824 1671 1061 1711 continent
1088 1685 1253 1724 aquas;
1289 1678 1335 1712 et
1362 1672 1573 1725 “aquae’'
1600 1673 1739 1725 signi-

248 1728 386 1770 ficant
411 1744 531 1778 vera,
559 1738 605 1771 et
630 1732 673 1771 in
700 1733 912 1784 opposito
938 1746 1072 1772 sensu
1097 1732 1225 1781 falsa,
1249 1739 1298 1773 ut
1324 1747 1459 1786 supra
1485 1743 1530 1781 (n.
1558 1742 1624 1786 71,
1643 1734 1742 1786 483,⁴

251 1790 346 1840 518)
377 1796 611 1830 ostensum
643 1797 727 1831 est.
788 1791 924 1844 Quod
958 1792 1193 1845 “puteus'’
1224 1793 1337 1833 haec
1378 1799 1425 1833 et
1460 1793 1539 1834 illa
1568 1793 1738 1846 signifi-

248 1857 335 1899 cet,
356 1858 565 1892 constare
589 1859 743 1906 potest
762 1867 821 1893 ex
844 1854 1136 1907 sequentibus
1160 1854 1270 1895 locis
1293 1855 1337 1895 in
1356 1854 1511 1896 Verbo
1528 1854 1738 1909 2—Apud

245 1913 412 1963 Mosen,

316 2013 338 2026 “
351 2012 506 2044 Profecti
525 2020 608 2045 sunt
626 2015 660 2045 in
681 2015 772 2046 Beer
787 2025 793 2048 :
818 2015 875 2047 hic
893 2021 1019 2056 puteus
1038 2016 1081 2047 de
1099 2026 1167 2057 quo
1187 2017 1276 2048 dixit
1292 2016 1454 2058 Jehovah
1473 2016 1581 2054 Mosi,
1597 2017 1737 2058 Collige

420 2058 591 2097 populum
613 2065 646 2089 et
666 2059 758 2089 dabo
777 2057 880 2090 [¹]illis
898 2070 1020 2100 aquas.
1071 2060 1171 2091 Tunc
1183 2061 1313 2092 cecinit
1331 2061 1441 2092 Israel
1459 2061 1638 2092 canticum
1658 2061 1735 2099 hoc,

421 2101 598 2138 Ascende,
622 2108 738 2141 putee,
759 2104 974 2142 respondete
999 2114 1042 2134 ex
1062 2114 1125 2135 eo:
1152 2110 1296 2144 puteum
1318 2104 1486 2135 foderunt
1505 2114 1586 2135 eum
1607 2105 1737 2145 princi-

419 2154 493 2184 pes,
514 2145 718 2176 effoderunt
739 2147 928 2186 spontanei
953 2148 1077 2188 populi
1102 2157 1164 2188 per
1189 2148 1447 2188 Legislatorem
1471 2148 1608 2179 baculis
1632 2148 1735 2180 suis”

419 2187 542 2227 (Num.
561 2189 631 2220 xxi.
651 2190 769 2230 16-18)
785 2201 791 2221 z
1190 2212 1207 2231 0

244 2301 364 2354 quod
396 2301 467 2342 hic
498 2303 729 2355 “puteus'’
762 2304 985 2356 significet
1018 2318 1173 2345 verum
1206 2303 1438 2345 doctrinae
1470 2319 1529 2345 ex
1562 2305 1731 2354 Verbo,

244 2370 455 2405 constare
478 2372 631 2418 potest
656 2380 713 2406 ex
737 2368 916 2408 cantico
935 2368 1053 2421 quod
1078 2367 1216 2408 Israel
1235 2368 1291 2408 de
1314 2382 1368 2408 eo
1391 2369 1580 2419 cecinit;
1613 2368 1733 2422 quod

247 2427 553 2468 “ascenderet
586 2429 789 2481 puteu5,''
816 2436 861 2470 et
898 2431 1264 2484 “responderent
1297 2445 1356 2471 ex
1389 2430 1482 2480 eo,’'
1509 2431 1733 2484 significat

243 2489 363 2542 quod
390 2488 594 2530 doctrina
621 2505 679 2531 ex
707 2491 862 2532 Verbo
890 2493 1075 2534 doceret
1098 2507 1267 2542 verum,
1296 2500 1342 2534 et
1375 2494 1494 2547 quod
1525 2493 1589 2534 illi
1620 2495 1732 2534 reci-

242 2559 401 2605 perent
421 2553 462 2592 id
482 2567 490 2603 ;
525 2555 732 2594 evocatio
751 2556 842 2595 veri
862 2556 1140 2609 significatur
1157 2570 1236 2610 per
1257 2560 1281 2576 “
1295 2556 1524 2605 Ascende,
1545 2562 1680 2610 putee
1698 2557 1733 2607 ;”

241 2629 293 2656 ac
313 2616 514 2668 receptio
532 2622 577 2656 et
596 2616 831 2658 instructio
850 2632 928 2671 per
945 2623 970 2639 “
984 2619 1279 2673 Respondete
1302 2633 1360 2660 ex
1379 2634 1432 2660 eo
1449 2619 1483 2659 :‘’
1509 2623 1731 2673 “puteum

240 2678 450 2719 foderunt
487 2680 723 2732 principeS,
763 2681 1013 2723 effoderunt
1051 2683 1291 2736 spontanei
1329 2682 1481 2736 populi
1522 2696 1601 2736 per
1641 2682 1729 2724 Le—

239 2741 505 2793 gislatorem
532 2742 702 2783 baculis
729 2744 858 2792 suis‚”
886 2745 1110 2798 significat
1137 2746 1257 2799 quod
1283 2746 1347 2786 illi
1373 2747 1446 2799 qui
1472 2747 1516 2786 in
1543 2746 1658 2786 veris
1681 2752 1728 2787 et

239 2805 283 2844 in
315 2805 443 2845 bonis
469 2806 561 2845 veri
594 2813 697 2846 sunt
730 2807 1012 2849 illustrentur
1043 2823 1069 2849 a
1101 2809 1311 2857 Domino,
1341 2815 1386 2849 et
1420 2823 1478 2849 ex
1512 2809 1617 2862 Ipso
1649 2822 1728 2862 per

238 2866 442 2908 Verbum
465 2870 777 2922 pervestigent
804 2877 849 2911 et
877 2871 1097 2924 colligant
1116 2870 1393 2922 doctrinam;
1431 2872 1692 2925 “principes
1707 2871 1727 2886 '’

238 2929 494 2982 significant
521 2931 621 2972 illos
648 2933 720 2986 qui
747 2934 790 2973 in
817 2935 931 2974 veris
959 2941 1077 2985 sunt,
1109 2935 1387 2988 “spontanei
1414 2934 1566 2988 populi
1579 2934 1598 2949 ’'
1622 2933 1747 2975 illos*
