1962 3334
604 271 710 303 CAP.
732 270 814 311 1x.,
836 270 975 303 VERS.
999 270 1145 314 3.-—N.
1170 241 1346 315 543[}z'].
1417 301 1423 305 ,
1607 261 1710 314 1365

229 399 310 440 per
338 385 458 440 quod
488 386 625 427 etiam
655 383 933 438 significatur
966 383 1088 438 quod
1122 383 1330 424 homines
1360 382 1508 437 quoad
1539 382 1710 424 intelli-

229 450 432 501 gentiam
454 449 499 489 in
520 447 682 489 infimis
703 448 809 494 sint,
828 453 875 488 et
898 447 1119 487 Dominus
1141 447 1186 487 in
1208 446 1439 499 supremis.
1500 445 1715 487 Similiter

228 511 449 560 homines,
473 508 665 564 spectati
690 510 748 550 ab
772 509 859 550 illis
885 510 959 563 qui
983 510 1028 549 in
1053 509 1346 562 persuasione
1378 522 1486 549 suae
1511 508 1713 549 eminen-

228 573 320 615 tiae
344 587 478 627 super
501 572 613 613 alios
634 579 755 621 sunt,
783 564 1105 625 comparantur
1130 570 1332 619 locustis,
1360 570 1479 624 apud
1503 570 1672 618 Mosen,

301 668 556 710 Exploratores
572 674 688 700 terrae
704 667 887 699 Canaanis
902 667 1079 705 dixerunt,
1097 666 1289 698 “Vidimus
1307 665 1489 707 Nephilim
1509 666 1602 698 filios
1621 665 1725 698 Ena-

401 713 474 744 kim
491 713 535 744 de
554 711 743 752 Nephilim‚
761 718 796 742 et
815 711 949 742 fuimus
969 710 1005 741 in
1026 710 1139 741 oculis
1155 711 1291 742 nostris
1310 710 1402 742 sicut
1418 710 1590 748 locustae,
1606 716 1643 742 et
1661 709 1714 741 sic

400 756 535 788 fuimus
554 756 591 787 in
607 755 719 786 oculis
736 764 861 787 eorum
872 754 891 766 ¹'
907 754 1032 795 (Num.
1048 753 1122 786 xiii.
1139 754 1214 794 33):

226 857 348 911 quod
373 871 452 911 per
476 856 775 910 “Nephilim’'
797 862 844 897 et
869 859 895 877 “
911 855 1139 897 Enakim”
1160 856 1204 896 in
1227 855 1384 896 Verbo
1405 854 1715 908 significentur

226 920 291 961 illi
316 921 390 974 qui
414 920 459 960 in
485 921 684 960 maxima
710 920 999 973 persuasione
1025 932 1133 959 suae
1159 918 1432 959 eminentiae
1457 931 1509 958 ac
1535 918 1714 971 sapien-

227 983 318 1024 tiae
339 989 445 1024 sunt
466 997 572 1036 prae
593 982 705 1030 aliis,
724 989 771 1023 et
797 983 841 1023 in
862 995 995 1022 sensu
1008 978 1240 1022 abstraEto
1250 980 1372 1020 dirae
1384 980 1712 1034 persuasiones,

226 1043 435 1084 videatur
462 1044 508 1083 in
536 1043 736 1084 Arcanis
769 1042 1048 1085 Caelestibus
1077 1052 1124 1091 (n.
1143 1061 1213 1090 311,
1233 1053 1303 1090 5⁶7.
1322 1054 1393 1089 581.
1415 1052 1715 1088 1268,1270,1271,

228 1113 317 1150 1673,
331 1111 588 1152 [¹13686,7686);
615 1103 736 1156 quod
753 1103 836 1142 visi
853 1102 1019 1143 suerint
1040 1109 1087 1143 et
1104 1102 1188 1142 sibi
1209 1109 1256 1142 et
1278 1101 1367 1142 illis
1386 1102 1540 1142 “sicut
1561 1101 1713 1142 locus-

230 1163 337 1205 tae”
362 1170 434 1205 est
465 1165 711 1205 secundum
738 1164 1026 1217 apparentias
1057 1164 1102 1203 in
1133 1163 1302 1204 mundo
1328 1162 1572 1216 spirituali;
1608 1175 1714 1203 nam

227 1226 287 1267 ibi
323 1226 504 1280 quando
540 1226 604 1267 illi
639 1227 713 1280 qui
749 1227 794 1266 in
831 1226 1119 1279 persuasione
1155 1239 1262 1266 suae
1298 1226 1572 1266 eminentiae
1608 1231 1714 1266 sunt

228 1287 438 1342 spectant
469 1289 596 1337 alios,
624 1289 782 1330 vident
813 1289 917 1329 illos
949 1289 1065 1329 sicut
1097 1302 1260 1342 parvos
1291 1295 1338 1329 et
1369 1288 1495 1337 viles,
1523 1294 1571 1328 et
1602 1301 1714 1341 quo-

227 1364 315 1404 que
334 1351 381 1392 hi
402 1358 509 1393 tunc
532 1352 742 1392 videntur
764 1351 846 1392 sibi
871 1351 1001 1392 tales.
1062 1349 1288 1404 Quoniam
1310 1364 1389 1404 per
1413 1354 1438 1371 “
1456 1350 1682 1391 locustam
1693 1350 1713 1365 ’³

227 1413 508 1467 significatur
532 1414 753 1462 sensuale,
781 1414 901 1468 quod
932 1420 1002 1455 est
1034 1414 1241 1454 ultimum
1267 1415 1388 1454 vitae
1420 1413 1714 1466 cogitationis

227 1476 435 1525 hominis,
458 1491 536 1518 seu
563 1477 768 1518 ultimum
795 1478 839 1517 in
865 1477 985 1530 quod
1007 1476 1172 1517 desinit
1198 1482 1245 1517 et
1272 1490 1405 1529 super
1431 1489 1519 1529 quo
1545 1476 1713 1516 subsis-

228 1539 285 1580 tit
311 1538 583 1588 intelle&us,
612 1540 714 1580 inde
746 1540 833 1580 hoc
861 1540 1068 1580 ultimum
1094 1546 1165 1580 est
1197 1539 1313 1579 sicut
1338 1539 1457 1579 basis
1483 1545 1530 1580 et
1555 1538 1714 1579 funda-

228 1608 431 1643 mentum
454 1616 585 1656 super
606 1617 694 1656 quo
717 1603 972 1643 consistunt
994 1602 1208 1642 interiora
1233 1615 1310 1642 seu
1332 1602 1574 1656 superiora,
1598 1616 1713 1655 quae

229 1671 335 1706 sunt
364 1663 621 1706 intellee'ims
652 1672 698 1706 et
723 1665 974 1706 voluntatis
1005 1664 1225 1714 hominis;
1263 1664 1469 1704 similiter
1498 1665 1714 1705 interiora

229 1733 278 1768 et
317 1728 558 1780 superiora,
600 1742 714 1781 quae
759 1727 1007 1781 spiritualia
1051 1734 1097 1768 et
1138 1726 1354 1767 caelestia
1394 1734 1629 1775 vocantur,
1669 1728 1714 1767 in

229 1788 411 1840 Verbo;
433 1796 479 1831 et
497 1791 598 1843 quia
615 1791 765 1830 omnia
779 1790 1008 1830 fundanda
1021 1796 1125 1830 sunt
1143 1796 1191 1830 ut
1210 1790 1464 1830 consistant
1482 1796 1529 1830 et
1547 1789 1714 1830 subsis-

229 1857 347 1900 tant,
362 1852 464 1892 ideo
478 1866 634 1893 sensus
650 1852 828 1893 litterae
843 1851 997 1900 Verbi,
1014 1865 1127 1905 quae
1146 1859 1215 1892 est
1231 1851 1414 1892 ultimus
1428 1858 1475 1892 et
1492 1852 1625 1900 basis,
1642 1859 1714 1893 est

230 1914 446 1955 naturalis
472 1922 518 1956 et
544 1915 775 1962 sensualis,
804 1921 850 1955 et
876 1928 1052 1968 quoque
1074 1915 1118 1954 in
1145 1915 1266 1955 bono
1288 1927 1422 1955 sensu
1444 1914 1713 1968 intelligitur

229 1991 310 2031 per
328 1981 354 1998 ‘⁴
367 1977 630 2025 locustam,”
646 1978 831 2030 proinde
845 1978 983 2018 etiam
998 1990 1152 2017 verum
1170 1984 1217 2018 et
1235 1977 1404 2018 bonum
1418 1977 1525 2030 ejus.
1566 1977 1642 2017 Ex
1659 1990 1715 2018 eo

230 2046 301 2081 est
331 2040 452 2094 quod
480 2040 711 2093 johannes
745 2039 954 2093 Baptista
985 2040 1233 2080 comederit
1264 2040 1480 2088 locustas,
1513 2046 1560 2080 et
1590 2040 1711 2093 quod

229 2102 329 2143 filiis
355 2103 534 2143 Israelis
561 2115 826 2143 concessum
852 2103 911 2143 sit
936 2102 1038 2142 illas
1063 2103 1210 2143 edere.
1270 2102 1340 2143 De
1360 2102 1569 2155 Johanne
1594 2102 1715 2156 Bap-

230 2165 341 2206 tista
365 2166 541 2214 dicitur,

304 2261 410 2303 Quod
424 2262 588 2294 habuerit
605 2262 852 2294 indumentum
870 2272 915 2293 ex
931 2262 1013 2302 pilis
1029 2262 1166 2301 cameli,
1180 2269 1216 2294 et
1232 2263 1414 2303 cingulum
1432 2263 1633 2295 coriaceum
1650 2264 1719 2296 cir-

403 2315 483 2380 Ξιῗη
508 2306 660 2388 Ιιέηιξῧοε,
680 2313 716 2337 et
735 2306 931 2337 comederit
955 2306 1112 2338 locustas
1136 2313 1171 2338 et
1195 2307 1265 2338 mel
1289 2314 1429 2347 agreste
1448 2308 1591 2348 (Alattlz.
1608 2308 1655 2340 iii.
1671 2317 1716 2347 4;

449 2360 515 2380 arc.
533 2360 554 2380 Ι.
622 2361 629 2381 :

231 2444 351 2498 quod
366 2444 597 2497 Johannes
616 2444 823 2498 Baptista
845 2445 908 2484 ita
929 2440 1111 2485 indutus
1128 2444 1271 2494 fuerit,
1292 2452 1388 2486 erat
1411 2446 1514 2499 quia
1534 2460 1715 2500 reprae-

232 2508 444 2548 sentabat
462 2507 678 2555 Verbum,
699 2507 842 2547 simile
864 2507 984 2560 quod
1006 2506 1159 2558 Elias;
1189 2514 1236 2548 et
1258 2521 1336 2561 per
1361 2509 1713 2550 “indumentum

233 2582 293 2610 ex
329 2569 429 2623 pilis
470 2569 670 2617 cameli,'’
708 2583 873 2623 perque
912 2569 1179 2622 “cingulum
1216 2571 1510 2619 coriaceum,’'
1546 2585 1598 2612 ac
1637 2586 1717 2625 per

233 2645 359 2673 esum
397 2631 639 2673 “locustae
677 2640 723 2673 et
765 2631 911 2672 mellis
946 2633 1178 2684 agrestis,'’
1212 2634 1585 2686 repraesentabat
1623 2634 1716 2686 ejus

233 2694 439 2736 ultimum
470 2708 665 2742 sensum,
699 2696 787 2748 qui,
821 2701 869 2735 ut
906 2693 1090 2744 dietum,
1123 2701 1193 2736 est
1231 2696 1447 2737 naturalis
1479 2697 1713 2744 sensualis,

233 2758 335 2811 quia
365 2771 446 2811 pro
477 2758 670 2798 naturali
710 2757 904 2798 sensuali
941 2757 1136 2799 homine.
1209 2758 1292 2799 Per
1323 2759 1716 2800 “vestimentum‘'

234 2820 511 2874 significatur
550 2834 703 2862 verum
743 2820 932 2860 induens
971 2820 1169 2871 bonum;
1212 2834 1290 2874 per
1329 2821 1483 2875 “pilos
1522 2821 1716 2863 cameli”

235 2882 511 2936 significatur
536 2883 740 2924 ultimum
769 2883 985 2925 naturalis
1006 2884 1214 2935 hominis,
1238 2886 1358 2940 quod
1385 2893 1454 2927 est
1481 2884 1712 2927 sensuale:
