1962 3334
559 256 666 289 CAP.
689 256 752 297 x„
775 255 913 288 VERs.
935 255 1083 301 9.-—N.
1105 245 1266 300 619[c].
1550 245 1660 299 1569

172 369 371 414 humano
410 369 589 418 dantur,
629 369 987 422 correspondent
1028 367 1348 422 spiritualibus,
1391 381 1496 408 caro
1535 367 1658 407 bono

173 431 390 472 naturalis
414 430 624 478 hominis,
646 436 693 471 et
718 443 824 470 ossa
847 430 965 470 veris
989 429 1083 482 ejus
1108 440 1164 477 (de
1178 449 1243 477 qua
1257 439 1539 477 correspondeniia
1551 439 1659 467 videa-
1693 481 1697 483 μ

171 504 225 529 tur
237 500 271 528 in
284 501 441 538 opusculo
456 501 507 529 De
523 501 614 530 Caelo
626 504 658 529 e!
674 501 811 539 Inferna,
826 509 859 529 n.
874 501 1008 538 87-102)
1025 502 1034 529 ζ
1066 489 1187 529 idem
1212 489 1353 528 etiam
1370 487 1658 529 confirmavit

173 549 395 591 Dominus
420 564 499 604 per
523 551 582 599 id,
605 550 726 604 quod
752 563 903 591 coram
925 549 1156 603 discipulis
1177 549 1427 590 comederit
1450 562 1509 590 ex
1536 549 1658 602 pisce

173 626 279 653 asso
304 619 351 654 et
377 626 554 666 quoque
584 627 644 653 ex
674 612 777 653 favo
807 613 1004 666 apiario;
1037 612 1211 665 “piscis
1247 625 1374 652 assus
1387 611 1406 625 ’'
1431 610 1658 664 significat

171 687 327 715 verum
352 675 456 715 boni
483 674 700 716 naturalis
725 682 772 716 et
795 674 1015 716 sensualis
1040 674 1249 722 hominis,
1273 681 1320 714 et
1345 673 1509 714 “savus
1533 673 1657 726 apia·

171 737 293 779 rius”
316 738 484 778 bonum
509 738 602 778 veri
633 737 859 790 ejusdem:
897 751 1034 791 quare
1066 736 1288 777 Dominus
1320 750 1399 789 per
1430 735 1657 789 palpatio-

172 813 278 841 nem
302 801 504 841 ostendit
526 807 573 841 et
599 799 881 841 confirmavit
908 800 1028 853 quod
1054 806 1204 840 totum
1229 798 1489 839 Humanum
1515 798 1659 851 Ipsius

172 876 311 916 usque
332 862 390 902 ad
414 862 571 903 ultima
592 862 685 915 ejus
706 861 1023 915 glorificatum,
1042 862 1128 902 hoc
1151 868 1237 909 est,
1258 861 1470 901 Divinum
1492 859 1658 900 factum

171 926 257 976 sit;
289 931 336 966 et
358 939 437 978 per
458 938 598 973 esum,
622 939 701 978 per
722 925 766 965 id
789 925 909 978 quod
930 924 1216 965 “comederit
1239 936 1390 964 coram
1413 923 1502 963 illis
1524 923 1658 976 piscis

172 988 263 1028 assi
292 995 468 1041 partem
495 994 541 1028 et
564 988 620 1028 de
646 987 748 1028 favo
773 986 982 1040 apiario.'’

257 1062 338 1116 [c.]
381 1062 609 1115 Quoniam
635 1066 660 1083 ‘⁴
676 1061 799 1102 mel”
820 1061 1047 1114 significat
1073 1061 1244 1102 bonum
1267 1061 1487 1101 naturalis
1511 1060 1659 1100 homi·

173 1124 254 1173 nis,
282 1124 384 1164 ideo
409 1125 549 1164 etiam

239 1229 479 1272 “johannes''
498 1229 660 1270 Baptista
675 1217 858 1261 “habebat
874 1230 1138 1261 indumentum.
1153 1240 1212 1261 ,ex
1230 1229 1312 1269 pilis
1329 1229 1466 1267 cameli,
1483 1238 1524 1260 ac
1540 1229 1663 1269 cingu-

346 1273 419 1304 lum
439 1274 635 1304 coriaceum
656 1274 785 1304 circum
806 1274 980 1305 lumbum.
995 1298 1019 1311 .,
1039 1280 1075 1304 et
1098 1273 1308 1304 alimentum
1329 1274 1361 1304 ei
1386 1273 1453 1304 fuit
1472 1273 1609 1304 locusta
1626 1280 1663 1304 et

347 1317 416 1348 mel
436 1324 576 1356 agreste
587 1316 606 1328 ’¹
622 1317 766 1356 (Matth.
784 1317 829 1348 iii.
849 1325 891 1355 4;
915 1317 1026 1348 Alarc.
1048 1317 1068 1348 i.
1086 1317 1139 1356 6):

170 1420 402 1474 Johannes
428 1422 546 1462 enim
573 1421 784 1474 Baptista
805 1421 950 1462 simile
971 1422 1332 1475 repraesentavit
1359 1421 1479 1475 quod
1507 1421 1660 1471 Elias;

173 1497 310 1538 quare
335 1485 474 1525 etiam
499 1484 662 1525 dicitur
687 1484 807 1538 quod
832 1484 997 1524 “Elias
1022 1484 1238 1533 venerit,'’
1261 1498 1339 1538 per
1365 1497 1498 1538 quem
1524 1483 1661 1525 intel-

174 1546 328 1599 ligitur
364 1546 620 1599 Johannes:
664 1547 790 1587 Elias
829 1549 1190 1600 repraesentavit
1229 1547 1475 1591 Dominum
1512 1547 1662 1600 quoad

173 1608 391 1658 Verbum,
411 1624 489 1650 seu
507 1609 708 1650 Verbum
730 1610 851 1664 quod
873 1624 899 1650 a
922 1610 1120 1650 Domino
1138 1625 1147 1661 ;
1181 1610 1387 1651 similiter
1402 1610 1660 1663 Johannes:

173 1678 221 1713 et
246 1673 350 1726 quia
375 1672 576 1713 Verbum
608 1673 744 1714 docet
776 1673 897 1726 quod
924 1673 1115 1713 Messias
1147 1687 1224 1713 seu
1252 1673 1473 1713 Dominus
1498 1680 1662 1713 ventu-

173 1749 248 1776 rus
287 1736 361 1784 sit,
404 1736 507 1776 ideo
543 1735 775 1788 Johannes
815 1736 1087 1788 praemissus
1127 1743 1212 1783 est,
1251 1737 1325 1788 qui
1365 1736 1422 1776 de
1461 1735 1663 1776 adventu

174 1799 358 1840 Domini
384 1799 631 1839 secundum
657 1797 988 1852 praedictiones
1014 1800 1059 1838 in
1085 1798 1240 1839 Verbo
1267 1798 1576 1852 praedicaret:
1615 1805 1662 1839 et

174 1862 279 1916 quia
301 1862 532 1915 Johannes
558 1862 919 1914 repraesentavit
947 1861 1164 1910 Verbum,
1191 1861 1294 1901 ideo
1320 1861 1480 1901 ultima
1507 1861 1660 1909 Verbi,

175 1939 289 1980 quae
325 1932 430 1965 sunt
471 1924 708 1973 naturalia,
742 1931 1087 1977 repraesentata
1127 1931 1232 1964 sunt
1272 1938 1299 1964 a
1335 1924 1544 1977 Johanne
1584 1938 1663 1978 per

174 1988 441 2028 indumenta
463 1987 569 2040 ejus,
594 1993 640 2028 et
667 2000 843 2040 quoque
866 2000 944 2040 per
965 1986 1210 2037 alimenta;
1243 2000 1406 2040 nempe
1428 2001 1507 2040 per
1531 1988 1662 2027 indu·

176 2057 379 2092 mentum
402 2064 460 2091 ex
483 2050 583 2103 pilis
606 2049 781 2098 cameli,
801 2056 848 2090 et
871 2063 950 2102 per
971 2049 1202 2102 cingulum
1220 2051 1472 2090 coriaceum
1495 2051 1662 2091 circum

128 2139 135 2146 ·
177 2113 380 2164 lumbos;
421 2113 536 2166 “pili
568 2112 759 2153 cameli“
786 2112 1043 2165 significant
1076 2113 1235 2153 ultima
1266 2113 1484 2153 naturalis
1515 2113 1661 2154 homi·

177 2177 260 2225 nis,
287 2176 436 2230 qualia
466 2182 570 2216 sunt
597 2176 827 2216 exteriora
854 2175 1007 2223 Verbi,
1036 2183 1082 2216 et
1113 2180 1137 2195 “
1154 2175 1383 2228 cingulum
1410 2177 1662 2217 coriaceum

151 2272 153 2274 .
177 2241 344 2281 circum
366 2239 574 2280 lumbos”
592 2238 816 2291 significat
835 2239 1062 2279 vinculum
1080 2246 1321 2279 externum
1343 2247 1389 2280 et
1413 2241 1662 2280 connexio-

178 2316 281 2355 nem
307 2315 460 2344 eorum
492 2315 593 2343 cum
619 2302 906 2342 interioribus
938 2301 1078 2342 Verbi
1109 2315 1222 2355 quae
1255 2308 1359 2342 sunt
1387 2303 1661 2355 spiritualia:

178 2365 339 2406 similia
361 2364 670 2418 significantur
691 2379 770 2418 per
793 2369 818 2399 ‘2‘
835 2364 1089 2405 locustam’‘
1108 2372 1154 2405 et
1176 2378 1255 2418 per
1279 2365 1406 2405 “mel
1429 2372 1611 2418 agreste
1629 2365 1664 2416 ;''

178 2442 258 2483 per
295 2427 592 2469 “locustam''
631 2441 786 2468 verum
827 2427 1044 2468 naturalis
1081 2427 1289 2476 hominis,
1329 2435 1391 2473 et,
1413 2443 1492 2482 per
1531 2429 1664 2470 “mel

179 2498 360 2545 agreste
372 2491 392 2506 ''
417 2491 584 2532 bonum
610 2490 728 2543 ejus:
767 2491 860 2530 sive
883 2490 1006 2530 dicas
1032 2504 1186 2531 verum
1212 2499 1258 2532 et
1285 2491 1452 2532 bonum
1479 2499 1663 2533 natura-

179 2553 234 2594 lis
258 2554 466 2602 hominis,
490 2554 584 2594 sive
610 2566 764 2594 verum
790 2560 836 2593 et
862 2553 1030 2593 bonum
1053 2554 1272 2602 naturale,
1297 2555 1430 2608 quale
1453 2562 1523 2596 est
1546 2555 1663 2596 Ver-

180 2617 287 2659 bum
318 2618 362 2658 in
393 2630 527 2657 sensu
558 2630 639 2656 suo
665 2616 839 2664 ultimo,
863 2618 937 2670 qui
967 2624 1156 2658 vocatur
1181 2631 1340 2658 sensus
1373 2618 1554 2660 litterae
1586 2633 1664 2660 seu

182 2693 340 2721 sensus
365 2679 595 2728 naturalis,
622 2679 741 2720 idem
767 2687 864 2729 est;
908 2693 1012 2720 nam
1035 2680 1266 2733 johannes
1294 2696 1374 2735 per
1398 2683 1665 2724 indumenta

182 2749 229 2784 et
254 2742 470 2784 alimenta
495 2756 574 2783 sua
598 2743 956 2796 repraesentavit
983 2742 1122 2784 illurn.
1184 2743 1320 2798 Quod

257 2848 400 2882 Nullum
421 2849 645 2887 fermentum,
666 2859 730 2881 nee
749 2849 860 2881 ullum
881 2850 951 2882 mel
970 2850 1196 2883 adhiberetur
1218 2852 1254 2884 in
1279 2862 1348 2893 quo
1368 2853 1553 2884 adolerent
1577 2853 1666 2893 igni-

356 2899 430 2925 tum
445 2892 603 2935 jehovae
620 2893 741 2933 (Levit.
759 2894 792 2925 ii.
813 2894 875 2934 11),
