1962 3334
252 226 358 267 1600
661 234 995 268 APOCALYPSIS
1028 236 1328 269 EXPLICATA.

245 348 449 390 articulo.
513 349 595 390 Per
620 363 775 390 verum
807 348 1032 399 ultimum,
1059 364 1137 391 seu
1163 364 1318 392 verum
1350 351 1394 391 in
1426 351 1588 393 ultimo
1619 353 1739 394 ordi-

246 413 328 461 nis,
356 412 628 465 intelligitur
653 426 808 453 verum
835 413 1057 462 sensuale,
1085 413 1218 467 quale
1250 421 1320 456 est
1347 428 1501 455 verum
1533 416 1577 456 in
1604 429 1739 457 sensu

245 475 427 516 litterae
454 475 594 516 Verbi
617 475 704 516 illis
727 477 800 529 qui
824 489 944 516 mere
967 476 1199 517 sensuales
1222 483 1340 517 sunt.
1404 477 1616 518 Divinum
1643 478 1737 519 Ve-

246 550 342 578 rum
366 538 410 578 in
432 538 654 579 descensu
677 539 883 592 procedit
911 539 1158 579 secundum
1185 540 1351 592 gradus
1374 553 1399 580 a
1426 553 1636 593 supremo
1662 555 1739 581 seu

245 601 406 641 intimo
433 601 489 641 ad
522 600 723 641 infimum
750 615 828 642 seu
861 601 1082 642 ultimum.
1145 602 1358 642 Divinum
1386 602 1557 643 Verum
1589 604 1633 643 in
1665 617 1739 643 su·

246 677 401 716 premo
428 664 571 717 gradu
603 670 673 704 est
701 663 833 717 quale
860 671 929 705 est
959 664 1171 705 Divinum
1199 665 1317 718 quod
1346 666 1554 718 proxime
1580 679 1738 719 proce-

245 727 311 767 dit
338 740 364 767 a
391 727 604 775 Domino,
628 727 693 779 ita
718 727 850 780 quale
873 733 943 768 est
967 727 1180 768 Divinum
1204 727 1375 768 Verum
1399 742 1532 781 supra
1558 728 1738 778 caelos;

244 789 330 830 hoc
358 791 460 844 quia
482 789 705 831 infinitum
732 797 817 838 est,
847 804 937 831 non
970 791 1027 831 ad
1055 790 1186 831 ullius
1219 791 1370 843 angeli
1397 792 1737 845 perceptionem

244 859 398 905 potest
431 854 608 894 venire:
654 853 865 894 Divinum
903 859 1057 894 autem
1090 853 1262 894 Verum
1300 855 1429 907 primi
1466 855 1632 907 gradus
1668 860 1738 895 est

244 915 364 968 quod
395 915 452 956 ad
485 917 825 970 perceptionem
858 915 1126 968 angelorum
1164 917 1311 956 intimi
1351 930 1428 957 seu
1466 917 1590 958 tertii
1626 916 1739 957 caeli

246 978 466 1030 pervenit,
491 985 538 1019 et
565 985 754 1019 vocatur
778 979 990 1019 Divinum
1014 978 1187 1019 Verum
1214 978 1440 1029 caeleste;
1474 994 1533 1020 ex
1560 980 1646 1020 hoc
1669 986 1739 1021 est

244 1041 468 1094 sapientia
485 1041 662 1082 illorum
681 1041 947 1095 angelorum
966 1055 975 1082 ε
1011 1041 1223 1082 Divinum
1243 1042 1414 1083 Verum
1434 1043 1618 1083 secundi
1636 1056 1739 1096 gra-

245 1104 327 1144 dus
346 1110 416 1145 est
440 1104 560 1158 quod
582 1105 639 1145 ad
662 1105 1002 1158 perceptionem
1020 1104 1286 1158 angelorum
1305 1106 1439 1146 medii
1458 1119 1535 1146 seu
1553 1105 1739 1146 secundi

246 1167 357 1207 caeli
376 1168 597 1221 pervenit,
616 1181 667 1208 ac
691 1167 868 1208 illorum
889 1169 1158 1221 sapientiam
1177 1174 1222 1208 et
1242 1168 1596 1221 intelligentiam
1614 1168 1737 1217 facit,

245 1237 291 1272 et
310 1237 499 1272 vocatur
518 1231 730 1272 Divinum
746 1231 917 1272 Verum
936 1231 1167 1285 spirituale
1185 1245 1193 1272 :
1223 1232 1436 1272 Divinum
1455 1231 1625 1272 Verum
1645 1238 1738 1272 ter-

245 1293 295 1334 tii
318 1294 486 1346 gradus
513 1300 584 1335 est
610 1294 731 1348 quod
758 1294 814 1335 ad
839 1295 1178 1348 perceptionem
1201 1294 1467 1348 angelorum
1491 1295 1637 1335 ultimi
1661 1308 1739 1336 seu

245 1357 373 1409 primi
392 1357 504 1398 caeli
523 1358 742 1411 pervenit,
763 1363 809 1399 et
827 1357 932 1398 facit
956 1358 1133 1398 illorum
1152 1358 1507 1411 intelligentiam
1525 1365 1571 1400 et
1590 1359 1736 1400 scien-

246 1420 371 1468 tiam,
391 1434 442 1461 ac
466 1427 655 1461 vocatur
678 1421 890 1461 Divinum
913 1420 1084 1461 Verum
1107 1421 1307 1462 caeleste
1330 1428 1376 1462 et
1399 1421 1632 1475 spirituale
1657 1436 1737 1463 na-

246 1483 416 1524 turale:
457 1484 669 1524 Divinum
696 1490 849 1525 autem
873 1483 1043 1524 Verum
1072 1485 1219 1538 quarti
1245 1485 1412 1537 gradus
1438 1491 1508 1526 est
1535 1486 1655 1539 quod
1682 1485 1739 1526 ad

246 1547 586 1600 perceptionem
609 1546 842 1587 hominum
865 1546 1085 1588 ecclesiae
1107 1548 1357 1588 viventium
1380 1549 1423 1588 in
1447 1549 1616 1589 mundo
1639 1562 1738 1602 per-

245 1610 385 1659 venit,
419 1624 470 1651 ac
507 1610 685 1651 illorum
723 1609 1078 1663 intelligentiam
1115 1616 1161 1651 et
1199 1611 1436 1651 scientiam
1476 1611 1609 1662 sacit;
1652 1611 1738 1652 hoc

245 1679 435 1713 vocatur
458 1673 671 1714 Divinum
694 1672 866 1714 Verum
893 1672 1126 1723 naturale;
1160 1672 1368 1714 ultimum
1395 1673 1524 1726 hujus
1550 1680 1740 1715 vocatur

247 1735 460 1776 Divinum
490 1735 662 1777 Verum
694 1735 917 1776 sensuale.
982 1735 1109 1776 Haec
1142 1735 1307 1776 Divina
1340 1736 1462 1777 Vera
1493 1737 1739 1777 secundum

246 1813 351 1839 suos
377 1799 544 1852 gradus
570 1799 614 1839 in
641 1799 797 1839 ordine
823 1799 1004 1839 suntin
1027 1798 1209 1848 Verbo;
1254 1804 1301 1838 et
1331 1798 1544 1838 Divinum
1568 1797 1738 1838 Verum

246 1862 290 1902 in
309 1861 469 1902 ultimo
488 1862 645 1915 gradu,
663 1875 740 1902 seu
758 1862 801 1902 in
821 1861 981 1902 ultimo
1000 1861 1181 1908 ordinis,
1199 1867 1268 1901 est
1287 1861 1419 1914 quale
1437 1867 1507 1901 est
1527 1860 1739 1900 Divinum

247 1924 418 1965 Verum
437 1925 480 1964 in
499 1938 633 1965 sensu
651 1924 832 1965 litterae
849 1923 988 1964 Verbi
1012 1938 1092 1977 pro
1110 1923 1354 1964 infantibus
1373 1929 1418 1964 et
1442 1937 1522 1976 pro
1541 1923 1739 1963 maxime

247 1987 523 2041 simplicibus
555 1988 629 2041 qui
661 1986 894 2028 sensuales
927 1993 1060 2027 sunt:
1104 1987 1189 2027 hoc
1225 1986 1437 2026 Divinum
1465 1986 1636 2026 Verum
1668 1991 1738 2026 est

246 2051 366 2104 quod
395 2065 473 2104 per
502 2049 794 2091 “calamum”
821 2064 899 2090 seu
928 2049 1194 2090 “cannam''
1220 2049 1524 2102 significatur:
1564 2055 1611 2089 et
1637 2050 1739 2102 quia

246 2113 589 2166 explorationes
620 2113 741 2167 apud
774 2126 932 2153 omnes
963 2111 1074 2153 fiunt
1107 2126 1184 2166 per
1211 2112 1422 2152 Divinum
1455 2111 1540 2152 hoc
1568 2111 1739 2152 Verum

246 2175 469 2225 ultimum,
495 2183 544 2217 ut
571 2174 899 2230 supra'difitum
926 2181 1010 2224 est,
1035 2175 1137 2215 ideo
1164 2175 1526 2215 mensurationes
1552 2180 1598 2214 et
1625 2187 1738 2227 pon·-

247 2239 506 2280 derationes
543 2240 586 2279 in
621 2239 823 2280 ecclesiis
860 2238 1259 2292 repraesentativis
1295 2236 1464 2277 fiebant
1504 2250 1583 2290 per
1615 2236 1737 2277 cala-

247 2316 346 2343 mos
372 2317 451 2343 seu
481 2316 664 2351 cannas,
693 2317 771 2356 per
797 2316 908 2355 quas
940 2302 983 2342 id
1012 2302 1225 2341 Divinum
1249 2301 1419 2341 Verum
1446 2299 1738 2352 significatur.

247 2364 382 2418 Quod
410 2366 773 2406 mensurationes
798 2364 944 2406 sactae
976 2371 1081 2405 sunt
1114 2378 1192 2417 per
1218 2363 1432 2411 calamos,
1461 2375 1577 2403 nunc
1605 2376 1739 2416 supra

245 2435 479 2469 ostensum
518 2435 615 2480 est;
659 2428 780 2482 quod
817 2429 956 2469 etiam
993 2427 1360 2481 ponderationes,
1400 2431 1584 2467 constat
1620 2425 1738 2479 apud

244 2491 449 2541 Esaiam,

584 2587 602 2601 “
613 2587 815 2627 Argentum
834 2586 974 2618 calamo
992 2585 1194 2626 ponderant
1207 2583 1225 2596 ”
1242 2583 1339 2624 (xlvi.
1356 2583 1400 2624 6).

246 2684 472 2738 Quoniam
513 2685 784 2726 “calamus‘'
823 2684 1050 2738 significat
1088 2698 1243 2726 verum
1289 2685 1331 2725 in
1379 2683 1564 2733 ultimis,
1603 2682 1736 2737 quale

245 2755 315 2789 est
362 2748 637 2801 simplicibus
683 2755 730 2789 et
779 2748 1039 2798 infantibus,
1088 2749 1161 2802 qui
1210 2761 1300 2789 non
1350 2746 1605 2801 spirituales
1655 2745 1734 2786 sed

246 2810 475 2852 naturales
512 2811 744 2852 sensuales
783 2818 903 2861 sunt,
942 2812 1045 2853 ideo
1082 2812 1221 2852 etiam
1262 2811 1424 2851 dicitur
1458 2809 1576 2863 apud
1612 2808 1734 2849 Esa-

245 2887 349 2924 zam,
