1962 3334
271 293 379 346 1460
681 305 1014 340 APOCALYPSIS
1045 307 1345 342 EXPLICATA.

265 416 548 470 significabat
581 418 740 460 ultima
771 419 863 460 veri
899 426 946 461 et
982 420 1102 471 boni,
1135 422 1320 475 proinde
1353 422 1511 463 ultima
1541 422 1756 464 ecclesiae

266 481 322 520 (de
338 490 401 518 qua
415 490 449 510 re
464 481 608 510 videatur
629 481 661 510 in
676 482 817 511 Arcanis
835 483 1033 518 Caelestibus,
1049 493 1080 514 n.
1099 493 1185 520 1710,
1202 494 1292 523 3923,
1308 485 1398 522 6396,
1417 491 1524 522 10335,
1540 485 1595 514 ubi
1609 485 1671 514 hoc
1686 494 1760 523 pro-

263 537 425 575 pheticum
459 537 554 565 etiam
587 537 780 574 explicatum
814 538 888 575 est).
947 526 1181 577 sensuale,
1219 529 1341 582 quod
1382 529 1594 569 ultimum
1632 529 1757 569 Vitae

263 585 584 628 intelle&ualis
611 594 695 636 est,
722 589 860 629 etiam
886 588 1166 642 significatur
1191 603 1270 643 per

447 682 684 723 “Serpentem
702 683 899 724 oblongum
911 683 929 695 '¹
946 683 1058 724 (Esai.
1076 685 1184 717 xxvii.
1205 694 1218 716 1
1235 695 1242 724 ;
1266 685 1367 717 Hiob.
1385 686 1479 717 xxvi.
1500 684 1568 725 13):

263 773 359 808 tum
386 766 524 807 etiam
551 780 630 820 per

330 842 552 926 Serpentem,
567 842 603 873 in
617 852 723 883 quem
737 842 883 874 baculus
898 842 1012 875 Mosis
1026 852 1221 875 conversus
1235 849 1289 875 est
1306 843 1428 883 (Exod.
1443 843 1487 875 iv.
1503 851 1532 882 3,
1546 851 1567 882 4
1582 852 1589 882 ;
1613 852 1687 884 cap.
1701 843 1760 876 vii.

438 894 523 926 9-12
541 910 548 918 .

264 978 434 1015 (videatur
452 979 484 1007 in
504 979 642 1008 Ananis
661 979 855 1013 caelestibus,
871 987 901 1008 n.
917 979 1008 1016 6949,
1022 979 1128 1018 7293.)
1187 967 1345 1009 Etiam
1371 968 1614 1018 sensualia,
1641 981 1757 1022 quae

263 1035 368 1070 sunt
394 1029 552 1070 ultima
577 1030 698 1070 vitae
725 1029 934 1079 hominis,
961 1029 1273 1083 significantur
1296 1043 1375 1082 per

330 1127 550 1168 “Serpentes
567 1127 774 1169 presteres’'
792 1128 922 1160 missos
943 1128 979 1160 in
1000 1128 1182 1169 populum,
1200 1128 1259 1170 qui
1279 1128 1409 1160 reverti
1426 1128 1539 1160 voluit
1558 1128 1594 1159 in
1614 1128 1760 1170 Aegyp-

437 1178 512 1203 tum
529 1181 536 1211 ;

262 1261 310 1295 at
341 1256 520 1296 sanatio
556 1269 582 1295 a
619 1269 769 1296 morsu
801 1255 959 1296 talium
991 1262 1267 1309 serpentum,
1300 1270 1326 1297 a
1363 1256 1528 1297 Divino
1563 1254 1759 1297 sensuali

263 1317 462 1367 Domini,
490 1317 768 1371 significatur
795 1332 873 1372 per

439 1410 457 1422 “
468 1408 677 1449 Serpentem
692 1419 842 1441 aeneum
856 1408 875 1421 '⁸
889 1410 1044 1450 positum
1057 1419 1164 1450 super
1177 1410 1330 1451 signum,
1344 1420 1365 1442 a
1382 1420 1451 1452 quo
1464 1409 1611 1451 aspecto
1624 1411 1760 1443 revixe-

438 1459 521 1483 runt
537 1452 661 1492 (Num.
679 1453 749 1484 xxi.
769 1453 866 1494 5-9);

264 1553 476 1594 Divinum
509 1554 717 1595 sensuale
751 1555 934 1596 Domini
966 1555 1141 1604 dicitur,
1176 1556 1279 1609 quia
1311 1556 1547 1604 Dominus,
1581 1569 1683 1597 cum
1714 1555 1758 1596 in

264 1617 432 1657 mundo
457 1616 551 1667 fuit,
576 1617 859 1670 glorificavit,
884 1618 970 1659 hoc
997 1625 1081 1667 est,
1106 1619 1318 1659 Divinum
1345 1618 1465 1667 fecit,
1490 1625 1640 1660 totum
1660 1618 1758 1659 Hu-

264 1693 444 1720 manum
471 1693 598 1720 suum
632 1694 769 1734 usque
801 1681 859 1721 ad
891 1680 1099 1722 ultimum
1126 1680 1245 1734 ejus;
1284 1687 1332 1721 ut
1364 1687 1573 1722 constare
1605 1687 1759 1734 potest

264 1757 322 1783 ex
351 1757 419 1792 eo,
453 1743 572 1796 quod
606 1743 714 1784 nihil
747 1744 791 1785 in
823 1743 1062 1798 sepulchro
1089 1743 1331 1798 reliquerit,
1360 1750 1407 1785 et
1439 1744 1560 1798 quod
1591 1744 1758 1785 dixerit

264 1806 321 1846 ad
347 1806 591 1859 discipulos

330 1902 435 1944 Quod
459 1912 543 1986 o)ssa
566 1908 602 1934 et
625 1913 770 1935 carnem
794 1903 935 1942 habeat,
961 1913 1052 1945 quae
1076 1913 1149 1935 non
1175 1903 1319 1944 spiritus
1343 1903 1452 1934 habet
1475 1902 1571 1943 (Luc.
1590 1903 1686 1935 xxiv.
1705 1910 1758 1943 39,

438 1955 482 1984 40
497 1971 504 1978 .

264 2033 488 2075 Ultimum
525 2034 747 2084 sensuale,
786 2035 906 2089 quod
945 2035 1166 2076 Dominus
1200 2035 1336 2076 etiam
1374 2033 1643 2087 glorificavit
1679 2047 1758 2075 seu

265 2098 476 2138 Divinum
502 2098 622 2147 fecit,
649 2097 927 2151 significatur
953 2112 1032 2152 per
1064 2102 1361 2151 “serpentem
1374 2098 1392 2112 '’
1418 2097 1542 2138 illum
1567 2110 1758 2138 aeneum

265 2162 460 2214 positum
487 2175 619 2214 super
643 2162 835 2215 signum,
863 2162 919 2202 de
946 2175 1035 2215 quo
1061 2162 1164 2214 Ipse
1192 2161 1412 2202 Dominus
1437 2162 1501 2202 ita
1525 2160 1644 2214 apud
1670 2160 1757 2208 Jo-

263 2224 467 2272 hannem,

331 2313 454 2345 “Sicut
479 2312 603 2345 Moses
628 2314 799 2346 exaltavit
822 2319 1065 2354 serpentem..
1080 2339 1104 2352 .,
1129 2314 1178 2345 ita
1205 2319 1347 2354 oportet
1370 2313 1519 2344 exaltari
1545 2312 1671 2344 Filium
1695 2312 1759 2344 ho-

439 2357 557 2395 minis,
575 2363 613 2389 ut
633 2358 752 2389 omnis
769 2358 828 2399 qui
845 2358 958 2390 credit
977 2358 1013 2389 in
1036 2357 1157 2398 Ipsum
1177 2367 1248 2388 non
1270 2363 1400 2397 pereat,
1419 2357 1482 2389 sed
1501 2357 1631 2388 habeat
1647 2356 1757 2388 vitam

437 2400 651 2432 aeternam”
668 2401 727 2441 (iii.
749 2410 798 2440 14,
819 2403 890 2441 15):

264 2511 343 2551 per
369 2496 460 2538 tale
487 2497 663 2549 signum
687 2503 1053 2550 repraesentatus
1078 2503 1148 2538 est
1171 2497 1393 2537 Dominus
1416 2508 1567 2538 coram
1590 2495 1758 2549 populo

265 2559 514 2601 Israelitico
545 2566 591 2600 et
621 2559 823 2612 Judaico,
851 2560 954 2613 quia
985 2559 1047 2600 illi
1079 2572 1200 2600 mere
1232 2558 1462 2599 sensuales
1493 2558 1684 2607 fuerunt,
1711 2565 1758 2600 et

264 2622 479 2663 sensualis
502 2622 638 2663 homo
657 2636 746 2663 non
770 2628 922 2675 potest
945 2621 1120 2662 elevare
1144 2622 1468 2675 cogitationem
1490 2634 1630 2669 suam,
1653 2634 1755 2661 cum

265 2686 321 2726 ad
345 2685 602 2734 Dominum,
627 2684 744 2725 ultra
766 2691 812 2726 et
835 2698 968 2737 supra
985 2684 1189 2725 sensuale
1208 2699 1217 2735 ;
1250 2685 1433 2738 quisque
1456 2684 1574 2725 enim
1597 2683 1757 2736 aspicit

265 2748 510 2789 Dominum
533 2747 778 2788 secundum
802 2747 1103 2788 elevationem
1127 2745 1384 2788 intellectus
1411 2747 1490 2795 sui,
1514 2745 1756 2799 spiritualis

264 2812 402 2852 homo
437 2810 494 2851 ad
531 2810 743 2851 Divinum
775 2810 1009 2859 rationale,
1043 2816 1089 2851 et
1127 2810 1187 2850 sic
1226 2822 1382 2863 porro:
1427 2823 1486 2850 ex
1522 2809 1590 2850 his
1626 2814 1755 2861 patet

265 2874 385 2927 quod
408 2886 487 2926 per
510 2877 805 2926 “serpentem
831 2886 1020 2914 aeneum
1036 2872 1055 2888 ”
1077 2873 1214 2913 etiam
1237 2871 1512 2925 significetur
1533 2869 1754 2920 sensuale,

268 2937 349 2978 sed
376 2936 581 2977 sensuale
606 2935 907 2990 glorificatum
934 2950 1011 2977 seu
1039 2936 1250 2976 Divinum
1279 2935 1473 2976 Domini.
