1962 3334
589 278 696 313 CAP.
718 277 801 318 xl„
822 276 960 308 VERS.
988 267 1158 308 18.—N.
1179 263 1359 318 696[d].
1444 263 1448 265 ’
1613 261 1715 315 1865

237 393 356 448 appd
380 392 612 441 Davidem,

302 472 613 504 “Castrametatur
630 470 790 510 Angelus
808 469 968 511 Jehovae
986 469 1080 500 circa
1097 468 1264 499 timentes
1285 466 1419 507 Ipsum,
1440 472 1478 497 ut
1501 466 1626 497 liberet
1644 475 1718 497 eos.

415 540 423 547 .
437 540 446 547 .
459 540 467 547 .
481 515 637 547 .Titnete
652 514 837 555 Jehovam‚
854 511 969 544 sancti
988 512 1115 552 Ipsius,
1132 511 1214 552 quia
1230 520 1302 542 non
1319 516 1374 541 est
1388 507 1549 541 descetus
1565 509 1720 540 timenti-

409 560 475 590 bus
494 558 615 598 Ipsum
626 557 645 569 ”
661 557 734 597 (Ps.
750 557 868 588 xxxiv.
886 557 915 594 8,
935 564 976 586 10
993 554 1051 597 [B.
1065 556 1110 586 A.
1129 562 1158 594 7,
1174 552 1226 595 9])
1240 563 1249 592 ;

235 634 354 688 apud
379 634 586 681 eundem,

301 710 467 752 “Quibus
484 720 557 741 non
574 709 799 745 mutationes.
817 718 932 750 neque
948 708 1075 739 timent
1093 707 1209 739 Deum
1222 705 1242 718 ”
1258 706 1331 746 (Ps.
1347 705 1393 737 lv.
1411 713 1454 736 20
1470 703 1529 747 [B.
1546 705 1591 736 A.
1607 701 1678 746 19])
1692 714 1700 741 ;

235 766 354 840 apud
379 785 587 834 eundem,

303 862 322 875 ‘¹
334 861 550 901 Principium
570 860 766 900 sapientiae
785 859 891 891 timor
907 858 1075 900 jehovae,
1093 855 1294 890 intellectus
1314 858 1429 888 bonus
1449 856 1616 887 omnibus
1635 855 1720 887 faci-

409 904 551 935 entibus
566 903 637 935 ea’'
653 903 725 943 (Ps.
742 903 806 934 cxi.
826 902 898 942 10):

236 999 341 1052 quia
378 998 582 1039 “timor”
611 996 789 1051 spectat
828 997 1041 1038 Divinum
1077 996 1249 1038 Verum
1285 1010 1347 1036 ex
1381 1009 1471 1049 quo
1501 992 1719 1035 sanctitas
1748 993 1756 1001 ’

240 1062 286 1102 in
310 1060 450 1109 cultu,
477 1068 524 1101 et
550 1075 610 1102 ex
635 1075 725 1114 quo
750 1061 973 1114 sapientia
997 1067 1045 1101 et
1070 1059 1389 1112 intelligentia.
1413 1058 1515 1099 ideo
1540 1058 1717 1103 dicitur,

239 1123 544 1176 “Principium
571 1124 819 1176 sapientiae
851 1124 988 1163 timor
1010 1122 1225 1175 Jehovae,
1253 1119 1510 1162 intellectus
1533 1119 1719 1167 bonus,”

235 1185 323 1227 hoc
358 1193 443 1234 est,
482 1185 800 1239 intelligentia,
842 1186 1091 1226 “omnibus
1125 1184 1393 1225 facientibus
1429 1183 1520 1224 ea.”
1579 1181 1719 1236 Apud

237 1248 444 1297 eundem,

303 1335 516 1367 “Timentes
534 1335 707 1377 Jehovam
725 1336 919 1367 laudabunt
938 1335 1070 1376 Ipsum,
1088 1336 1196 1366 omne
1211 1344 1335 1366 semen
1352 1334 1475 1376 Jacobi
1491 1334 1721 1365 honorabunt

412 1379 546 1419 Ipsum,
570 1386 606 1410 et
629 1380 804 1411 timebunt
826 1381 872 1410 ab
898 1379 982 1419 Ipso
1005 1389 1112 1410 omne
1134 1388 1261 1410 semen
1287 1378 1429 1409 Israelis
1439 1377 1458 1389 ''
1482 1377 1555 1418 (Ps.
1574 1377 1657 1409 xxii.
1677 1385 1720 1416 24

410 1420 469 1464 [B.
485 1423 530 1454 A.
549 1421 643 1464 23]);

236 1501 354 1559 apud
378 1505 555 1553 Lucam,

307 1581 327 1594 “
336 1580 581 1663 Misgricogdia
590 1580 609 1592 ”
623 1580 690 1612 Dei
704 1581 768 1611 “in
781 1580 1049 1620 generationem
1063 1579 1332 1620 generationum
1346 1579 1553 1611 timentibus
1567 1578 1690 1620 Ipsum
1700 1578 1720 1590 '⁹

424 1634 444 1655 ι.
463 1631 504 1662 50
517 1648 526 1655 .

241 1715 375 1770 Quod
400 1717 597 1757 “timere
617 1716 838 1769 Jehovam
861 1716 1007 1757 Deum
1019 1716 1039 1731 ‘’
1061 1716 1266 1757 involvat
1292 1722 1339 1757 et
1365 1716 1468 1757 inde
1494 1714 1718 1769 significet

239 1778 443 1820 sanctum
470 1779 636 1820 habere
667 1786 714 1820 et
745 1780 951 1827 revereri,
980 1780 1166 1832 proinde
1197 1777 1352 1820 sancte
1384 1785 1430 1819 et
1461 1785 1720 1820 reverenter

206 1898 209 1900 ‚
237 1842 400 1890 colere,
425 1848 636 1882 constare
661 1842 799 1882 etiam
826 1848 982 1894 potest
1008 1855 1067 1882 ex
1092 1841 1161 1882 his
1187 1841 1298 1882 locis
1317 1841 1525 1895 z—Apud
1549 1841 1717 1889 Mosen,

303 1937 510 1969 “Sabbatha
533 1947 614 1968 mea
636 1938 882 1974 observabitis,
902 1944 938 1968 et
960 1936 1203 1968 sanctuarium
1228 1947 1348 1969 meum
1373 1937 1543 1969 timebitis
1553 1936 1572 1949 ’¹
1596 1936 1718 1978 (Levit.

410 1981 478 2012 xix.
497 1978 609 2020 [¹l3o);
639 2005 647 2012 .
662 2005 669 2012 .
683 2005 690 2012 .
705 1981 1000 2012 .“reverebimini
1011 1980 1030 1991 ”
1046 1983 1134 2021 (cap.
1151 1981 1245 2013 xxvi.
1263 1981 1295 2021 2)
1309 1990 1316 2017 ;

238 2057 358 2110 apud
382 2056 590 2104 eundem,

304 2133 324 2146 ⁴‘
333 2131 604 2213 Ορυῗὲῐεὴιῗνειε
617 2141 721 2181 quam
728 2132 931 2214 >timendum
946 2131 1218 2172 (reverendum),
1232 2132 1318 2163 iliud
1330 2133 1424 2173 quod
1437 2130 1596 2164 {aelurus
1609 2142 1688 2164 sum
1699 2131 1719 2145 ”

457 2185 501 2205 xo
524 2199 532 2205 .
550 2184 667 2206 xxxiv.
687 2183 728 2205 10
753 2184 760 2211 ;

237 2257 285 2292 et
311 2250 429 2304 apud
455 2250 662 2299 eundem,

311 2326 355 2358 Et
369 2326 480 2368 Jacob
497 2327 515 2340 “
525 2326 651 2363 timuit,
669 2332 703 2357 et
720 2326 816 2363 dixit,
835 2326 950 2367 Quam
966 2326 1145 2358 timendus
1158 2326 1400 2366 (reverendus)
1416 2328 1515 2359 locus
1532 2329 1587 2360 hic
1603 2338 1611 2366 ;
1631 2329 1719 2360 nihil

409 2370 464 2401 hic
481 2370 551 2401 nisi
566 2370 693 2400 domus
712 2369 787 2407 Dei,
804 2374 854 2400 et.
869 2376 987 2410 .porta
1002 2370 1089 2401 caeli
1100 2370 1119 2381 ’'
1135 2370 1230 2410 (Gen.
1247 2371 1365 2402 xxviii.
1386 2372 1457 2411 17):

238 2464 358 2518 quod
390 2478 468 2517 per
495 2464 734 2512 “timere,'’
759 2477 860 2504 cum
892 2464 947 2504 de
980 2464 1145 2506 Divino
1175 2472 1222 2506 et
1253 2466 1309 2507 de
1341 2465 1499 2508 sancto
1530 2467 1644 2508 caeli
1671 2475 1718 2508 et

237 2526 456 2568 ecclesiae
482 2527 656 2575 dicitur,
684 2526 906 2579 significet
938 2528 1129 2568 revereri
1159 2541 1211 2569 ac
1243 2536 1502 2570 reverenter
1532 2530 1716 2577 habere,

237 2603 297 2630 ex
323 2589 409 2629 illis
435 2589 545 2629 locis
568 2595 722 2641 patet;
755 2595 851 2629 tum
877 2603 936 2629 ex
962 2603 1031 2638 e0,
1054 2591 1174 2643 quod
1199 2591 1358 2632 eadem
1383 2591 1460 2632 illa
1482 2606 1574 2632 vox
1600 2606 1715 2645 quae

238 2650 462 2704 significat
488 2651 639 2691 timere
662 2651 706 2691 in
738 2650 891 2704 lingua
924 2651 1147 2711 Hebraea,
1175 2654 1313 2702 etiam
1344 2654 1568 2707 significet
1594 2669 1717 2694 reve-

238 2713 333 2753 reri
352 2719 399 2753 et
425 2713 642 2753 venerari.
704 2713 805 2754 Hoc
832 2714 970 2754 etiam
996 2721 1125 2767 patet
1151 2729 1210 2756 ex
1242 2716 1310 2757 his
1337 2717 1453 2770 apud
1479 2716 1658 2765 Lucam,

303 2807 444 2849 “Judex
463 2814 538 2839 erat
557 2807 593 2838 in
612 2809 697 2839 urbe
714 2809 863 2849 quadam
886 2809 1000 2841 Deum
1021 2820 1093 2842 non
1113 2811 1253 2850 timens,
1270 2819 1305 2844 et
1324 2813 1504 2844 hominem
1525 2823 1596 2844 non
1617 2824 1718 2845 reve-

410 2861 517 2901 rens„
532 2875 539 2882 .
553 2875 560 2882 .
575 2851 648 2891 .qui
667 2852 754 2883 dixit
772 2853 865 2892 apud
890 2863 938 2890 se,
959 2853 1131 2894 Quamvis
1152 2855 1267 2887 Deum
1288 2866 1359 2887 non
1381 2857 1499 2895 timeo,
1521 2867 1633 2899 neque
1653 2858 1718 2889 ho-

411 2904 542 2926 mmem
560 2903 737 2927 revereor.
751 2920 759 2927 .
773 2920 781 2927 .
794 2921 803 2928 .
818 2895 837 2907 ”
853 2895 962 2936 (xviii.
981 2904 1009 2935 2,
1026 2897 1060 2937 4)
1074 2907 1082 2936 ;
