<?xml version="1.0" encoding="UTF-8"?>
<!DOCTYPE html PUBLIC "-//W3C//DTD XHTML 1.0 Transitional//EN"
    "http://www.w3.org/TR/xhtml1/DTD/xhtml1-transitional.dtd">
<html xmlns="http://www.w3.org/1999/xhtml" xml:lang="en" lang="en">
 <head>
  <title>
</title>
<meta http-equiv="Content-Type" content="text/html;charset=utf-8" />
  <meta name='ocr-system' content='tesseract 3.04.00' />
  <meta name='ocr-capabilities' content='ocr_page ocr_carea ocr_par ocr_line ocrx_word'/>
</head>
<body>
  <div class='ocr_page' id='page_1' title='image "apocalypsisexpli03sweduoft_0120.png"; bbox 0 0 1962 3334; ppageno 0'>
   <div class='ocr_carea' id='block_1_1' title="bbox 216 255 1290 316">
    <p class='ocr_par' dir='ltr' id='par_1_1' title="bbox 216 255 1290 316">
     <span class='ocr_line' id='line_1_1' title="bbox 216 255 1290 316; baseline 0.003 -12"><span class='ocrx_word' id='word_1_1' title='bbox 216 255 324 316; x_wconf 77' lang='grc'>1434</span> <span class='ocrx_word' id='word_1_2' title='bbox 626 272 958 307; x_wconf 75' lang='lat' dir='ltr'>APOCALYPSIS</span> <span class='ocrx_word' id='word_1_3' title='bbox 989 274 1290 308; x_wconf 84' lang='lat' dir='ltr'>EXPLICATA.</span> 
     </span>
    </p>
   </div>
   <div class='ocr_carea' id='block_1_2' title="bbox 210 385 564 439">
    <p class='ocr_par' dir='ltr' id='par_1_2' title="bbox 210 385 564 439">
     <span class='ocr_line' id='line_1_2' title="bbox 210 385 564 439; baseline 0.003 -13"><span class='ocrx_word' id='word_1_4' title='bbox 210 385 330 439; x_wconf 89' lang='lat' dir='ltr'><strong>apud</strong></span> <span class='ocrx_word' id='word_1_5' title='bbox 356 386 564 436; x_wconf 92' lang='lat' dir='ltr'><strong>eundem,</strong></span> 
     </span>
    </p>
   </div>
   <div class='ocr_carea' id='block_1_3' title="bbox 277 461 1704 549">
    <p class='ocr_par' dir='ltr' id='par_1_3' title="bbox 277 461 1704 549">
     <span class='ocr_line' id='line_1_3' title="bbox 277 461 1704 504; baseline 0.003 -11"><span class='ocrx_word' id='word_1_6' title='bbox 277 461 464 494; x_wconf 86' lang='lat' dir='ltr'><strong>“Educam</strong></span> <span class='ocrx_word' id='word_1_7' title='bbox 482 462 676 494; x_wconf 89' lang='lat' dir='ltr'><strong>exercitum</strong></span> <span class='ocrx_word' id='word_1_8' title='bbox 698 472 827 502; x_wconf 89' lang='lat' dir='ltr'><strong>meum,</strong></span> <span class='ocrx_word' id='word_1_9' title='bbox 846 464 1018 504; x_wconf 90' lang='lat' dir='ltr'><strong>populum</strong></span> <span class='ocrx_word' id='word_1_10' title='bbox 1037 473 1166 502; x_wconf 86' lang='lat' dir='ltr'><strong>meum,</strong></span> <span class='ocrx_word' id='word_1_11' title='bbox 1185 464 1278 496; x_wconf 86' lang='lat' dir='ltr'><strong>filios</strong></span> <span class='ocrx_word' id='word_1_12' title='bbox 1301 464 1459 503; x_wconf 86' lang='lat' dir='ltr'>Israelis,</span> <span class='ocrx_word' id='word_1_13' title='bbox 1478 475 1497 496; x_wconf 91' lang='lat' dir='ltr'><strong>e</strong></span> <span class='ocrx_word' id='word_1_14' title='bbox 1518 470 1612 497; x_wconf 86' lang='lat' dir='ltr'><strong>terra</strong></span> <span class='ocrx_word' id='word_1_15' title='bbox 1632 464 1704 498; x_wconf 85' lang='lat' dir='ltr'><strong>Ae-</strong></span> 
     </span>
     <span class='ocr_line' id='line_1_4' title="bbox 384 506 1440 549; baseline 0.002 -12"><span class='ocrx_word' id='word_1_16' title='bbox 384 506 485 547; x_wconf 81' lang='lat' dir='ltr'><strong>gypti</strong></span> <span class='ocrx_word' id='word_1_17' title='bbox 503 516 566 547; x_wconf 90' lang='lat' dir='ltr'><strong>per</strong></span> <span class='ocrx_word' id='word_1_18' title='bbox 582 506 715 547; x_wconf 86' lang='lat' dir='ltr'><strong>judicia</strong></span> <span class='ocrx_word' id='word_1_19' title='bbox 732 517 865 548; x_wconf 86' lang='lat' dir='ltr'><strong>magna</strong></span> <span class='ocrx_word' id='word_1_20' title='bbox 875 507 893 519; x_wconf 88' lang='lat'><strong>&#39;’</strong></span> <span class='ocrx_word' id='word_1_21' title='bbox 910 507 1033 548; x_wconf 78' lang='lat' dir='ltr'><strong>(Exod.</strong></span> <span class='ocrx_word' id='word_1_22' title='bbox 1050 508 1109 540; x_wconf 90' lang='lat' dir='ltr'><strong>vii.</strong></span> <span class='ocrx_word' id='word_1_23' title='bbox 1126 516 1148 546; x_wconf 90' lang='lat'>4</span> <span class='ocrx_word' id='word_1_24' title='bbox 1164 517 1170 546; x_wconf 87' lang='lat'>;</span> <span class='ocrx_word' id='word_1_25' title='bbox 1195 518 1269 548; x_wconf 84' lang='lat' dir='ltr'>cap.</span> <span class='ocrx_word' id='word_1_26' title='bbox 1288 508 1346 540; x_wconf 91' lang='lat' dir='ltr'><strong>xii.</strong></span> <span class='ocrx_word' id='word_1_27' title='bbox 1367 508 1440 549; x_wconf 72' lang='lat'>17),</span> 
     </span>
    </p>
   </div>
   <div class='ocr_carea' id='block_1_4' title="bbox 196 582 565 636">
    <p class='ocr_par' dir='ltr' id='par_1_4' title="bbox 196 582 565 636">
     <span class='ocr_line' id='line_1_5' title="bbox 196 582 565 636; baseline 0 -13"><span class='ocrx_word' id='word_1_28' title='bbox 196 582 329 636; x_wconf 75' lang='lat' dir='ltr'><strong>&#39;apud</strong></span> <span class='ocrx_word' id='word_1_29' title='bbox 357 583 565 632; x_wconf 90' lang='lat' dir='ltr'><strong>eundem,</strong></span> 
     </span>
    </p>
   </div>
   <div class='ocr_carea' id='block_1_5' title="bbox 276 657 1705 744">
    <p class='ocr_par' dir='ltr' id='par_1_5' title="bbox 276 657 1705 744">
     <span class='ocr_line' id='line_1_6' title="bbox 276 657 1705 703; baseline 0.003 -13.086"><span class='ocrx_word' id='word_1_30' title='bbox 276 657 454 690; x_wconf 70' lang='lat' dir='ltr'><strong>“FaCtum</strong></span> <span class='ocrx_word' id='word_1_31' title='bbox 472 665 526 691; x_wconf 88' lang='lat' dir='ltr'><strong>est</strong></span> <span class='ocrx_word' id='word_1_32' title='bbox 544 660 580 690; x_wconf 90' lang='lat' dir='ltr'><strong>in</strong></span> <span class='ocrx_word' id='word_1_33' title='bbox 598 659 678 699; x_wconf 89' lang='lat' dir='ltr'><strong>ipso</strong></span> <span class='ocrx_word' id='word_1_34' title='bbox 696 659 753 691; x_wconf 90' lang='lat' dir='ltr'><strong>die</strong></span> <span class='ocrx_word' id='word_1_35' title='bbox 770 660 837 691; x_wconf 92' lang='lat' dir='ltr'><strong>hoc</strong></span> <span class='ocrx_word' id='word_1_36' title='bbox 855 660 1043 692; x_wconf 87' lang='lat' dir='ltr'><strong>exiverunt</strong></span> <span class='ocrx_word' id='word_1_37' title='bbox 1061 670 1188 692; x_wconf 87' lang='lat' dir='ltr'><strong>omnes</strong></span> <span class='ocrx_word' id='word_1_38' title='bbox 1206 661 1381 693; x_wconf 85' lang='lat' dir='ltr'><strong>exercitus</strong></span> <span class='ocrx_word' id='word_1_39' title='bbox 1398 661 1558 703; x_wconf 88' lang='lat' dir='ltr'><strong>Jehovae</strong></span> <span class='ocrx_word' id='word_1_40' title='bbox 1571 671 1591 694; x_wconf 90' lang='lat' dir='ltr'><strong>e</strong></span> <span class='ocrx_word' id='word_1_41' title='bbox 1607 667 1705 694; x_wconf 86' lang='lat' dir='ltr'><strong>terra</strong></span> 
     </span>
     <span class='ocr_line' id='line_1_7' title="bbox 386 702 893 744; baseline 0 -10"><span class='ocrx_word' id='word_1_42' title='bbox 386 702 573 744; x_wconf 85' lang='lat' dir='ltr'><strong>Aegypti&#39;&#39;</strong></span> <span class='ocrx_word' id='word_1_43' title='bbox 597 702 719 743; x_wconf 84' lang='lat' dir='ltr'>(Exod.</span> <span class='ocrx_word' id='word_1_44' title='bbox 738 703 797 735; x_wconf 88' lang='lat' dir='ltr'><strong>xii.</strong></span> <span class='ocrx_word' id='word_1_45' title='bbox 816 703 893 744; x_wconf 72' lang='lat'>41),</span> 
     </span>
    </p>
   </div>
   <div class='ocr_carea' id='block_1_6' title="bbox 209 779 564 833">
    <p class='ocr_par' dir='ltr' id='par_1_6' title="bbox 209 779 564 833">
     <span class='ocr_line' id='line_1_8' title="bbox 209 779 564 833; baseline -0.006 -12"><span class='ocrx_word' id='word_1_46' title='bbox 209 779 328 833; x_wconf 81' lang='lat' dir='ltr'><strong>apud</strong></span> <span class='ocrx_word' id='word_1_47' title='bbox 355 779 564 829; x_wconf 90' lang='lat' dir='ltr'><strong>eundem,</strong></span> 
     </span>
    </p>
   </div>
   <div class='ocr_carea' id='block_1_7' title="bbox 276 854 1707 986">
    <p class='ocr_par' dir='ltr' id='par_1_7' title="bbox 276 854 1707 986">
     <span class='ocr_line' id='line_1_9' title="bbox 277 854 1550 898; baseline 0.002 -12"><span class='ocrx_word' id='word_1_48' title='bbox 277 854 497 886; x_wconf 88' lang='lat' dir='ltr'><strong>Recensebis</strong></span> <span class='ocrx_word' id='word_1_49' title='bbox 519 856 692 887; x_wconf 89' lang='lat' dir='ltr'><strong>“omnem</strong></span> <span class='ocrx_word' id='word_1_50' title='bbox 714 862 904 887; x_wconf 87' lang='lat' dir='ltr'><strong>exeuntem</strong></span> <span class='ocrx_word' id='word_1_51' title='bbox 925 855 962 887; x_wconf 89' lang='lat' dir='ltr'><strong>in</strong></span> <span class='ocrx_word' id='word_1_52' title='bbox 979 856 1175 888; x_wconf 87' lang='lat' dir='ltr'><strong>exereitum</strong></span> <span class='ocrx_word' id='word_1_53' title='bbox 1188 856 1207 868; x_wconf 81' lang='lat'><strong>&#39;¹</strong></span> <span class='ocrx_word' id='word_1_54' title='bbox 1224 855 1347 897; x_wconf 83' lang='lat' dir='ltr'>(Num.</span> <span class='ocrx_word' id='word_1_55' title='bbox 1366 857 1387 888; x_wconf 90' lang='lat' dir='ltr'>i.</span> <span class='ocrx_word' id='word_1_56' title='bbox 1406 865 1435 896; x_wconf 87' lang='lat'>3,</span> <span class='ocrx_word' id='word_1_57' title='bbox 1454 856 1550 898; x_wconf 87' lang='lat' dir='ltr'>seq.).</span> 
     </span>
     <span class='ocr_line' id='line_1_10' title="bbox 276 898 1707 941; baseline 0.002 -11"><span class='ocrx_word' id='word_1_58' title='bbox 276 898 382 939; x_wconf 74' lang='lat' dir='ltr'><strong>Quod</strong></span> <span class='ocrx_word' id='word_1_59' title='bbox 398 905 518 930; x_wconf 85' lang='lat' dir='ltr'><strong>castra</strong></span> <span class='ocrx_word' id='word_1_60' title='bbox 531 905 754 930; x_wconf 87' lang='lat' dir='ltr'><strong>metarentur</strong></span> <span class='ocrx_word' id='word_1_61' title='bbox 770 899 866 931; x_wconf 89' lang='lat' dir='ltr'><strong>circa</strong></span> <span class='ocrx_word' id='word_1_62' title='bbox 878 899 1091 931; x_wconf 87' lang='lat' dir='ltr'><strong>Tentorium</strong></span> <span class='ocrx_word' id='word_1_63' title='bbox 1109 907 1320 938; x_wconf 88' lang='lat' dir='ltr'><strong>conventus,</strong></span> <span class='ocrx_word' id='word_1_64' title='bbox 1335 906 1370 931; x_wconf 88' lang='lat' dir='ltr'><strong>et</strong></span> <span class='ocrx_word' id='word_1_65' title='bbox 1387 910 1527 941; x_wconf 89' lang='lat' dir='ltr'><strong>quoque</strong></span> <span class='ocrx_word' id='word_1_66' title='bbox 1544 900 1707 941; x_wconf 85' lang='lat' dir='ltr'><strong>proficis-</strong></span> 
     </span>
     <span class='ocr_line' id='line_1_11' title="bbox 383 942 1496 986; baseline 0.001 -12"><span class='ocrx_word' id='word_1_67' title='bbox 383 949 549 974; x_wconf 90' lang='lat' dir='ltr'><strong>cerentur</strong></span> <span class='ocrx_word' id='word_1_68' title='bbox 565 943 667 983; x_wconf 85' lang='lat' dir='ltr'><strong>juxta</strong></span> <span class='ocrx_word' id='word_1_69' title='bbox 682 943 861 975; x_wconf 86' lang='lat' dir='ltr'><strong>exercitus</strong></span> <span class='ocrx_word' id='word_1_70' title='bbox 882 952 1005 975; x_wconf 89' lang='lat' dir='ltr'><strong>eorum</strong></span> <span class='ocrx_word' id='word_1_71' title='bbox 1023 943 1147 984; x_wconf 84' lang='lat' dir='ltr'>(Num.</span> <span class='ocrx_word' id='word_1_72' title='bbox 1166 944 1199 975; x_wconf 91' lang='lat' dir='ltr'><strong>ii.</strong></span> <span class='ocrx_word' id='word_1_73' title='bbox 1218 953 1246 982; x_wconf 88' lang='lat'><strong>3,</strong></span> <span class='ocrx_word' id='word_1_74' title='bbox 1268 954 1297 984; x_wconf 87' lang='lat'><strong>9,</strong></span> <span class='ocrx_word' id='word_1_75' title='bbox 1318 942 1403 986; x_wconf 91' lang='lat'>[16,]</span> <span class='ocrx_word' id='word_1_76' title='bbox 1420 944 1496 984; x_wconf 74' lang='lat'>24),</span> 
     </span>
    </p>
   </div>
   <div class='ocr_carea' id='block_1_8' title="bbox 211 1018 566 1072">
    <p class='ocr_par' dir='ltr' id='par_1_8' title="bbox 211 1018 566 1072">
     <span class='ocr_line' id='line_1_12' title="bbox 211 1018 566 1072; baseline 0 -13"><span class='ocrx_word' id='word_1_77' title='bbox 211 1018 330 1072; x_wconf 86' lang='lat' dir='ltr'><strong>apud</strong></span> <span class='ocrx_word' id='word_1_78' title='bbox 356 1019 566 1068; x_wconf 91' lang='lat' dir='ltr'><strong>eundem,</strong></span> 
     </span>
    </p>
   </div>
   <div class='ocr_carea' id='block_1_9' title="bbox 275 1095 1704 1180">
    <p class='ocr_par' dir='ltr' id='par_1_9' title="bbox 275 1095 1704 1180">
     <span class='ocr_line' id='line_1_13' title="bbox 275 1095 1704 1137; baseline 0.001 -11"><span class='ocrx_word' id='word_1_79' title='bbox 275 1095 380 1136; x_wconf 75' lang='lat' dir='ltr'><strong>Quod</strong></span> <span class='ocrx_word' id='word_1_80' title='bbox 398 1101 627 1127; x_wconf 85' lang='lat' dir='ltr'><strong>sumerentur</strong></span> <span class='ocrx_word' id='word_1_81' title='bbox 644 1095 791 1127; x_wconf 87' lang='lat' dir='ltr'><strong>Levitae</strong></span> <span class='ocrx_word' id='word_1_82' title='bbox 809 1095 854 1127; x_wconf 88' lang='lat' dir='ltr'><strong>ad</strong></span> <span class='ocrx_word' id='word_1_83' title='bbox 871 1095 1110 1127; x_wconf 88' lang='lat' dir='ltr'><strong>exercendum</strong></span> <span class='ocrx_word' id='word_1_84' title='bbox 1129 1096 1306 1133; x_wconf 86' lang='lat' dir='ltr'><strong>militiam,</strong></span> <span class='ocrx_word' id='word_1_85' title='bbox 1325 1096 1370 1127; x_wconf 88' lang='lat' dir='ltr'><strong>ad</strong></span> <span class='ocrx_word' id='word_1_86' title='bbox 1390 1095 1595 1127; x_wconf 82' lang='lat' dir='ltr'><strong>faciendum</strong></span> <span class='ocrx_word' id='word_1_87' title='bbox 1613 1105 1704 1137; x_wconf 81' lang='lat' dir='ltr'><strong>opus</strong></span> 
     </span>
     <span class='ocr_line' id='line_1_14' title="bbox 384 1139 1311 1180; baseline 0.001 -10"><span class='ocrx_word' id='word_1_88' title='bbox 384 1139 420 1170; x_wconf 89' lang='lat' dir='ltr'><strong>in</strong></span> <span class='ocrx_word' id='word_1_89' title='bbox 442 1139 616 1170; x_wconf 89' lang='lat' dir='ltr'><strong>Tentorio</strong></span> <span class='ocrx_word' id='word_1_90' title='bbox 635 1145 837 1171; x_wconf 86' lang='lat' dir='ltr'><strong>conventus</strong></span> <span class='ocrx_word' id='word_1_91' title='bbox 854 1139 978 1179; x_wconf 84' lang='lat' dir='ltr'>(Num.</span> <span class='ocrx_word' id='word_1_92' title='bbox 997 1139 1041 1171; x_wconf 89' lang='lat' dir='ltr'><strong>iv.</strong></span> <span class='ocrx_word' id='word_1_93' title='bbox 1061 1148 1090 1179; x_wconf 89' lang='lat'>3,</span> <span class='ocrx_word' id='word_1_94' title='bbox 1105 1148 1156 1178; x_wconf 88' lang='lat'><strong>23,</strong></span> <span class='ocrx_word' id='word_1_95' title='bbox 1175 1148 1226 1179; x_wconf 88' lang='lat'><strong>30,</strong></span> <span class='ocrx_word' id='word_1_96' title='bbox 1248 1140 1311 1180; x_wconf 88' lang='grc'>39).</span> 
     </span>
    </p>
   </div>
   <div class='ocr_carea' id='block_1_10' title="bbox 209 1241 1704 1360">
    <p class='ocr_par' dir='ltr' id='par_1_10' title="bbox 209 1241 1704 1360">
     <span class='ocr_line' id='line_1_15' title="bbox 211 1241 1701 1296; baseline 0 -12"><span class='ocrx_word' id='word_1_97' title='bbox 211 1242 346 1296; x_wconf 83' lang='lat' dir='ltr'><strong>Quod</strong></span> <span class='ocrx_word' id='word_1_98' title='bbox 377 1243 454 1284; x_wconf 90' lang='lat' dir='ltr'><strong>filii</strong></span> <span class='ocrx_word' id='word_1_99' title='bbox 488 1243 669 1284; x_wconf 83' lang='lat' dir='ltr'><strong>Israelis</strong></span> <span class='ocrx_word' id='word_1_100' title='bbox 701 1241 808 1284; x_wconf 71' lang='lat' dir='ltr'><strong>diffl</strong></span> <span class='ocrx_word' id='word_1_101' title='bbox 840 1243 1003 1284; x_wconf 90' lang='lat' dir='ltr'><strong>fuerint</strong></span> <span class='ocrx_word' id='word_1_102' title='bbox 1039 1244 1306 1284; x_wconf 84' lang='lat' dir='ltr'><strong>“exereitus</strong></span> <span class='ocrx_word' id='word_1_103' title='bbox 1337 1242 1578 1296; x_wconf 89' lang='lat' dir='ltr'><strong>Jehovae,&#39;’</strong></span> <span class='ocrx_word' id='word_1_104' title='bbox 1604 1249 1701 1284; x_wconf 89' lang='lat' dir='ltr'><strong>erat</strong></span> 
     </span>
     <span class='ocr_line' id='line_1_16' title="bbox 209 1300 1704 1360; baseline 0 -13"><span class='ocrx_word' id='word_1_105' title='bbox 209 1306 312 1360; x_wconf 87' lang='lat' dir='ltr'><strong>quia</strong></span> <span class='ocrx_word' id='word_1_106' title='bbox 325 1300 733 1360; x_wconf 77' lang='lat' dir='ltr'><strong>repraesentabant</strong></span> <span class='ocrx_word' id='word_1_107' title='bbox 752 1306 1007 1355; x_wconf 86' lang='lat' dir='ltr'><strong>ecclesiam,</strong></span> <span class='ocrx_word' id='word_1_108' title='bbox 1028 1313 1073 1347; x_wconf 88' lang='lat' dir='ltr'><strong>et</strong></span> <span class='ocrx_word' id='word_1_109' title='bbox 1093 1305 1410 1360; x_wconf 82' lang='lat' dir='ltr'><strong>significabant</strong></span> <span class='ocrx_word' id='word_1_110' title='bbox 1429 1307 1581 1347; x_wconf 87' lang='lat' dir='ltr'><strong>omnia</strong></span> <span class='ocrx_word' id='word_1_111' title='bbox 1596 1320 1704 1347; x_wconf 88' lang='lat' dir='ltr'><strong>vera</strong></span> 
     </span>
    </p>
   </div>
   <div class='ocr_carea' id='block_1_11' title="bbox 210 1367 1702 1420">
    <p class='ocr_par' dir='ltr' id='par_1_11' title="bbox 210 1367 1702 1420">
     <span class='ocr_line' id='line_1_17' title="bbox 210 1367 1702 1420; baseline -0.001 -12"><span class='ocrx_word' id='word_1_112' title='bbox 210 1374 258 1408; x_wconf 78' lang='lat' dir='ltr'><strong>et</strong></span> <span class='ocrx_word' id='word_1_113' title='bbox 282 1367 405 1408; x_wconf 83' lang='lat' dir='ltr'><strong>bona</strong></span> <span class='ocrx_word' id='word_1_114' title='bbox 426 1367 521 1420; x_wconf 82' lang='lat' dir='ltr'><strong>ejus</strong></span> <span class='ocrx_word' id='word_1_115' title='bbox 545 1378 704 1416; x_wconf 87' lang='lat' dir='ltr'><strong>(videatur</strong></span> <span class='ocrx_word' id='word_1_116' title='bbox 726 1379 757 1407; x_wconf 89' lang='lat' dir='ltr'><strong>in</strong></span> <span class='ocrx_word' id='word_1_117' title='bbox 773 1379 912 1407; x_wconf 78' lang='lat' dir='ltr'><strong>Arcanis</strong></span> <span class='ocrx_word' id='word_1_118' title='bbox 928 1379 1121 1412; x_wconf 83' lang='lat' dir='ltr'><strong>Caelestibus,</strong></span> <span class='ocrx_word' id='word_1_119' title='bbox 1137 1388 1166 1408; x_wconf 88' lang='lat' dir='ltr'>n.</span> <span class='ocrx_word' id='word_1_120' title='bbox 1188 1386 1277 1415; x_wconf 88' lang='grc'>5414,</span> <span class='ocrx_word' id='word_1_121' title='bbox 1294 1381 1383 1415; x_wconf 89' lang='lat'>5801</span> <span class='ocrx_word' id='word_1_122' title='bbox 1399 1380 1489 1415; x_wconf 88' lang='lat'>5803,</span> <span class='ocrx_word' id='word_1_123' title='bbox 1505 1379 1596 1415; x_wconf 90' lang='lat'>5806,</span> <span class='ocrx_word' id='word_1_124' title='bbox 1612 1380 1702 1415; x_wconf 91' lang='grc'>5812,</span> 
     </span>
    </p>
   </div>
   <div class='ocr_carea' id='block_1_12' title="bbox 209 1428 1704 1519">
    <p class='ocr_par' dir='ltr' id='par_1_12' title="bbox 209 1428 1704 1519">
     <span class='ocr_line' id='line_1_18' title="bbox 209 1428 1704 1465; baseline 0 -9"><span class='ocrx_word' id='word_1_125' title='bbox 209 1429 299 1464; x_wconf 86' lang='grc'>5817,</span> <span class='ocrx_word' id='word_1_126' title='bbox 308 1429 397 1465; x_wconf 94' lang='grc'>5819,</span> <span class='ocrx_word' id='word_1_127' title='bbox 407 1428 496 1464; x_wconf 85' lang='lat'>5826,</span> <span class='ocrx_word' id='word_1_128' title='bbox 508 1429 597 1464; x_wconf 85' lang='lat'>5833,</span> <span class='ocrx_word' id='word_1_129' title='bbox 609 1429 699 1465; x_wconf 91' lang='lat'>5879,</span> <span class='ocrx_word' id='word_1_130' title='bbox 708 1434 798 1464; x_wconf 86' lang='lat'>5951,</span> <span class='ocrx_word' id='word_1_131' title='bbox 809 1428 899 1464; x_wconf 85' lang='lat'>6637,</span> <span class='ocrx_word' id='word_1_132' title='bbox 910 1428 999 1462; x_wconf 90' lang='grc'>6862,</span> <span class='ocrx_word' id='word_1_133' title='bbox 1009 1428 1098 1461; x_wconf 89' lang='grc'>6868,</span> <span class='ocrx_word' id='word_1_134' title='bbox 1110 1435 1199 1464; x_wconf 79' lang='grc'>7035,</span> <span class='ocrx_word' id='word_1_135' title='bbox 1211 1428 1300 1463; x_wconf 88' lang='grc'>7062</span> <span class='ocrx_word' id='word_1_136' title='bbox 1311 1429 1401 1464; x_wconf 87' lang='grc'>7198,</span> <span class='ocrx_word' id='word_1_137' title='bbox 1412 1435 1501 1462; x_wconf 85' lang='grc'>7201,</span> <span class='ocrx_word' id='word_1_138' title='bbox 1514 1434 1603 1463; x_wconf 87' lang='grc'>7215,</span> <span class='ocrx_word' id='word_1_139' title='bbox 1614 1435 1704 1464; x_wconf 88' lang='lat'>7223,</span> 
     </span>
     <span class='ocr_line' id='line_1_19' title="bbox 210 1465 1699 1519; baseline 0.002 -17"><span class='ocrx_word' id='word_1_140' title='bbox 210 1475 335 1514; x_wconf 74' lang='lat'><strong>1¹17957.</strong></span> <span class='ocrx_word' id='word_1_141' title='bbox 352 1479 441 1515; x_wconf 85' lang='lat'>8234,</span> <span class='ocrx_word' id='word_1_142' title='bbox 458 1479 547 1514; x_wconf 86' lang='lat'>8805.</span> <span class='ocrx_word' id='word_1_143' title='bbox 563 1478 672 1515; x_wconf 84' lang='lat'>9340).</span> <span class='ocrx_word' id='word_1_144' title='bbox 734 1466 869 1519; x_wconf 80' lang='lat' dir='ltr'><strong>Quod</strong></span> <span class='ocrx_word' id='word_1_145' title='bbox 892 1466 1134 1507; x_wconf 88' lang='lat' dir='ltr'><strong>dicantur‘</strong></span> <span class='ocrx_word' id='word_1_146' title='bbox 1143 1466 1429 1507; x_wconf 81' lang='lat' dir='ltr'><strong>‘exercitus&#39;&#39;</strong></span> <span class='ocrx_word' id='word_1_147' title='bbox 1451 1467 1495 1506; x_wconf 90' lang='lat' dir='ltr'><strong>in</strong></span> <span class='ocrx_word' id='word_1_148' title='bbox 1521 1465 1699 1519; x_wconf 86' lang='lat' dir='ltr'>plurali,</span> 
     </span>
    </p>
   </div>
   <div class='ocr_carea' id='block_1_13' title="bbox 204 1527 1702 2022">
    <p class='ocr_par' dir='ltr' id='par_1_13' title="bbox 204 1527 1702 2022">
     <span class='ocr_line' id='line_1_20' title="bbox 209 1527 1701 1582; baseline -0.001 -14"><span class='ocrx_word' id='word_1_149' title='bbox 209 1534 280 1569; x_wconf 89' lang='lat' dir='ltr'><strong>est</strong></span> <span class='ocrx_word' id='word_1_150' title='bbox 312 1528 416 1582; x_wconf 85' lang='lat' dir='ltr'><strong>quia</strong></span> <span class='ocrx_word' id='word_1_151' title='bbox 442 1528 717 1582; x_wconf 88' lang='lat' dir='ltr'><strong>unaquaevis</strong></span> <span class='ocrx_word' id='word_1_152' title='bbox 745 1528 887 1568; x_wconf 90' lang='lat' dir='ltr'><strong>tribus</strong></span> <span class='ocrx_word' id='word_1_153' title='bbox 914 1528 1149 1569; x_wconf 81' lang='lat' dir='ltr'><strong>dicebatur</strong></span> <span class='ocrx_word' id='word_1_154' title='bbox 1178 1532 1202 1547; x_wconf 89' lang='lat'>“</span> <span class='ocrx_word' id='word_1_155' title='bbox 1215 1527 1484 1576; x_wconf 86' lang='lat' dir='ltr'><strong>exercitus,”</strong></span> <span class='ocrx_word' id='word_1_156' title='bbox 1511 1533 1559 1568; x_wconf 93' lang='lat' dir='ltr'><strong>ut</strong></span> <span class='ocrx_word' id='word_1_157' title='bbox 1592 1540 1701 1568; x_wconf 90' lang='lat' dir='ltr'><strong>con-</strong></span> 
     </span>
     <span class='ocr_line' id='line_1_21' title="bbox 209 1591 1702 1645; baseline -0.001 -13"><span class='ocrx_word' id='word_1_158' title='bbox 209 1597 331 1632; x_wconf 83' lang='lat' dir='ltr'><strong>stare</strong></span> <span class='ocrx_word' id='word_1_159' title='bbox 357 1597 512 1645; x_wconf 90' lang='lat' dir='ltr'><strong>potest</strong></span> <span class='ocrx_word' id='word_1_160' title='bbox 539 1591 658 1644; x_wconf 90' lang='lat' dir='ltr'><strong>apud</strong></span> <span class='ocrx_word' id='word_1_161' title='bbox 687 1591 862 1639; x_wconf 85' lang='lat' dir='ltr'><strong>Mosen,</strong></span> <span class='ocrx_word' id='word_1_162' title='bbox 886 1604 987 1631; x_wconf 91' lang='lat' dir='ltr'><strong>cum</strong></span> <span class='ocrx_word' id='word_1_163' title='bbox 1014 1591 1053 1631; x_wconf 89' lang='lat' dir='ltr'><strong>ei</strong></span> <span class='ocrx_word' id='word_1_164' title='bbox 1080 1591 1346 1631; x_wconf 88' lang='lat' dir='ltr'><strong>mandatum</strong></span> <span class='ocrx_word' id='word_1_165' title='bbox 1373 1597 1443 1631; x_wconf 86' lang='lat' dir='ltr'><strong>est</strong></span> <span class='ocrx_word' id='word_1_166' title='bbox 1470 1596 1518 1631; x_wconf 93' lang='lat' dir='ltr'><strong>ut</strong></span> <span class='ocrx_word' id='word_1_167' title='bbox 1545 1603 1702 1630; x_wconf 91' lang='lat' dir='ltr'><strong>recen-</strong></span> 
     </span>
     <span class='ocr_line' id='line_1_22' title="bbox 209 1653 1702 1707; baseline -0.001 -12"><span class='ocrx_word' id='word_1_168' title='bbox 209 1660 334 1695; x_wconf 86' lang='lat' dir='ltr'><strong>seret.</strong></span> <span class='ocrx_word' id='word_1_169' title='bbox 370 1668 529 1695; x_wconf 90' lang='lat' dir='ltr'><strong>omnes</strong></span> <span class='ocrx_word' id='word_1_170' title='bbox 566 1654 701 1707; x_wconf 87' lang='lat' dir='ltr'><strong>juxta</strong></span> <span class='ocrx_word' id='word_1_171' title='bbox 737 1654 966 1695; x_wconf 85' lang='lat' dir='ltr'><strong>exercitus</strong></span> <span class='ocrx_word' id='word_1_172' title='bbox 1003 1667 1172 1702; x_wconf 90' lang='lat' dir='ltr'><strong>eorum,</strong></span> <span class='ocrx_word' id='word_1_173' title='bbox 1208 1654 1327 1707; x_wconf 92' lang='lat' dir='ltr'><strong>quod</strong></span> <span class='ocrx_word' id='word_1_174' title='bbox 1364 1653 1575 1694; x_wconf 88' lang='lat' dir='ltr'><strong>recensiti</strong></span> <span class='ocrx_word' id='word_1_175' title='bbox 1612 1653 1702 1694; x_wconf 89' lang='lat' dir='ltr'><strong>sint</strong></span> 
     </span>
     <span class='ocr_line' id='line_1_23' title="bbox 204 1715 1702 1771; baseline -0.001 -14"><span class='ocrx_word' id='word_1_176' title='bbox 204 1716 341 1769; x_wconf 88' lang='lat' dir='ltr'><strong>juxta</strong></span> <span class='ocrx_word' id='word_1_177' title='bbox 367 1717 510 1758; x_wconf 87' lang='lat' dir='ltr'><strong>tribus</strong></span> <span class='ocrx_word' id='word_1_178' title='bbox 540 1715 693 1770; x_wconf 81' lang='lat' dir='ltr'>(Num.</span> <span class='ocrx_word' id='word_1_179' title='bbox 722 1717 746 1757; x_wconf 89' lang='lat' dir='ltr'>i.</span> <span class='ocrx_word' id='word_1_180' title='bbox 778 1728 815 1769; x_wconf 91' lang='lat'><strong>3,</strong></span> <span class='ocrx_word' id='word_1_181' title='bbox 840 1716 984 1771; x_wconf 83' lang='lat' dir='ltr'><strong>seq.):</strong></span> <span class='ocrx_word' id='word_1_182' title='bbox 1018 1716 1225 1757; x_wconf 89' lang='lat' dir='ltr'><strong>similiter</strong></span> <span class='ocrx_word' id='word_1_183' title='bbox 1251 1730 1352 1757; x_wconf 88' lang='lat' dir='ltr'><strong>cum</strong></span> <span class='ocrx_word' id='word_1_184' title='bbox 1379 1723 1530 1757; x_wconf 88' lang='lat' dir='ltr'><strong>castra</strong></span> <span class='ocrx_word' id='word_1_185' title='bbox 1556 1721 1702 1756; x_wconf 88' lang='lat' dir='ltr'><strong>meta-</strong></span> 
     </span>
     <span class='ocr_line' id='line_1_24' title="bbox 208 1779 1702 1832; baseline -0.001 -12"><span class='ocrx_word' id='word_1_186' title='bbox 208 1780 374 1820; x_wconf 83' lang='lat' dir='ltr'><strong>bantur</strong></span> <span class='ocrx_word' id='word_1_187' title='bbox 405 1780 571 1821; x_wconf 88' lang='lat' dir='ltr'><strong>circum</strong></span> <span class='ocrx_word' id='word_1_188' title='bbox 605 1780 873 1821; x_wconf 89' lang='lat' dir='ltr'><strong>Tentorium</strong></span> <span class='ocrx_word' id='word_1_189' title='bbox 906 1786 1160 1821; x_wconf 88' lang='lat' dir='ltr'><strong>conventus</strong></span> <span class='ocrx_word' id='word_1_190' title='bbox 1187 1779 1322 1832; x_wconf 87' lang='lat' dir='ltr'><strong>juxta</strong></span> <span class='ocrx_word' id='word_1_191' title='bbox 1354 1779 1510 1827; x_wconf 86' lang='lat' dir='ltr'><strong>tribus,</strong></span> <span class='ocrx_word' id='word_1_192' title='bbox 1539 1779 1702 1820; x_wconf 89' lang='lat' dir='ltr'><strong>dicitur</strong></span> 
     </span>
     <span class='ocr_line' id='line_1_25' title="bbox 211 1840 1702 1896; baseline 0 -14"><span class='ocrx_word' id='word_1_193' title='bbox 211 1842 379 1895; x_wconf 85' lang='lat' dir='ltr'><strong>“juxta</strong></span> <span class='ocrx_word' id='word_1_194' title='bbox 401 1844 631 1884; x_wconf 88' lang='lat' dir='ltr'><strong>exercitus</strong></span> <span class='ocrx_word' id='word_1_195' title='bbox 654 1842 839 1884; x_wconf 88' lang='lat' dir='ltr'><strong>eorum”</strong></span> <span class='ocrx_word' id='word_1_196' title='bbox 860 1842 1012 1896; x_wconf 81' lang='lat' dir='ltr'>(qum.</span> <span class='ocrx_word' id='word_1_197' title='bbox 1032 1843 1071 1883; x_wconf 91' lang='lat' dir='ltr'><strong>ii.</strong></span> <span class='ocrx_word' id='word_1_198' title='bbox 1095 1854 1130 1894; x_wconf 86' lang='lat'>3,</span> <span class='ocrx_word' id='word_1_199' title='bbox 1146 1854 1184 1894; x_wconf 89' lang='lat'><strong>9.</strong></span> <span class='ocrx_word' id='word_1_200' title='bbox 1205 1841 1335 1895; x_wconf 57' lang='lat' dir='ltr'><strong>seq).</strong></span> <span class='ocrx_word' id='word_1_201' title='bbox 1399 1840 1533 1894; x_wconf 82' lang='lat' dir='ltr'><strong>Quod</strong></span> <span class='ocrx_word' id='word_1_202' title='bbox 1560 1842 1702 1882; x_wconf 91' lang='lat' dir='ltr'><strong>tribus</strong></span> 
     </span>
     <span class='ocr_line' id='line_1_26' title="bbox 208 1903 1701 1958; baseline -0.001 -12"><span class='ocrx_word' id='word_1_203' title='bbox 208 1903 356 1946; x_wconf 63' lang='lat' dir='ltr'><strong>dietae</strong></span> <span class='ocrx_word' id='word_1_204' title='bbox 382 1905 545 1946; x_wconf 87' lang='lat' dir='ltr'><strong>suerint</strong></span> <span class='ocrx_word' id='word_1_205' title='bbox 576 1905 884 1953; x_wconf 83' lang='lat' dir='ltr'><strong>“exercitus‚”</strong></span> <span class='ocrx_word' id='word_1_206' title='bbox 907 1911 977 1946; x_wconf 88' lang='lat' dir='ltr'><strong>est</strong></span> <span class='ocrx_word' id='word_1_207' title='bbox 1004 1906 1106 1958; x_wconf 87' lang='lat' dir='ltr'><strong>quia</strong></span> <span class='ocrx_word' id='word_1_208' title='bbox 1133 1905 1372 1945; x_wconf 86' lang='lat' dir='ltr'><strong>duodecim</strong></span> <span class='ocrx_word' id='word_1_209' title='bbox 1399 1904 1542 1944; x_wconf 89' lang='lat' dir='ltr'><strong>tribus</strong></span> <span class='ocrx_word' id='word_1_210' title='bbox 1568 1903 1701 1944; x_wconf 84' lang='lat' dir='ltr'><strong>simul</strong></span> 
     </span>
     <span class='ocr_line' id='line_1_27' title="bbox 209 1966 1700 2022; baseline -0.001 -13"><span class='ocrx_word' id='word_1_211' title='bbox 209 1975 418 2022; x_wconf 85' lang='lat' dir='ltr'><strong>sumptae</strong></span> <span class='ocrx_word' id='word_1_212' title='bbox 444 1974 902 2022; x_wconf 82' lang='lat' dir='ltr'><strong>repraesentaverunt</strong></span> <span class='ocrx_word' id='word_1_213' title='bbox 929 1969 1082 2009; x_wconf 88' lang='lat' dir='ltr'><strong>omnia</strong></span> <span class='ocrx_word' id='word_1_214' title='bbox 1107 1982 1213 2008; x_wconf 87' lang='lat' dir='ltr'><strong>vera</strong></span> <span class='ocrx_word' id='word_1_215' title='bbox 1239 1975 1285 2008; x_wconf 89' lang='lat' dir='ltr'><strong>et</strong></span> <span class='ocrx_word' id='word_1_216' title='bbox 1318 1968 1438 2008; x_wconf 91' lang='lat' dir='ltr'><strong>bona</strong></span> <span class='ocrx_word' id='word_1_217' title='bbox 1465 1966 1700 2015; x_wconf 87' lang='lat' dir='ltr'><strong>ecclesiae,</strong></span> 
     </span>
    </p>
   </div>
   <div class='ocr_carea' id='block_1_14' title="bbox 205 2030 1702 2576">
    <p class='ocr_par' dir='ltr' id='par_1_14' title="bbox 208 2030 1702 2085">
     <span class='ocr_line' id='line_1_28' title="bbox 208 2030 1702 2085; baseline 0 -13"><span class='ocrx_word' id='word_1_218' title='bbox 208 2045 259 2072; x_wconf 88' lang='lat' dir='ltr'><strong>ac</strong></span> <span class='ocrx_word' id='word_1_219' title='bbox 303 2033 579 2085; x_wconf 88' lang='lat' dir='ltr'><strong>unaquaevis</strong></span> <span class='ocrx_word' id='word_1_220' title='bbox 622 2032 765 2072; x_wconf 90' lang='lat' dir='ltr'><strong>tribus</strong></span> <span class='ocrx_word' id='word_1_221' title='bbox 806 2031 989 2085; x_wconf 90' lang='lat' dir='ltr'><strong>aliquod</strong></span> <span class='ocrx_word' id='word_1_222' title='bbox 1031 2031 1282 2072; x_wconf 88' lang='lat' dir='ltr'><strong>universale</strong></span> <span class='ocrx_word' id='word_1_223' title='bbox 1324 2030 1568 2072; x_wconf 86' lang='lat' dir='ltr'><strong>essentiale</strong></span> <span class='ocrx_word' id='word_1_224' title='bbox 1609 2031 1702 2085; x_wconf 86' lang='lat' dir='ltr'><strong>ejus</strong></span> 
     </span>
    </p>

    <p class='ocr_par' dir='ltr' id='par_1_15' title="bbox 212 2092 1702 2145">
     <span class='ocr_line' id='line_1_29' title="bbox 212 2092 1702 2145; baseline 0 -13"><span class='ocrx_word' id='word_1_225' title='bbox 212 2103 267 2140; x_wconf 92' lang='lat' dir='ltr'><strong>(de</strong></span> <span class='ocrx_word' id='word_1_226' title='bbox 290 2112 356 2141; x_wconf 88' lang='lat' dir='ltr'><strong>qua</strong></span> <span class='ocrx_word' id='word_1_227' title='bbox 378 2113 411 2132; x_wconf 86' lang='lat' dir='ltr'><strong>re</strong></span> <span class='ocrx_word' id='word_1_228' title='bbox 435 2104 582 2133; x_wconf 85' lang='lat' dir='ltr'><strong>videatur</strong></span> <span class='ocrx_word' id='word_1_229' title='bbox 603 2113 709 2141; x_wconf 87' lang='lat' dir='ltr'><strong>supra,</strong></span> <span class='ocrx_word' id='word_1_230' title='bbox 733 2113 764 2133; x_wconf 89' lang='lat' dir='ltr'>n.</span> <span class='ocrx_word' id='word_1_231' title='bbox 787 2104 902 2145; x_wconf 81' lang='lat'>431).</span> <span class='ocrx_word' id='word_1_232' title='bbox 962 2092 1037 2132; x_wconf 82' lang='lat' dir='ltr'><strong>EX</strong></span> <span class='ocrx_word' id='word_1_233' title='bbox 1061 2093 1130 2133; x_wconf 76' lang='lat' dir='ltr'><strong>hlS</strong></span> <span class='ocrx_word' id='word_1_234' title='bbox 1153 2099 1367 2133; x_wconf 77' lang='lat' dir='ltr'><strong>constare</strong></span> <span class='ocrx_word' id='word_1_235' title='bbox 1394 2098 1549 2145; x_wconf 74' lang='lat' dir='ltr'><strong>potest</strong></span> <span class='ocrx_word' id='word_1_236' title='bbox 1580 2093 1702 2145; x_wconf 84' lang='lat' dir='ltr'><strong>quod</strong></span> 
     </span>
    </p>

    <p class='ocr_par' dir='ltr' id='par_1_16' title="bbox 207 2153 1702 2207">
     <span class='ocr_line' id='line_1_30' title="bbox 207 2153 1702 2207; baseline 0 -13"><span class='ocrx_word' id='word_1_237' title='bbox 207 2168 314 2195; x_wconf 85' lang='lat' dir='ltr'><strong>vera</strong></span> <span class='ocrx_word' id='word_1_238' title='bbox 345 2161 391 2196; x_wconf 88' lang='lat' dir='ltr'><strong>et</strong></span> <span class='ocrx_word' id='word_1_239' title='bbox 424 2155 543 2196; x_wconf 89' lang='lat' dir='ltr'><strong>bona</strong></span> <span class='ocrx_word' id='word_1_240' title='bbox 569 2155 684 2195; x_wconf 86' lang='lat' dir='ltr'><strong>caeli</strong></span> <span class='ocrx_word' id='word_1_241' title='bbox 710 2162 757 2196; x_wconf 90' lang='lat' dir='ltr'><strong>et</strong></span> <span class='ocrx_word' id='word_1_242' title='bbox 784 2154 1006 2195; x_wconf 89' lang='lat' dir='ltr'><strong>ecclesiae</strong></span> <span class='ocrx_word' id='word_1_243' title='bbox 1032 2153 1349 2207; x_wconf 85' lang='lat' dir='ltr'><strong>intelligantur</strong></span> <span class='ocrx_word' id='word_1_244' title='bbox 1381 2167 1459 2206; x_wconf 90' lang='lat' dir='ltr'><strong>per</strong></span> <span class='ocrx_word' id='word_1_245' title='bbox 1487 2154 1702 2194; x_wconf 87' lang='lat' dir='ltr'><strong>“exerci-</strong></span> 
     </span>
    </p>

    <p class='ocr_par' dir='ltr' id='par_1_17' title="bbox 207 2216 1701 2271">
     <span class='ocr_line' id='line_1_31' title="bbox 207 2216 1701 2271; baseline -0.001 -13"><span class='ocrx_word' id='word_1_246' title='bbox 207 2224 281 2258; x_wconf 89' lang='lat' dir='ltr'><strong>tus</strong></span> <span class='ocrx_word' id='word_1_247' title='bbox 293 2217 312 2233; x_wconf 86' lang='lat'><strong>&#39;’</strong></span> <span class='ocrx_word' id='word_1_248' title='bbox 338 2218 381 2258; x_wconf 89' lang='lat' dir='ltr'><strong>in</strong></span> <span class='ocrx_word' id='word_1_249' title='bbox 409 2217 591 2268; x_wconf 91' lang='lat' dir='ltr'><strong>Verbo;</strong></span> <span class='ocrx_word' id='word_1_250' title='bbox 634 2232 694 2258; x_wconf 87' lang='lat' dir='ltr'><strong>ex</strong></span> <span class='ocrx_word' id='word_1_251' title='bbox 726 2218 885 2271; x_wconf 91' lang='lat' dir='ltr'><strong>quibus</strong></span> <span class='ocrx_word' id='word_1_252' title='bbox 912 2217 1150 2258; x_wconf 88' lang='lat' dir='ltr'><strong>manifeste</strong></span> <span class='ocrx_word' id='word_1_253' title='bbox 1177 2223 1306 2270; x_wconf 86' lang='lat' dir='ltr'><strong>patet</strong></span> <span class='ocrx_word' id='word_1_254' title='bbox 1334 2216 1452 2256; x_wconf 90' lang='lat' dir='ltr'><strong>unde</strong></span> <span class='ocrx_word' id='word_1_255' title='bbox 1478 2223 1548 2257; x_wconf 89' lang='lat' dir='ltr'><strong>est</strong></span> <span class='ocrx_word' id='word_1_256' title='bbox 1581 2216 1701 2269; x_wconf 95' lang='lat' dir='ltr'><strong>quod</strong></span> 
     </span>
    </p>

    <p class='ocr_par' dir='ltr' id='par_1_18' title="bbox 205 2278 1701 2393">
     <span class='ocr_line' id='line_1_32' title="bbox 205 2278 1701 2333; baseline -0.001 -11"><span class='ocrx_word' id='word_1_257' title='bbox 205 2280 412 2333; x_wconf 90' lang='lat' dir='ltr'><strong>Jehovah</strong></span> <span class='ocrx_word' id='word_1_258' title='bbox 444 2282 488 2321; x_wconf 91' lang='lat' dir='ltr'><strong>in</strong></span> <span class='ocrx_word' id='word_1_259' title='bbox 515 2280 671 2321; x_wconf 87' lang='lat' dir='ltr'><strong>Verbo</strong></span> <span class='ocrx_word' id='word_1_260' title='bbox 698 2281 874 2321; x_wconf 87' lang='lat' dir='ltr'><strong>dicatur</strong></span> <span class='ocrx_word' id='word_1_261' title='bbox 902 2280 1147 2333; x_wconf 90' lang='lat' dir='ltr'><strong>“Jehovah</strong></span> <span class='ocrx_word' id='word_1_262' title='bbox 1176 2278 1424 2328; x_wconf 88' lang='lat' dir='ltr'><strong>Zebaoth‚”</strong></span> <span class='ocrx_word' id='word_1_263' title='bbox 1451 2285 1498 2319; x_wconf 88' lang='lat' dir='ltr'><strong>et</strong></span> <span class='ocrx_word' id='word_1_264' title='bbox 1527 2279 1701 2332; x_wconf 90' lang='lat' dir='ltr'><strong>“Jeho-</strong></span> 
     </span>
     <span class='ocr_line' id='line_1_33' title="bbox 207 2342 1348 2393; baseline -0.003 -8"><span class='ocrx_word' id='word_1_265' title='bbox 207 2344 295 2385; x_wconf 87' lang='lat' dir='ltr'><strong>vah</strong></span> <span class='ocrx_word' id='word_1_266' title='bbox 329 2344 452 2385; x_wconf 88' lang='lat' dir='ltr'><strong>Deus</strong></span> <span class='ocrx_word' id='word_1_267' title='bbox 479 2343 728 2393; x_wconf 88' lang='lat' dir='ltr'><strong>Zebaoth,&#39;’</strong></span> <span class='ocrx_word' id='word_1_268' title='bbox 750 2343 836 2384; x_wconf 92' lang='lat' dir='ltr'><strong>hoe</strong></span> <span class='ocrx_word' id='word_1_269' title='bbox 864 2350 948 2392; x_wconf 90' lang='lat' dir='ltr'><strong>est,</strong></span> <span class='ocrx_word' id='word_1_270' title='bbox 980 2342 1348 2384; x_wconf 88' lang='lat' dir='ltr'><strong>“Exercituum’&#39;</strong></span> 
     </span>
    </p>

    <p class='ocr_par' dir='ltr' id='par_1_19' title="bbox 271 2438 1701 2480">
     <span class='ocr_line' id='line_1_34' title="bbox 271 2438 1701 2480; baseline -0.002 -9"><span class='ocrx_word' id='word_1_271' title='bbox 271 2439 336 2479; x_wconf 93' lang='lat' dir='ltr'><strong>(Ut</strong></span> <span class='ocrx_word' id='word_1_272' title='bbox 354 2439 453 2471; x_wconf 85' lang='lat' dir='ltr'>Esai.</span> <span class='ocrx_word' id='word_1_273' title='bbox 471 2439 491 2471; x_wconf 88' lang='lat' dir='ltr'><strong>i.</strong></span> <span class='ocrx_word' id='word_1_274' title='bbox 512 2450 542 2480; x_wconf 87' lang='lat'><strong>9,</strong></span> <span class='ocrx_word' id='word_1_275' title='bbox 562 2447 622 2478; x_wconf 87' lang='grc'><strong>24;</strong></span> <span class='ocrx_word' id='word_1_276' title='bbox 648 2449 722 2479; x_wconf 85' lang='lat' dir='ltr'>cap.</span> <span class='ocrx_word' id='word_1_277' title='bbox 735 2439 768 2471; x_wconf 90' lang='lat' dir='ltr'><strong>ii.</strong></span> <span class='ocrx_word' id='word_1_278' title='bbox 793 2447 854 2478; x_wconf 83' lang='lat'><strong>12;</strong></span> <span class='ocrx_word' id='word_1_279' title='bbox 878 2449 953 2479; x_wconf 85' lang='lat' dir='ltr'>cap.</span> <span class='ocrx_word' id='word_1_280' title='bbox 972 2439 1019 2470; x_wconf 87' lang='lat' dir='ltr'><strong>iii.</strong></span> <span class='ocrx_word' id='word_1_281' title='bbox 1041 2447 1067 2476; x_wconf 92' lang='lat'>1,</span> <span class='ocrx_word' id='word_1_282' title='bbox 1086 2446 1142 2477; x_wconf 86' lang='lat'><strong>15:</strong></span> <span class='ocrx_word' id='word_1_283' title='bbox 1169 2448 1244 2478; x_wconf 86' lang='lat' dir='ltr'>cap.</span> <span class='ocrx_word' id='word_1_284' title='bbox 1263 2448 1293 2469; x_wconf 90' lang='lat' dir='ltr'>v.</span> <span class='ocrx_word' id='word_1_285' title='bbox 1314 2445 1342 2477; x_wconf 93' lang='lat'><strong>7,</strong></span> <span class='ocrx_word' id='word_1_286' title='bbox 1357 2448 1386 2478; x_wconf 88' lang='grc'><strong>9,</strong></span> <span class='ocrx_word' id='word_1_287' title='bbox 1405 2438 1454 2476; x_wconf 84' lang='lat'><strong>16,</strong></span> <span class='ocrx_word' id='word_1_288' title='bbox 1470 2445 1533 2477; x_wconf 78' lang='lat'><strong>24:</strong></span> <span class='ocrx_word' id='word_1_289' title='bbox 1558 2448 1635 2478; x_wconf 89' lang='lat' dir='ltr'>cap.</span> <span class='ocrx_word' id='word_1_290' title='bbox 1653 2438 1701 2469; x_wconf 90' lang='lat' dir='ltr'><strong>vi.</strong></span> 
     </span>
    </p>

    <p class='ocr_par' dir='ltr' id='par_1_20' title="bbox 382 2481 1702 2531">
     <span class='ocr_line' id='line_1_35' title="bbox 382 2481 1702 2531; baseline -0.002 -17"><span class='ocrx_word' id='word_1_291' title='bbox 382 2492 411 2522; x_wconf 87' lang='lat'>3,</span> <span class='ocrx_word' id='word_1_292' title='bbox 426 2491 469 2522; x_wconf 92' lang='grc'><strong>5,</strong></span> <span class='ocrx_word' id='word_1_293' title='bbox 489 2493 564 2523; x_wconf 87' lang='lat' dir='ltr'>cap.</span> <span class='ocrx_word' id='word_1_294' title='bbox 578 2483 649 2514; x_wconf 92' lang='lat' dir='ltr'><strong>viii.</strong></span> <span class='ocrx_word' id='word_1_295' title='bbox 663 2481 749 2522; x_wconf 66' lang='lat'>[²113,</span> <span class='ocrx_word' id='word_1_296' title='bbox 766 2484 824 2521; x_wconf 89' lang='lat'><strong>18,</strong></span> <span class='ocrx_word' id='word_1_297' title='bbox 848 2493 923 2523; x_wconf 86' lang='lat' dir='ltr'>cap.</span> <span class='ocrx_word' id='word_1_298' title='bbox 934 2482 1003 2514; x_wconf 86' lang='lat' dir='ltr'><strong>xiv.</strong></span> <span class='ocrx_word' id='word_1_299' title='bbox 1014 2491 1065 2520; x_wconf 90' lang='lat'>22,</span> <span class='ocrx_word' id='word_1_300' title='bbox 1077 2490 1127 2520; x_wconf 87' lang='lat'>23,</span> <span class='ocrx_word' id='word_1_301' title='bbox 1139 2490 1188 2520; x_wconf 88' lang='grc'><strong>24,</strong></span> <span class='ocrx_word' id='word_1_302' title='bbox 1203 2490 1267 2520; x_wconf 89' lang='grc'><strong>27,</strong></span> <span class='ocrx_word' id='word_1_303' title='bbox 1288 2492 1362 2531; x_wconf 77' lang='lat' dir='ltr'>cap.</span> <span class='ocrx_word' id='word_1_304' title='bbox 1375 2482 1458 2513; x_wconf 90' lang='lat' dir='ltr'><strong>xvii.</strong></span> <span class='ocrx_word' id='word_1_305' title='bbox 1472 2490 1511 2520; x_wconf 74' lang='lat'><strong>3:</strong></span> <span class='ocrx_word' id='word_1_306' title='bbox 1531 2491 1606 2522; x_wconf 90' lang='lat' dir='ltr'>cap.</span> <span class='ocrx_word' id='word_1_307' title='bbox 1618 2491 1702 2513; x_wconf 85' lang='lat' dir='ltr'>xxv.</span> 
     </span>
    </p>

    <p class='ocr_par' dir='ltr' id='par_1_21' title="bbox 379 2525 1700 2576">
     <span class='ocr_line' id='line_1_36' title="bbox 379 2525 1700 2576; baseline -0.002 -18"><span class='ocrx_word' id='word_1_308' title='bbox 379 2528 420 2562; x_wconf 89' lang='lat'><strong>6:</strong></span> <span class='ocrx_word' id='word_1_309' title='bbox 445 2537 520 2567; x_wconf 90' lang='lat' dir='ltr'>cap.</span> <span class='ocrx_word' id='word_1_310' title='bbox 535 2527 655 2558; x_wconf 89' lang='lat' dir='ltr'><strong>xxviii.</strong></span> <span class='ocrx_word' id='word_1_311' title='bbox 679 2534 706 2565; x_wconf 88' lang='grc'><strong>5,</strong></span> <span class='ocrx_word' id='word_1_312' title='bbox 726 2535 776 2564; x_wconf 88' lang='grc'><strong>22,</strong></span> <span class='ocrx_word' id='word_1_313' title='bbox 798 2534 861 2567; x_wconf 90' lang='grc'><strong>29,</strong></span> <span class='ocrx_word' id='word_1_314' title='bbox 882 2536 958 2576; x_wconf 56' lang='lat' dir='ltr'>cap:</span> <span class='ocrx_word' id='word_1_315' title='bbox 976 2526 1069 2557; x_wconf 85' lang='lat' dir='ltr'><strong>xxix.</strong></span> <span class='ocrx_word' id='word_1_316' title='bbox 1087 2526 1127 2562; x_wconf 83' lang='lat'>6:</span> <span class='ocrx_word' id='word_1_317' title='bbox 1153 2535 1227 2565; x_wconf 88' lang='lat' dir='ltr'>cap.</span> <span class='ocrx_word' id='word_1_318' title='bbox 1246 2525 1340 2556; x_wconf 84' lang='lat' dir='ltr'><strong>xxxi.</strong></span> <span class='ocrx_word' id='word_1_319' title='bbox 1357 2534 1387 2563; x_wconf 90' lang='grc'><strong>4,</strong></span> <span class='ocrx_word' id='word_1_320' title='bbox 1411 2533 1450 2563; x_wconf 87' lang='grc'><strong>5;</strong></span> <span class='ocrx_word' id='word_1_321' title='bbox 1475 2534 1549 2565; x_wconf 88' lang='lat' dir='ltr'>cap.</span> <span class='ocrx_word' id='word_1_322' title='bbox 1569 2525 1700 2556; x_wconf 89' lang='lat' dir='ltr'><strong>xxxvii.</strong></span> 
     </span>
    </p>
   </div>
   <div class='ocr_carea' id='block_1_15' title="bbox 379 2552 1700 2655">
    <p class='ocr_par' dir='ltr' id='par_1_22' title="bbox 379 2552 1700 2655">
     <span class='ocr_line' id='line_1_37' title="bbox 383 2552 1700 2612; baseline -0.003 -10"><span class='ocrx_word' id='word_1_323' title='bbox 383 2552 442 2603; x_wconf 84' lang='lat'>16:</span> <span class='ocrx_word' id='word_1_324' title='bbox 464 2571 589 2612; x_wconf 81' lang='lat' dir='ltr'><strong>Jerem.</strong></span> <span class='ocrx_word' id='word_1_325' title='bbox 604 2580 635 2602; x_wconf 90' lang='lat' dir='ltr'>v.</span> <span class='ocrx_word' id='word_1_326' title='bbox 653 2579 714 2609; x_wconf 86' lang='grc'><strong>14;</strong></span> <span class='ocrx_word' id='word_1_327' title='bbox 732 2580 806 2610; x_wconf 89' lang='lat' dir='ltr'>cap.</span> <span class='ocrx_word' id='word_1_328' title='bbox 821 2570 963 2601; x_wconf 85' lang='lat' dir='ltr'><strong>xxxviii.</strong></span> <span class='ocrx_word' id='word_1_329' title='bbox 980 2577 1039 2608; x_wconf 71' lang='lat'><strong>172</strong></span> <span class='ocrx_word' id='word_1_330' title='bbox 1056 2579 1131 2609; x_wconf 88' lang='lat' dir='ltr'>cap.</span> <span class='ocrx_word' id='word_1_331' title='bbox 1147 2569 1229 2600; x_wconf 89' lang='lat' dir='ltr'><strong>xliv.</strong></span> <span class='ocrx_word' id='word_1_332' title='bbox 1245 2576 1282 2607; x_wconf 93' lang='lat'><strong>7.</strong></span> <span class='ocrx_word' id='word_1_333' title='bbox 1302 2570 1455 2600; x_wconf 86' lang='lat' dir='ltr'><strong>Amosv.</strong></span> <span class='ocrx_word' id='word_1_334' title='bbox 1471 2566 1567 2599; x_wconf 79' lang='lat'>[3116.</span> <span class='ocrx_word' id='word_1_335' title='bbox 1587 2569 1700 2609; x_wconf 79' lang='lat' dir='ltr'>Hagg.</span> 
     </span>
     <span class='ocr_line' id='line_1_38' title="bbox 379 2612 1700 2655; baseline -0.002 -9"><span class='ocrx_word' id='word_1_336' title='bbox 379 2615 400 2646; x_wconf 89' lang='lat' dir='ltr'>i.</span> <span class='ocrx_word' id='word_1_337' title='bbox 417 2624 447 2655; x_wconf 86' lang='lat'>9,</span> <span class='ocrx_word' id='word_1_338' title='bbox 465 2623 525 2654; x_wconf 88' lang='lat'><strong>14;</strong></span> <span class='ocrx_word' id='word_1_339' title='bbox 546 2624 621 2654; x_wconf 88' lang='lat' dir='ltr'>cap.</span> <span class='ocrx_word' id='word_1_340' title='bbox 640 2614 673 2645; x_wconf 92' lang='lat' dir='ltr'><strong>ii.</strong></span> <span class='ocrx_word' id='word_1_341' title='bbox 686 2623 717 2653; x_wconf 92' lang='grc'><strong>4,</strong></span> <span class='ocrx_word' id='word_1_342' title='bbox 736 2614 765 2653; x_wconf 90' lang='lat'>8,</span> <span class='ocrx_word' id='word_1_343' title='bbox 785 2622 844 2653; x_wconf 83' lang='grc'><strong>23;</strong></span> <span class='ocrx_word' id='word_1_344' title='bbox 869 2613 966 2644; x_wconf 75' lang='lat' dir='ltr'>Saclz.</span> <span class='ocrx_word' id='word_1_345' title='bbox 988 2613 1008 2645; x_wconf 89' lang='lat' dir='ltr'>i.</span> <span class='ocrx_word' id='word_1_346' title='bbox 1024 2621 1063 2652; x_wconf 91' lang='lat'><strong>3:</strong></span> <span class='ocrx_word' id='word_1_347' title='bbox 1086 2613 1202 2644; x_wconf 68' lang='grc' dir='ltr'><strong>Λίαία</strong></span> <span class='ocrx_word' id='word_1_348' title='bbox 1196 2612 1240 2643; x_wconf 80' lang='grc' dir='ltr'><strong>Ιι.</strong></span> <span class='ocrx_word' id='word_1_349' title='bbox 1259 2612 1292 2643; x_wconf 85' lang='lat' dir='ltr'><strong>ii.</strong></span> <span class='ocrx_word' id='word_1_350' title='bbox 1314 2620 1372 2644; x_wconf 89' lang='lat'><strong>12:</strong></span> <span class='ocrx_word' id='word_1_351' title='bbox 1394 2618 1429 2643; x_wconf 89' lang='lat' dir='ltr'><strong>et</strong></span> <span class='ocrx_word' id='word_1_352' title='bbox 1442 2612 1574 2652; x_wconf 87' lang='lat' dir='ltr'><strong>pluries</strong></span> <span class='ocrx_word' id='word_1_353' title='bbox 1588 2612 1700 2651; x_wconf 87' lang='lat' dir='ltr'><strong>alibi).</strong></span> 
     </span>
    </p>
   </div>
   <div class='ocr_carea' id='block_1_16' title="bbox 205 2714 1698 2959">
    <p class='ocr_par' dir='ltr' id='par_1_23' title="bbox 205 2714 1698 2959">
     <span class='ocr_line' id='line_1_39' title="bbox 289 2714 1698 2771; baseline -0.003 -13"><span class='ocrx_word' id='word_1_354' title='bbox 289 2717 373 2771; x_wconf 83' lang='lat' dir='ltr'>[b.]</span> <span class='ocrx_word' id='word_1_355' title='bbox 416 2717 493 2757; x_wconf 87' lang='lat' dir='ltr'><strong>Ex</strong></span> <span class='ocrx_word' id='word_1_356' title='bbox 524 2717 593 2757; x_wconf 90' lang='lat' dir='ltr'><strong>his</strong></span> <span class='ocrx_word' id='word_1_357' title='bbox 625 2730 742 2758; x_wconf 90' lang='lat' dir='ltr'><strong>nunc</strong></span> <span class='ocrx_word' id='word_1_358' title='bbox 773 2722 904 2770; x_wconf 89' lang='lat' dir='ltr'><strong>patet</strong></span> <span class='ocrx_word' id='word_1_359' title='bbox 939 2716 1061 2770; x_wconf 93' lang='lat' dir='ltr'><strong>quod</strong></span> <span class='ocrx_word' id='word_1_360' title='bbox 1092 2729 1172 2769; x_wconf 89' lang='lat' dir='ltr'><strong>per</strong></span> <span class='ocrx_word' id='word_1_361' title='bbox 1199 2714 1501 2756; x_wconf 84' lang='lat' dir='ltr'><strong>“exercitus‘’</strong></span> <span class='ocrx_word' id='word_1_362' title='bbox 1527 2714 1698 2767; x_wconf 86' lang='lat' dir='ltr'><strong>signifi-</strong></span> 
     </span>
     <span class='ocr_line' id='line_1_40' title="bbox 205 2775 1696 2829; baseline -0.003 -9"><span class='ocrx_word' id='word_1_363' title='bbox 205 2786 310 2820; x_wconf 85' lang='lat' dir='ltr'><strong>cata</strong></span> <span class='ocrx_word' id='word_1_364' title='bbox 332 2780 422 2820; x_wconf 91' lang='lat' dir='ltr'><strong>sint</strong></span> <span class='ocrx_word' id='word_1_365' title='bbox 445 2793 551 2820; x_wconf 90' lang='lat' dir='ltr'><strong>vera</strong></span> <span class='ocrx_word' id='word_1_366' title='bbox 573 2785 619 2820; x_wconf 89' lang='lat' dir='ltr'><strong>et</strong></span> <span class='ocrx_word' id='word_1_367' title='bbox 642 2779 761 2819; x_wconf 85' lang='lat' dir='ltr'><strong>bona</strong></span> <span class='ocrx_word' id='word_1_368' title='bbox 779 2777 892 2819; x_wconf 89' lang='lat' dir='ltr'><strong>caeli</strong></span> <span class='ocrx_word' id='word_1_369' title='bbox 915 2784 961 2819; x_wconf 91' lang='lat' dir='ltr'><strong>et</strong></span> <span class='ocrx_word' id='word_1_370' title='bbox 980 2776 1200 2818; x_wconf 88' lang='lat' dir='ltr'><strong>ecclesiae</strong></span> <span class='ocrx_word' id='word_1_371' title='bbox 1222 2777 1265 2816; x_wconf 91' lang='lat' dir='ltr'><strong>in</strong></span> <span class='ocrx_word' id='word_1_372' title='bbox 1284 2778 1406 2817; x_wconf 87' lang='lat' dir='ltr'><strong>omni</strong></span> <span class='ocrx_word' id='word_1_373' title='bbox 1424 2775 1696 2829; x_wconf 89' lang='lat' dir='ltr'><strong>complexu:</strong></span> 
     </span>
     <span class='ocr_line' id='line_1_41' title="bbox 205 2839 1696 2896; baseline -0.003 -13"><span class='ocrx_word' id='word_1_374' title='bbox 205 2848 251 2883; x_wconf 88' lang='lat' dir='ltr'><strong>et</strong></span> <span class='ocrx_word' id='word_1_375' title='bbox 274 2843 376 2896; x_wconf 84' lang='lat' dir='ltr'><strong>quia</strong></span> <span class='ocrx_word' id='word_1_376' title='bbox 394 2842 607 2896; x_wconf 87' lang='lat' dir='ltr'><strong>pleraque</strong></span> <span class='ocrx_word' id='word_1_377' title='bbox 629 2842 673 2882; x_wconf 91' lang='lat' dir='ltr'><strong>in</strong></span> <span class='ocrx_word' id='word_1_378' title='bbox 692 2841 848 2882; x_wconf 89' lang='lat' dir='ltr'><strong>Verbo</strong></span> <span class='ocrx_word' id='word_1_379' title='bbox 871 2842 1008 2882; x_wconf 88' lang='lat' dir='ltr'><strong>etiam</strong></span> <span class='ocrx_word' id='word_1_380' title='bbox 1028 2841 1286 2893; x_wconf 89' lang='lat' dir='ltr'><strong>oppositum</strong></span> <span class='ocrx_word' id='word_1_381' title='bbox 1306 2852 1487 2880; x_wconf 89' lang='lat' dir='ltr'><strong>sensum</strong></span> <span class='ocrx_word' id='word_1_382' title='bbox 1510 2839 1696 2886; x_wconf 87' lang='lat' dir='ltr'><strong>habent,</strong></span> 
     </span>
     <span class='ocr_line' id='line_1_42' title="bbox 205 2901 1697 2959; baseline -0.003 -13"><span class='ocrx_word' id='word_1_383' title='bbox 205 2906 269 2947; x_wconf 87' lang='lat' dir='ltr'><strong>ita</strong></span> <span class='ocrx_word' id='word_1_384' title='bbox 300 2919 476 2959; x_wconf 88' lang='lat' dir='ltr'><strong>quoque</strong></span> <span class='ocrx_word' id='word_1_385' title='bbox 511 2903 820 2955; x_wconf 87' lang='lat' dir='ltr'><strong>“exercitus,”</strong></span> <span class='ocrx_word' id='word_1_386' title='bbox 852 2904 896 2945; x_wconf 89' lang='lat' dir='ltr'><strong>in</strong></span> <span class='ocrx_word' id='word_1_387' title='bbox 929 2917 1017 2958; x_wconf 90' lang='lat' dir='ltr'><strong>quo</strong></span> <span class='ocrx_word' id='word_1_388' title='bbox 1053 2916 1187 2944; x_wconf 89' lang='lat' dir='ltr'><strong>sensu</strong></span> <span class='ocrx_word' id='word_1_389' title='bbox 1220 2901 1475 2956; x_wconf 80' lang='lat' dir='ltr'><strong>significant</strong></span> <span class='ocrx_word' id='word_1_390' title='bbox 1506 2901 1618 2943; x_wconf 87' lang='lat' dir='ltr'><strong>falsa</strong></span> <span class='ocrx_word' id='word_1_391' title='bbox 1649 2908 1697 2943; x_wconf 91' lang='lat' dir='ltr'><strong>et</strong></span> 
     </span>
    </p>
   </div>
   <div class='ocr_carea' id='block_1_17' title="bbox 1904 1241 1962 3334">
    <p class='ocr_par' dir='ltr' id='par_1_24' title="bbox 1904 1241 1962 3334">
     <span class='ocr_line' id='line_1_43' title="bbox 1904 1241 1962 3334; baseline 0 0"><span class='ocrx_word' id='word_1_392' title='bbox 1904 1241 1962 3334; x_wconf 95' lang='lat' dir='ltr'><strong> </strong></span> 
     </span>
    </p>
   </div>
   <div class='ocr_carea' id='block_1_18' title="bbox 1955 932 1962 1120">
    <p class='ocr_par' dir='ltr' id='par_1_25' title="bbox 1955 932 1962 1120">
     <span class='ocr_line' id='line_1_44' title="bbox 1955 932 1962 979; baseline 0 0"><span class='ocrx_word' id='word_1_393' title='bbox 1955 932 1962 979; x_wconf 75' lang='grc' dir='ltr'><strong>ἑ·</strong></span> 
     </span>
     <span class='ocr_line' id='line_1_45' title="bbox 1955 991 1962 1025; baseline 0 0"><span class='ocrx_word' id='word_1_394' title='bbox 1955 991 1962 1025; x_wconf 77' lang='lat'>³.</span> 
     </span>
     <span class='ocr_line' id='line_1_46' title="bbox 1956 1040 1962 1085; baseline 0 0"><span class='ocrx_word' id='word_1_395' title='bbox 1956 1040 1962 1085; x_wconf 75' lang='lat' dir='ltr'><strong>i</strong></span> 
     </span>
     <span class='ocr_line' id='line_1_47' title="bbox 1955 1091 1962 1120; baseline 0 0"><span class='ocrx_word' id='word_1_396' title='bbox 1955 1091 1962 1120; x_wconf 74' lang='grc'><strong>1</strong></span> 
     </span>
    </p>
   </div>
  </div>
 </body>
</html>
