1962 3334
254 254 361 298 1744
664 254 997 288 APOCALYPSIS
1029 257 1329 290 EXPLICATA.

250 367 457 409 omnibus
485 368 740 410 scientificis
767 383 826 410 ex
853 370 1011 423 quibus
1043 371 1372 425 intelligentia:
1410 374 1582 424 “super
1606 371 1740 413 facies

250 432 345 483 agri
378 432 526 481 cades,
556 446 645 473 non
674 432 899 486 colligeris
930 447 1074 487 neque
1102 435 1490 487 congregaberis,”
1517 435 1738 487 significat

248 493 506 546 religiosum
525 495 692 548 absque
716 497 837 536 omni
856 497 1144 538 cohaerentia
1166 504 1212 538 et
1235 498 1547 538 restitutione:
1584 498 1739 538 “ferae

249 562 395 597 terrae
422 563 468 598 et
495 558 565 597 avi
593 557 705 598 caeli
732 558 835 599 dedi
868 566 913 600 te
945 561 988 600 in
1016 560 1193 600 cibum‘'
1220 560 1443 613 significat
1471 574 1738 601 consumen-

248 618 354 659 dum
381 620 438 660 ab
464 619 775 662 affefflonibus
808 628 852 663 et
887 623 1239 675 cogitationibus
1265 623 1388 673 falsi;
1425 627 1511 664 “ut
1545 637 1738 676 cognos-

249 689 355 723 cant
398 696 554 724 omnes
600 684 881 725 habitatores
928 685 1134 738 Aegypti
1179 686 1299 739 quod
1349 686 1452 739 Ego
1496 685 1739 739 Jehovah,”

248 744 472 797 significat
493 753 540 787 ut
568 747 713 788 sciant
740 754 786 788 et
813 748 1000 789 credant
1024 749 1144 802 quod
1167 762 1300 789 omne
1322 763 1476 790 verum
1499 755 1544 789 et
1570 748 1738 789 bonum

249 808 386 848 etiam
413 809 456 849 in
480 809 672 850 naturali
699 810 879 852 homine
899 812 988 852 sint
1012 826 1036 852 a
1060 812 1281 852 Domino:
1319 815 1598 865 “propterea
1619 811 1738 865 quod

249 870 311 911 illi
337 871 498 912 fuerint
522 872 707 913 baculus
729 874 956 914 arundinis
979 875 1131 915 domui
1155 874 1362 915 Israelis”
1385 874 1607 927 significat
1630 873 1739 914 fidu-

247 934 361 974 ciam
385 948 516 987 super
539 936 795 977 scientificis
817 937 1035 977 sensualis
1059 938 1251 978 hominis
1274 952 1386 991 quae
1409 944 1512 978 sunt
1535 937 1736 978 fallaciae

247 996 367 1048 apud
407 996 616 1037 homines
657 998 882 1038 ecclesiae
901 1013 909 1048 ;
955 1009 1058 1046 (quod
1079 1006 1241 1038 “baculus
1263 1009 1454 1038 arundinis·'
1479 1010 1564 1038 illam
1585 1009 1738 1043 fiduciam

247 1066 411 1103 significet,
432 1067 576 1096 videatur
595 1077 700 1105 supra,
716 1078 747 1098 n.
763 1058 896 1109 627[b]
911 1069 932 1106 ;)
971 1063 996 1078 ‘⁴
1010 1059 1193 1111 quando
1232 1064 1478 1099 tenuerunt
1517 1065 1562 1099 te
1601 1053 1755 1098 manu.

247 1117 499 1158 confractus
531 1133 593 1167 es,
627 1126 672 1159 et
706 1120 937 1171 perfodisti
969 1120 1056 1160 illis
1087 1133 1268 1160 omnem
1301 1119 1573 1168 humerum,'’
1599 1121 1737 1172 signi-

247 1179 351 1222 ficat
378 1182 498 1235 quod
531 1195 609 1234 per
640 1182 775 1222 fidem
817 1197 971 1223 eorum
1014 1184 1159 1223 omnis
1192 1184 1399 1235 potentia
1429 1184 1521 1224 veri
1553 1189 1736 1236 pereat;

246 1251 292 1284 et
314 1245 496 1297 quando
518 1246 659 1285 innixi
683 1252 786 1286 sunt
810 1246 904 1294 tibi,
929 1244 1093 1286 fractus
1111 1260 1171 1294 es,
1198 1253 1243 1286 et
1269 1253 1389 1286 stare
1414 1246 1557 1286 fecisti
1581 1259 1737 1286 omnes

249 1306 466 1356 lumbos‚’'
498 1308 721 1361 significat
764 1309 884 1362 quod
926 1322 1004 1361 per
1045 1309 1252 1349 fiduciam
1291 1322 1423 1362 super
1459 1309 1545 1349 illis
1581 1315 1736 1361 pereat

248 1370 438 1412 facultas
465 1372 708 1424 recipiendi
735 1372 903 1412 bonurn
931 1373 1119 1412 amoris:
1157 1376 1301 1413 “ecce
1328 1373 1551 1413 adducam
1579 1378 1739 1412 contra

249 1440 295 1474 te
332 1434 546 1487 gladium,
582 1442 627 1476 et
670 1435 937 1475 exscindam
975 1449 1034 1475 ex
1071 1442 1117 1476 te
1156 1435 1383 1476 hominem
1422 1442 1467 1476 et
1505 1434 1738 1482 bestiam,''

249 1497 471 1550 significat
499 1499 618 1551 quod
646 1498 806 1539 falsum
834 1498 1037 1539 destruet
1064 1512 1245 1539 omnem
1268 1499 1620 1552 intelligentiam
1646 1498 1739 1538 veri

247 1567 292 1601 et
316 1559 600 1602 affefflonem
624 1561 730 1602 boni
759 1561 803 1600 in
830 1561 1021 1601 naturali
1044 1562 1252 1612 homine3
1289 1566 1375 1602 “ut
1398 1562 1475 1603 fiat
1500 1568 1620 1602 terra
1642 1561 1737 1601 Ae-

247 1625 378 1677 gypti
410 1624 610 1664 solitudo
642 1631 688 1665 et
722 1623 953 1673 vastitaS,''
986 1624 1208 1676 significat
1235 1625 1354 1678 quod
1386 1625 1489 1665 inde
1523 1624 1738 1665 naturalis

247 1688 384 1728 homo
403 1688 460 1728 sit
484 1687 652 1740 absque
672 1688 794 1728 omni
812 1701 917 1727 vero
937 1694 982 1728 et
1006 1687 1174 1741 absque
1191 1688 1311 1728 omni
1335 1688 1480 1737 bon0;
1512 1691 1536 1707 ‘⁴
1553 1694 1737 1740 propte-

246 1765 322 1791 rea
339 1751 458 1804 quod
481 1751 613 1799 dixit,
636 1751 818 1790 Fluvius
837 1764 975 1799 meus,
996 1757 1042 1791 et
1061 1765 1148 1803 ego
1170 1750 1291 1799 feci‚''
1309 1750 1531 1803 significat
1555 1757 1739 1803 propter

247 1814 412 1854 fastum
445 1815 651 1866 propriae
682 1814 1041 1866 intelligentiae:
1079 1818 1163 1854 “et
1189 1814 1309 1855 dabo
1339 1821 1505 1854 terram
1533 1813 1738 1867 Aegypti

247 1878 291 1917 in
323 1879 590 1918 vastitatem
622 1892 647 1918 a
680 1878 788 1918 turri
822 1877 997 1918 Sevene
1024 1891 1163 1931 usque
1195 1878 1251 1918 ad
1284 1879 1524 1918 terminum
1552 1877 1738 1925 Cusch,'’

248 1941 472 1994 significat
499 1939 855 1982 destrufflonem
888 1940 1106 1981 ecclesiae
1147 1955 1173 1980 a
1210 1941 1360 1993 primis
1398 1941 1455 1980 ad
1496 1940 1655 1981 ultima
1694 1942 1738 1981 in

248 2004 441 2045 naturali
473 2005 680 2045 homine:
725 2004 894 2044 “urbes
926 2003 1017 2056 ejus
1049 2010 1178 2044 erunt
1211 2003 1407 2044 solitudo
1439 2003 1738 2056 quadraginta

247 2069 375 2108 annis
388 2067 406 2082 ”
428 2067 651 2120 significat
675 2066 940 2108 doctrinalia
962 2081 1021 2107 ex
1045 2067 1177 2107 meris
1203 2066 1322 2107 falsis
1349 2081 1486 2119 usque
1514 2067 1619 2107 dum
1646 2080 1736 2107 non

252 2130 431 2184 aliquod
464 2144 618 2171 verum
650 2131 875 2171 residuum
907 2131 990 2180 sit;
1033 2130 1371 2183 “quadraginta
1402 2129 1537 2170 anni''
1568 2129 1737 2182 signifi-

249 2200 354 2234 cant
386 2194 611 2246 integram
644 2194 877 2246 periodum
909 2194 1177 2233 vastationis
1210 2192 1442 2241 ecclesiae,
1477 2199 1523 2233 et
1560 2206 1736 2246 quoque

247 2257 472 2309 integram
499 2257 786 2297 durationem
812 2257 1131 2297 tentationum.
1193 2255 1245 2296 In
1270 2255 1406 2296 Libro
1433 2255 1626 2296 Secundo
1650 2255 1736 2295 Re-

242 2334 364 2373 gum,

314 2428 333 2441 “
343 2426 377 2458 Si
391 2426 545 2458 confisus
557 2436 595 2457 es
607 2426 668 2457 tibi
683 2436 790 2467 super
801 2426 928 2457 baculo
941 2427 1126 2457 arundinis
1139 2432 1311 2457 contusae
1323 2435 1429 2466 super
1440 2425 1618 2466 Aegypto,
1632 2436 1740 2466 super

423 2480 492 2511 quo
510 2471 539 2501 si
558 2471 682 2502 nititur
698 2471 762 2508 vir,
776 2471 884 2501 intrat
901 2471 936 2501 in
951 2480 1097 2501 manum
1112 2470 1200 2510 ejus,
1213 2476 1248 2501 et
1265 2469 1422 2509 perforat
1439 2470 1536 2500 illam
1550 2481 1556 2501 :
1583 2470 1633 2501 sic
1649 2470 1739 2501 Pha-

423 2524 486 2545 rao
503 2524 565 2545 rex
582 2514 737 2555 Aegypti
751 2515 917 2545 omnibus
934 2514 1195 2545 confidentibus
1213 2513 1249 2544 in
1267 2512 1357 2544 illo”
1374 2513 1483 2553 (xviii.
1501 2513 1575 2553 21):

249 2647 327 2687 per
361 2632 605 2673 “baculum
638 2632 905 2681 arundinis‚’'
931 2646 981 2673 ac
1014 2646 1093 2685 per
1121 2632 1240 2673 “niti
1272 2645 1404 2684 super
1435 2631 1551 2680 illo‚”
1578 2631 1737 2672 similia

249 2710 362 2750 quae
409 2709 517 2736 mox
569 2709 702 2748 supra
752 2695 1075 2748 significantur.
1151 2695 1262 2736 Inde
1309 2696 1446 2735 etiam
1491 2694 1736 2748 Aegyptus

248 2766 435 2801 vocatur
457 2759 574 2812 apud
599 2759 831 2807 Davidem,

316 2865 405 2897 Fera
423 2865 618 2951 aruffiginqis
636 2865 868 2949 ccffgregatio
888 2865 1045 2903 fortium,
1063 2874 1151 2906 quae
1169 2864 1340 2904 dispergit
1360 2863 1512 2904 populos
1537 2863 1608 2901 (Ps.
1626 2863 1736 2895 lxviii.

424 2917 463 2948 31
536 2933 543 2940 .
595 2933 601 2940 .
617 2917 659 2947 30
703 2920 709 2941 :
