1962 3334
254 301 363 344 1390
651 301 654 304 ’
665 301 999 336 APOCALYPSIS
1031 304 1329 337 EXPLICATA.

247 427 326 467 per
350 415 461 456 haec
484 415 527 456 in
554 429 687 457 sensu
710 416 928 469 spirituali
949 417 1218 472 intelligitur
1243 419 1363 473 quod
1385 419 1564 461 deficiet
1587 434 1739 463 verum

245 491 305 518 cx
330 478 462 528 bono,
487 492 575 532 quo
601 479 891 532 spiritualiter
913 481 1179 531 nutriantur,
1206 483 1371 535 “panis
1385 482 1404 498 ’'
1426 484 1545 523 enim
1571 484 1739 537 signifi-

208 570 221 588 ,
246 547 320 582 cat
339 554 521 582 omnem
539 542 687 583 cibum
710 543 1001 595 spiritualem,
1020 558 1108 598 quo
1131 545 1267 586 homo
1285 545 1501 586 ecclesiae
1521 548 1713 587 nutritur
1730 562 1739 597 ;

244 610 291 645 et
315 618 393 656 per
417 604 663 645 “mulieres
679 605 697 620 ’'
720 605 1030 658 significantur
1052 608 1124 661 qui
1146 608 1203 648 ab
1225 608 1416 649 ecclesia
1438 609 1481 649 in
1504 607 1738 650 affectione

243 668 335 707 veri
361 673 490 708 sunt:
525 668 644 721 quod
673 669 870 709 “decem
897 669 1105 711 mulieres
1132 678 1328 724 coquent
1356 685 1518 724 panem
1546 672 1590 712 in
1612 671 1739 713 furno

243 729 366 770 uno''
398 730 621 783 significat
653 731 774 784 quod
810 732 1065 785 indagaturi
1096 747 1250 774 verum
1289 734 1409 787 quod
1441 734 1741 788 conjungatur

242 792 377 841 bono,
411 793 490 833 sed
527 793 647 846 quod
684 807 775 835 non
814 794 1037 836 inventuri
1069 796 1150 836 nisi
1188 810 1438 849 perparum,
1474 798 1739 851 “coquere”

243 857 362 896 enim
400 855 622 909 significat
659 870 925 910 praeparare
963 865 1009 900 et
1046 859 1318 913 conjungere
1356 866 1405 901 ut
1442 861 1607 903 serviat
1643 863 1738 903 usui

240 920 386 959 vitae:
427 919 625 960 “referre
659 933 823 972 panem
854 921 898 961 in
931 922 1130 974 pondere
1143 923 1162 938 ''
1188 922 1412 976 significat
1444 924 1564 977 quod
1590 938 1737 966 rarum

240 983 327 1032 sit;
369 996 420 1022 ac
455 983 729 1024 “comedere
766 989 813 1024 et
851 997 941 1024 non
978 986 1129 1026 satiari
1144 985 1162 1000 ''
1194 985 1417 1039 significat
1449 987 1552 1040 quia
1582 1001 1736 1030 verum

240 1059 300 1085 ex
339 1045 459 1086 bono
497 1052 590 1086 tam
629 1059 820 1098 paucum
857 1053 903 1088 et
944 1061 1091 1089 rarum
1128 1055 1197 1089 est
1238 1049 1357 1102 quod
1394 1050 1471 1090 vix
1509 1063 1736 1092 cessurum

241 1107 371 1148 alicui
394 1109 627 1149 nutritioni
653 1122 734 1162 pro
760 1110 922 1150 anima.
983 1110 1122 1164 Apud
1148 1113 1356 1162 eundem,

306 1197 416 1229 “Non
441 1198 507 1229 erit
527 1199 637 1230 vestis
657 1199 724 1230 viri
749 1210 856 1240 super
875 1199 1033 1239 muliere,
1055 1211 1168 1242 neque
1194 1202 1317 1233 induet
1336 1202 1390 1233 vir
1409 1208 1545 1234 vestem
1567 1204 1735 1243 mulieris,

414 1251 496 1273 nam
514 1243 733 1274 abominatio
746 1243 906 1285 Jehovae
925 1244 991 1276 Dei
1009 1245 1058 1276 tui
1076 1245 1232 1286 quisquis
1250 1245 1384 1278 faciens
1401 1246 1490 1278 i11a¹’
1504 1246 1639 1287 (Deutr.
1653 1249 1735 1281 xxii.

415 1285 468 1325 5):

238 1387 317 1426 per
337 1374 607 1416 “virum'’et
628 1375 720 1428 ejus
734 1382 909 1417 vestem
928 1376 1204 1430 significatur
1218 1391 1387 1427 verum,
1403 1391 1453 1419 ac
1472 1391 1551 1432 per
1566 1379 1733 1420 “muli-

237 1450 359 1478 erem
372 1436 392 1452 ’'
407 1444 452 1478 et
468 1437 560 1490 ejus
574 1446 750 1480 vestem
766 1438 1044 1492 significatur
1058 1439 1233 1482 affectio
1247 1442 1339 1482 veri
1356 1455 1365 1493 ;
1393 1442 1504 1483 haec
1521 1441 1733 1484 distincta

238 1507 342 1540 sunt
392 1501 510 1553 apud
557 1503 898 1555 unumquemvis
944 1502 1173 1544 hominem
1220 1505 1335 1545 sicut
1383 1504 1642 1546 intellectus
1686 1513 1733 1547 et

236 1562 462 1612 voluntas,
486 1577 563 1604 seu
589 1565 703 1605 sicut
727 1565 947 1618 cogitatio
969 1579 1082 1619 quae
1109 1573 1178 1607 est
1202 1565 1459 1608 intellectus
1483 1574 1529 1609 et
1555 1567 1733 1610 affectio
1759 1571 1762 1574 ’

237 1639 351 1679 quae
384 1630 454 1667 est
480 1626 756 1678 voluntatis;
793 1642 907 1681 quae
940 1629 1021 1669 nisi
1054 1628 1268 1670 distincta
1299 1637 1454 1672 essent
1486 1631 1731 1673 confunde-

236 1695 390 1729 rentur
427 1703 577 1738 sexus,
617 1697 663 1731 et
702 1704 791 1731 non
831 1691 1012 1732 daretur
1046 1691 1315 1746 conjugium,
1354 1694 1398 1733 in
1436 1706 1524 1747 quo
1559 1694 1626 1735 vir
1661 1701 1731 1736 est

235 1765 388 1792 verum
416 1753 536 1806 quod
564 1754 869 1806 cogitationis,
897 1761 943 1795 et
971 1755 1128 1796 mulier
1154 1755 1343 1797 affectio.

318 1812 398 1866 [6.]
443 1813 579 1866 Quod
603 1821 808 1868 uterque,
832 1816 900 1855 vir
921 1822 967 1856 et
991 1816 1165 1865 mulier,
1189 1818 1254 1858 ita
1276 1818 1420 1859 creati
1442 1818 1548 1868 sint,
1567 1824 1616 1860 ut
1639 1819 1729 1860 duo

234 1875 324 1916 sint
347 1883 392 1916 et
419 1881 572 1916 tamen
600 1890 751 1926 unum,
780 1884 961 1918 constat
989 1893 1047 1919 ex
1074 1878 1210 1919 Libro
1239 1879 1463 1929 Geneseos,
1486 1881 1530 1921 in
1557 1894 1646 1935 quo
1673 1881 1728 1923 de

234 1939 463 1979 creatione
490 1939 719 1992 utriusque
745 1940 856 1981 haec
884 1941 1106 1990 dicuntur,

299 2028 318 2041 “
329 2027 373 2060 Et
390 2029 522 2059 creavit
542 2028 637 2060 Deus
654 2029 838 2061 hominem
859 2030 894 2061 in
912 2030 1105 2070 imaginem
1129 2031 1255 2072 Ipsius,
1274 2032 1309 2063 in
1331 2033 1524 2073 imaginem
1546 2033 1612 2065 Dei
1632 2043 1729 2066 crea-

407 2072 457 2102 vit
475 2070 618 2111 [¹]illum,
633 2073 829 2104 masculum
847 2080 882 2105 et
898 2073 1069 2106 feminam
1087 2076 1219 2107 creavit
1236 2076 1316 2108 illos
1328 2075 1346 2087 ''
1363 2076 1458 2116 (Gen.
1476 2077 1497 2109 i.
1515 2084 1577 2116 27;
1602 2087 1677 2119 cap.
1694 2088 1728 2111 v,

407 2115 461 2155 2);

231 2197 277 2232 et
304 2197 478 2243 postea,

297 2269 424 2300 “Dixit
443 2269 562 2307 homo,
583 2268 660 2300 Hac
678 2269 753 2300 vice
771 2279 812 2301 os
829 2269 872 2301 de
890 2269 1031 2302 ossibus
1049 2271 1148 2309 meis,
1163 2277 1197 2302 et
1214 2280 1296 2302 caro
1313 2272 1356 2303 de
1374 2282 1479 2304 carne
1496 2282 1597 2311 mea;
1619 2283 1726 2314 prop-

405 2319 460 2344 ter
478 2313 546 2343 hoc
566 2313 750 2344 vocabitur
770 2323 869 2352 uxor,
890 2315 973 2364 quia
991 2324 1035 2345 ex
1055 2314 1131 2345 viro
1152 2321 1293 2355 sumpta
1312 2322 1385 2347 est:
1412 2322 1601 2357 propterea
1620 2317 1727 2348 relin-

404 2362 487 2397 quet
507 2356 562 2387 vir
581 2362 717 2396 patrem
738 2367 841 2388 suum
862 2363 897 2388 et
920 2364 1070 2390 matrem
1091 2368 1202 2397 suam,
1223 2366 1258 2390 et
1276 2359 1483 2391 adhaerebit
1506 2361 1608 2392 uxori
1628 2370 1724 2399 suae,

404 2406 440 2431 et
459 2406 564 2431 erunt
580 2401 616 2431 in
634 2410 778 2432 carnem
795 2411 904 2432 unam
920 2401 938 2413 '’
955 2402 1051 2441 (Gen.
1069 2402 1102 2434 ii.
1122 2410 1172 2441 23,
1191 2410 1252 2441 24;
1278 2404 1389 2434 Marc.
1408 2413 1440 2435 x.
1458 2403 1555 2444 6-9):

228 2502 307 2542 per
335 2488 630 2529 “hominem''
656 2489 714 2530 ibi
745 2489 1014 2543 intelligitur
1045 2490 1236 2531 ecclesia
1267 2492 1311 2531 in
1344 2492 1570 2533 communi
1601 2498 1647 2534 et
1678 2493 1722 2534 in

227 2551 511 2605 particulari;
544 2551 736 2592 ecclesia
761 2553 805 2592 in
832 2552 1088 2606 particulari
1121 2559 1189 2594 est
1221 2554 1358 2595 homo
1385 2554 1617 2604 ecclesiae,
1644 2569 1724 2596 seu

227 2617 363 2656 homo
390 2616 432 2655 in
465 2629 553 2669 quo
585 2615 800 2656 ecclesia:
843 2617 963 2670 quod
991 2617 1152 2658 “Deus
1179 2619 1397 2659 creaverit
1423 2619 1651 2659 hominem
1677 2620 1721 2660 in

198 2674 468 2731 ’imaginem
503 2679 645 2732 Ipsius
658 2679 676 2694 ”
707 2679 931 2733 signifieat
962 2681 1082 2734 quod
1113 2682 1157 2721 in
1189 2682 1430 2734 imaginem
1463 2682 1601 2733 caeli;
1644 2696 1723 2735 per

228 2746 252 2761 ‘⁶
268 2741 445 2781 Deum”
467 2743 599 2790 enim,
623 2756 701 2783 seu
728 2743 989 2792 “Elohim,”
1012 2743 1057 2784 z‘n
1077 2743 1265 2797 plurali,
1289 2745 1567 2797 significatur
1593 2745 1719 2786 Divi-

226 2817 331 2843 num
358 2805 609 2856 procedens
634 2806 754 2858 quod
781 2806 885 2847 facit
912 2806 1101 2856 caelum,
1130 2813 1175 2848 et
1208 2807 1344 2848 homo
1370 2809 1444 2861 qui
1475 2814 1545 2849 est
1571 2807 1718 2849 eccle-

225 2867 290 2906 sia
311 2874 380 2907 est
403 2867 577 2908 caelum
600 2869 643 2908 in
666 2869 850 2909 minima
867 2868 1021 2918 forma,
1041 2883 1144 2910 nam
1163 2871 1487 2923 correspondet
1511 2871 1718 2912 omnibus

224 2928 341 2968 caeli
367 2938 526 2978 (videatur
537 2939 569 2968 in
585 2948 680 2978 opere
695 2941 744 2969 De
763 2941 853 2970 Caelo
867 2944 897 2970 et
909 2942 1044 2980 lnferno,
1058 2950 1088 2971 n.
1105 2950 1194 2978 7—12,
1211 2943 1325 2980 51—58)
1343 2945 1351 2972 :
1389 2945 1469 2985 per
1497 2936 1522 2953 ‘⁶
1536 2945 1715 2974 mascu-
