1962 3334
303 249 317 278 1
327 238 407 289 848
712 246 1044 280 APOCALYPSIS
1075 248 1374 280 EXPLICATA.

297 366 456 401 contra
479 360 649 401 inferna
673 367 719 401 et
746 361 824 401 dat
845 362 1135 402 securitatem
1155 375 1163 402 :
1201 363 1343 403 “vitis
1367 362 1492 404 dabit
1515 362 1718 412 fructum,
1742 370 1789 405 et

297 429 416 463 terra
450 423 759 475 proventum,'’
792 423 1017 476 significat
1058 425 1178 477 quod
1210 423 1387 466 affectio
1424 426 1516 466 veri
1549 426 1790 478 spiritualis

297 486 515 538 producet
553 486 722 526 bonum
760 487 1008 535 charitatis,
1048 494 1094 528 et
1132 486 1309 528 affectio
1346 488 1452 528 boni
1493 495 1539 529 et
1581 489 1672 529 veri
1709 502 1788 529 na·
1846 539 1848 541 Ι

297 549 453 589 turalis
477 549 695 601 producet
719 563 855 602 opera
878 550 1137 600 charitatis;
1169 550 1339 591 “vitis'’
1357 550 1581 604 significat
1604 551 1789 592 ecclesi·

293 615 368 651 ‘am
395 612 542 665 quoad
570 610 852 652 affecfflonem
880 614 970 653 veri
1003 613 1295 665 spiritualem,
1327 617 1486 654 “terra
1504 612 1523 629 ‘’
1550 613 1789 654 ecclesiam

296 675 444 728 quoad
463 674 746 715 affectionem
765 677 856 716 veri
875 677 1167 724 naturalem,’'
1185 676 1351 718 fructus
1367 677 1385 692 ’⁹
1403 677 1570 718 bonum
1594 678 1789 718 charita-

296 738 368 786 tis,
393 744 440 778 et
458 738 774 790 “proventus”
789 752 925 791 opera
942 739 1057 779 illius
1076 740 1207 780 boni:
1240 740 1393 780 “caeli
1417 740 1589 781 dabunt
1612 754 1758 781 rorem
1771 741 1790 756 ’‘

296 800 520 853 significat
547 801 624 841 illa
647 815 705 841 ex
729 801 898 841 influxu
922 815 1000 854 per
1022 802 1196 842 caelum
1219 817 1245 843 a
1271 803 1482 843 Domino.
1542 803 1680 856 Apud
1704 803 1788 852 Jo-

298 863 499 913 hannem,

363 962 522 994 “Tollite
546 963 667 995 oculos
692 970 842 1001 vestros,
868 970 903 995 et
927 962 1085 1004 spectate
1110 974 1226 1004 agros,
1253 965 1346 1004 quod
1370 964 1441 995 albi
1467 965 1539 996 sint
1565 965 1610 996 ad
1634 975 1790 996 messem

469 1006 543 1047 jam
563 1007 657 1047 jam;
683 1014 718 1038 et
742 1008 800 1048 qui
825 1008 926 1039 metit
947 1008 1147 1039 mercedem
1165 1008 1322 1048 accipiet,
1337 1014 1372 1039 et
1396 1008 1541 1048 colliget
1566 1007 1719 1041 fructum
1745 1010 1790 1040 ad

472 1051 580 1081 vitam
601 1058 795 1089 aeternam,
817 1057 854 1082 ut
879 1052 937 1092 qui
963 1051 1116 1082 seminat
1135 1052 1240 1082 simul
1260 1052 1413 1091 gaudeat
1437 1058 1472 1083 et
1496 1052 1554 1093 qui
1580 1051 1709 1084 metit'’
1730 1051 1788 1092 (iv.

471 1102 522 1133 35,
538 1095 612 1134 36)=

296 1193 407 1233 haec
435 1193 573 1233 etiam
600 1193 655 1233 de
689 1207 806 1233 nova
832 1193 1024 1233 66616513
1056 1207 1081 1233 3
1114 1193 1339 1244 Domino;
1374 1193 1494 1246 quod
1526 1192 1603 1233 illa
1634 1193 1786 1241 instet,

297 1254 573 1308 significatur
599 1270 677 1308 per
702 1259 874 1308 “agros
897 1257 969 1309 qui
997 1256 1086 1296 albi
1110 1262 1215 1296 sunt
1238 1256 1294 1296 ad
1318 1269 1510 1296 messem
1533 1255 1625 1307 jam
1647 1255 1738 1308 jam
1756 1252 1789 1306 ;'’

295 1319 358 1359 illi
389 1320 461 1372 qui
493 1319 550 1359 ab
581 1333 634 1360 ea
665 1319 855 1359 66616513
886 1320 929 1359 in
961 1318 1196 1360 affectione
1222 1320 1314 1360 veri
1346 1319 1564 1371 spirituali
1590 1325 1708 1368 sunt,
1743 1326 1789 1360 et

296 1382 399 1422 inde
425 1383 468 1422 in
492 1382 632 1430 caelo,
658 1382 974 1435 intelliguntur
996 1396 1075 1435 per
1100 1383 1211 1435 “qui
1237 1383 1368 1422 metit
1392 1382 1648 1422 mercedem
1671 1382 1788 1422 acci-

297 1445 403 1498 piet,
431 1451 477 1485 et
504 1445 690 1497 colliget
717 1443 904 1485 fructum
932 1445 975 1484 in
1002 1446 1143 1485 vitam
1168 1451 1401 1485 aeternam
1421 1444 1454 1495 ;”
1486 1451 1532 1485 et
1560 1445 1662 1496 Ipse
1691 1444 1788 1485 Do·-

297 1508 442 1548 minus
478 1522 504 1548 a
540 1522 628 1561 quo
659 1507 736 1547 illa
767 1506 943 1548 affec‘tio
975 1508 1067 1548 veri
1104 1515 1150 1547 et
1187 1507 1376 1555 caelum,
1411 1507 1679 1560 intelligitur
1710 1520 1789 1560 per

299 1572 411 1624 “qui
437 1572 629 1611 seminat
656 1571 785 1611 simul
813 1571 1046 1624 gaudeat.'’
1106 1570 1245 1623 Apud
1272 1570 1532 1619 Jeremz'am,

362 1668 381 1682 “
393 1667 525 1699 Rachel
542 1667 734 1707 deplorans
752 1667 844 1698 filios
862 1677 956 1704 suos,
972 1667 1088 1698 renuit
1105 1667 1389 1697 consolationem
1407 1667 1566 1706 accipere
1584 1677 1690 1707 super
1706 1666 1788 1698 filiis

471 1712 554 1749 suis,
568 1721 610 1742 eo
628 1711 721 1751 quod
739 1721 810 1741 non
826 1710 918 1741 ullus
933 1720 939 1747 ;
966 1711 1043 1741 sed.
1059 1735 1066 1742 .
1081 1735 1087 1741 .
1103 1710 1239 1741 ‚inhibe
1253 1720 1378 1741 vocem
1396 1717 1492 1741 tuam
1510 1720 1531 1741 a
1547 1710 1641 1747 fletu,
1656 1717 1691 1742 et
1708 1720 1789 1741 ocu-

472 1756 526 1786 los
540 1762 620 1786 tuos
631 1765 652 1784 a
666 1754 857 1794 lachryma,
871 1754 952 1794 quia
965 1761 1019 1785 est
1033 1764 1168 1784 merces
1181 1753 1292 1784 labori
1307 1760 1395 1792 tuo„
1411 1779 1417 1785 .
1432 1778 1439 1785 .
1454 1763 1552 1785 ‚nam
1568 1760 1790 1785 revertentur

471 1809 491 1830 e
508 1805 601 1830 terra
618 1798 734 1829 hostis
750 1807 755 1834 ;
777 1803 900 1838 estque
918 1807 1001 1837 spes
1019 1797 1234 1828 extremitati
1253 1804 1359 1835 tuae„
1375 1807 1472 1828 ‚nam
1492 1803 1715 1828 revertentur
1726 1797 1788 1828 filii

471 1843 507 1873 in
528 1842 719 1873 terminum
738 1851 840 1873 suum
853 1841 869 1852 ''
888 1841 994 1879 (xxxi.
1016 1849 1140 1879 15—17;
1166 1841 1294 1872 Mattlz.
1314 1840 1347 1872 ii.
1368 1842 1439 1881 18):

297 1946 417 2000 quod
450 1958 528 1998 per
553 1945 664 1985 haec
692 1943 1007 1996 intelligantur
1033 1942 1227 1983 infantes
1254 1943 1376 1995 pueri
1403 1943 1446 1982 in
1474 1942 1785 1989 Bethlechem‚

297 2010 371 2063 qui
408 2023 466 2049 ex
499 2008 718 2048 mandato
752 2006 947 2046 Herodis
980 2006 1115 2046 occisi
1147 2012 1266 2053 sunt,
1301 2012 1483 2046 constat
1515 2005 1633 2057 apud
1663 2005 1787 2045 Mat-

297 2072 486 2119 thaeum,
506 2072 549 2111 in
569 2071 670 2111 loco
689 2071 829 2110 citato
848 2083 855 2119 ;
890 2069 968 2109 sed
987 2069 1091 2121 quid
1115 2082 1192 2120 per
1209 2069 1252 2108 id
1276 2067 1576 2121 significatum
1594 2075 1677 2116 est,
1698 2081 1788 2108 non

297 2135 442 2176 adhuc
470 2141 539 2175 est
567 2141 750 2174 notum:
786 2132 1088 2185 significatum
1115 2138 1184 2172 est
1211 2132 1331 2184 quod
1364 2145 1464 2171 cum
1493 2132 1712 2172 Dominus
1744 2132 1788 2171 in

298 2199 513 2239 mundum
544 2198 683 2245 venit,
718 2209 808 2236 non
847 2195 1027 2248 aliquod
1060 2207 1215 2234 verum
1247 2195 1478 2247 spirituale
1505 2200 1785 2246 superesset3

296 2276 375 2315 per
417 2260 693 2301 Rachaelem
734 2259 852 2298 enim
890 2264 1231 2310 repraesentata
1269 2264 1337 2298 est
1379 2257 1570 2297 ecclesia
1610 2258 1787 2297 interna

297 2324 552 2378 spiritualis,
593 2330 638 2364 et
681 2336 759 2374 per
801 2322 942 2362 Leam
980 2320 1173 2361 ecclesia
1210 2327 1403 2360 externa
1441 2320 1669 2367 naturalis,
1709 2333 1788 2372 per

297 2388 596 2430 Bethlechem
619 2384 862 2438 spirituale,
888 2390 933 2424 et
961 2397 1038 2436 per
1065 2397 1226 2436 pueros
1252 2384 1325 2436 qui
1352 2383 1486 2423 occisi
1508 2389 1611 2423 sunt
1634 2395 1787 2422 verum

297 2467 357 2494 ex
389 2451 466 2492 illa
492 2450 690 2501 origine;
724 2447 843 2500 quod
870 2460 960 2486 non
993 2446 1183 2498 amplius
1216 2452 1470 2498 superesset
1498 2445 1678 2498 aliquod
1710 2459 1787 2485 ve—

296 2527 395 2556 rum
432 2511 676 2566 spirituale,
711 2509 988 2563 significatur
1026 2523 1104 2562 per
1141 2509 1260 2562 quod
1296 2508 1508 2548 “Rachel
1546 2507 1787 2560 deplorans

297 2578 425 2625 filios,
458 2581 617 2616 renuat
655 2572 1015 2614 consolationem
1049 2572 1252 2624 accipere
1290 2585 1422 2623 super
1463 2570 1560 2610 filiis
1597 2571 1699 2617 suis,
1733 2583 1788 2610 eo

297 2640 417 2695 quod
450 2652 539 2679 non
572 2636 737 2677 ullus:''
770 2636 888 2689 quod
922 2636 1113 2688 posthac
1141 2648 1230 2675 non
1258 2634 1387 2674 dolor
1418 2634 1499 2674 erit
1532 2640 1784 2686 propterea,

297 2705 398 2758 quia
425 2708 557 2743 natus
584 2707 653 2740 est
688 2700 908 2740 Dominus
935 2713 960 2739 a
986 2713 1074 2751 quo
1101 2712 1219 2738 nova
1245 2697 1437 2738 ecclesia
1462 2710 1575 2750 quae
1602 2697 1644 2736 in
1671 2696 1786 2736 veris

297 2782 356 2808 ex
384 2763 618 2807 affeffione
642 2762 857 2815 spirituali
885 2762 982 2810 erit,
1008 2760 1284 2814 significatur
1306 2773 1384 2812 per
1409 2759 1604 2800 “Inhibe
1627 2772 1785 2799 vocem

297 2845 323 2871 a
349 2830 457 2870 fletu
484 2834 530 2869 et
554 2827 709 2867 oculos
737 2833 839 2866 tuos
871 2839 897 2865 a
929 2824 1177 2876 lachryma,
1206 2824 1308 2877 quia
1339 2829 1409 2863 est
1441 2836 1613 2863 merces
1645 2822 1786 2862 labori

297 2898 402 2943 tuo;
435 2904 514 2944 per
531 2888 825 2930 “mercedem
846 2888 989 2942 Ipsius
1002 2887 1019 2901 ”
1038 2885 1314 2940 significatur
1333 2885 1507 2926 caelum
1526 2885 1612 2925 illis
1634 2884 1707 2938 qui
1729 2883 1786 2924 ab

435 2947 461 2981 Q
