1962 3334
318 269 424 322 1576
726 279 1057 314 APOCALYPSIS
1089 281 1389 316 EXPLICATA.

311 391 623 444 significantur
649 393 820 434 inferna
846 394 919 434 ubi
952 394 1173 436 dirissima
1204 395 1330 445 falsa,
1359 395 1517 450 quibus
1549 397 1800 439 circumsti-

311 461 470 507 patus;
504 456 691 508 proinde
714 462 893 497 atroces
921 459 1203 498 tentationes
1222 453 1245 508 ;’
1265 465 1312 499 ut
1345 465 1556 500 constare
1588 466 1743 513 potest
1774 474 1801 502 a

311 517 579 570 prophetico
603 518 745 571 Jonae
771 520 815 559 in
842 534 896 560 eo
919 521 1082 573 capite,
1108 521 1180 561 ubi
1207 522 1345 562 etiam
1372 522 1549 571 dicitur,

377 606 434 637 “E
451 607 722 692 veffigtreqinfffirni
739 608 957 640 vociferatus
971 619 1060 646 sum.
1075 615 1111 641 et
1127 610 1344 642 exaudivisti
1358 621 1485 642 vocem
1504 621 1622 643 meam
1635 611 1654 624 ’'
1665 611 1770 652 (vers.
1783 620 1802 652 3

541 675 548 682 .
602 675 609 682 .
626 659 643 682 2
678 676 685 683 .

395 743 478 797 [b.]
521 744 696 785 Similia
726 760 841 799 quae
872 760 952 800 per
976 747 1260 788 “ventrem‘’
1282 749 1421 789 etiam
1453 762 1531 801 per
1558 748 1802 790 “viscera''

310 805 634 858 significantur,
655 813 703 847 ut
726 814 938 848 constare
961 815 1115 862 potest
1135 823 1195 850 ex
1213 809 1506 863 sequentibus
1523 810 1592 850 his
1608 810 1719 851 locis
1735 824 1805 851 :—-

311 867 451 922 Apud
474 868 678 919 Esaiam,

378 958 555 990 “Viscera
572 969 652 990 mea
669 965 815 1000 propter
834 960 1005 991 Moabum
1028 961 1120 992 sicut
1144 961 1281 993 cithara
1305 967 1591 1001 commoventur,
1608 967 1644 994 et
1667 962 1804 994 intesti-

487 1012 572 1033 num
593 1013 713 1034 meum
733 1010 880 1044 propter
901 1003 967 1035 Kir
984 1004 1150 1036 Cheres”
1170 1005 1252 1044 (xvi.
1273 1006 1345 1045 11);

311 1077 430 1131 apud
457 1077 689 1128 Davidem,

377 1154 396 1167 ‘⁴
410 1153 575 1193 Benedic‚
594 1154 718 1186 anima
743 1165 835 1193 mea,
849 1154 1030 1196 Jehovae;
1055 1161 1092 1187 et
1116 1156 1241 1187 omnia
1257 1156 1396 1188 viscera
1416 1166 1497 1188 mea
1516 1156 1654 1188 nomini
1672 1155 1805 1189 53ῃᾶὶί-

485 1198 569 1229 tatis
589 1198 706 1238 Ipsius
718 1198 736 1210 ''
757 1199 828 1238 (Ps.
842 1199 910 1230 ciii.
927 1199 957 1239 1)
973 1209 979 1237 ;

312 1274 431 1327 apud
458 1275 665 1324 eundem,

378 1352 399 1365 ⁴⁴
413 1350 542 1382 Facere
554 1351 779 1383 voluntatem
798 1357 907 1389 tuam,
928 1351 1026 1384 Deus
1044 1352 1104 1390 mi,
1116 1352 1329 1390 desideravi,
1347 1358 1382 1384 et
1400 1352 1459 1384 lex
1477 1358 1539 1384 tua
1559 1352 1595 1384 in
1610 1352 1805 1384 visceribus

486 1394 605 1426 meis''
622 1395 694 1435 (Ps.
710 1395 755 1427 xl.
770 1406 790 1436 9
810 1393 867 1437 [B.
881 1397 926 1427 A.
942 1396 974 1435 8)
989 1405 995 1434 ;

311 1472 430 1526 apud
456 1471 740 1521 Ezechielem,

378 1548 609 1588 “Argentum
628 1558 751 1579 eorum
770 1554 805 1580 et
826 1558 952 1579 aurum
973 1558 1098 1579 eorum
1119 1558 1191 1579 non
1213 1548 1346 1588 poterit
1365 1548 1503 1588 eripere
1520 1558 1582 1579 eos
1600 1547 1635 1578 in
1655 1547 1714 1579 die
1732 1547 1804 1578 irae

485 1592 654 1634 Jehovae,
673 1593 832 1623 animam
858 1601 985 1623 eorum
1012 1602 1085 1623 non
1112 1593 1334 1630 saturabunt,
1359 1598 1394 1623 et
1418 1592 1558 1623 viscera
1581 1601 1705 1623 eorum
1729 1601 1803 1622 non

485 1635 714 1676 implebunt'’
735 1636 807 1675 (vii.
828 1637 901 1676 19):

311 1742 390 1782 per
418 1728 730 1782 “argentum''
757 1735 803 1769 et
834 1732 1027 1768 “aurum
1045 1727 1064 1743 ’'
1090 1741 1244 1769 eorum
1277 1727 1588 1781 significantur
1613 1726 1725 1769 salsa
1755 1733 1805 1768 et

311 1791 430 1832 mala
456 1791 686 1845 religionis
710 1806 824 1845 quae
852 1805 911 1831 ex
938 1792 1118 1844 propria
1140 1791 1447 1844 intelligentia
1469 1798 1515 1831 et
1542 1805 1601 1831 ex
1624 1790 1803 1844 propria

310 1854 576 1905 voluntate;
610 1855 729 1908 quod
757 1869 816 1895 ex
840 1854 927 1895 illis
954 1868 1044 1894 non
1067 1854 1216 1907 aliqua
1243 1855 1433 1895 nutritio
1456 1853 1698 1907 spiritualis
1724 1867 1802 1893 seu

310 1917 616 1971 intelligentia
648 1924 693 1958 et
731 1916 907 1958 affectio
939 1917 1060 1965 boni,
1090 1916 1371 1969 significatur
1403 1931 1481 1970 per
1512 1917 1631 1970 quod
1667 1916 1800 1956 “ani-

310 1995 430 2023 mam
458 1995 611 2023 eorum
638 1995 728 2021 non
755 1981 1041 2029 saturabunt,
1070 1987 1116 2021 et
1143 1981 1316 2037 viscera
1344 1993 1496 2020 eorum
1524 1993 1613 2020 non
1640 1978 1801 2032 imple-

309 2045 462 2086 bunt.’'
508 2044 732 2098 Quoniam
755 2058 834 2098 per
856 2043 1101 2084 “viscera”
1119 2042 1430 2096 significantur
1447 2043 1660 2083 interiora
1677 2042 1800 2094 cogi-

310 2108 512 2156 tationis,
541 2115 586 2148 et
619 2108 731 2148 haec
764 2113 868 2148 sunt
901 2121 1017 2160 quae
1050 2106 1206 2147 dolore
1238 2105 1507 2153 afficiuntur,
1539 2105 1642 2145 ideo
1673 2104 1802 2145 dolor

309 2171 385 2212 ille
412 2172 680 2224 exprimitur
706 2171 750 2210 in
774 2170 929 2211 Verbo
958 2183 1037 2223 per
1064 2169 1378 2210 “commoveri
1404 2167 1679 2208 visceribus”

375 2266 438 2307 (Ut
457 2267 555 2298 Esai.
576 2267 659 2298 lxiii.
677 2274 735 2305 15:
765 2267 890 2308 Jerem.
908 2265 1002 2297 xxxi.
1021 2274 1082 2297 20:
1116 2265 1239 2297 Thren.
1258 2265 1279 2296 i.
1297 2273 1359 2296 20:
1386 2264 1516 2295 M'attlz.
1536 2264 1581 2295 ix.
1603 2263 1663 2302 36:
1689 2263 1801 2295 Marc.

485 2311 529 2342 vi.
545 2319 605 2349 34;
627 2320 702 2351 cap.
717 2310 788 2342 viii.
801 2318 818 2341 2
834 2321 841 2342 ;
874 2310 957 2341 Luc.
975 2309 995 2341 i.
1012 2310 1052 2348 78
1068 2318 1075 2348 ;
1107 2319 1182 2349 cap.
1201 2308 1261 2340 vii.
1278 2317 1326 2346 12,
1344 2316 1382 2347 13
1398 2317 1404 2346 ;
1437 2317 1511 2348 cap.
1526 2317 1558 2339 x.
1572 2315 1624 2346 33,
1638 2315 1680 2346 34
1696 2316 1705 2348 ;
1727 2316 1802 2348 cap.

483 2364 539 2386 XV.
559 2355 623 2394 20).

311 2440 538 2494 Quoniam
565 2455 642 2494 per
671 2445 916 2481 “ventrem
929 2439 949 2455 ”
978 2439 1290 2493 significantur
1315 2439 1530 2479 interiora
1555 2438 1800 2491 cogitatio-

310 2506 378 2545 nis
409 2518 487 2545 seu
524 2502 802 2551 intellectuS,
837 2504 940 2544 ideo
977 2517 1056 2556 per
1089 2500 1316 2543 “fructum
1349 2502 1520 2542 ventris
1535 2501 1554 2516 '’
1586 2502 1630 2541 in
1667 2514 1801 2541 sensu

312 2567 531 2621 spirituali
555 2566 867 2620 significantur
889 2566 1012 2606 bona
1034 2563 1307 2614 intellectus,
1327 2571 1373 2605 et
1396 2578 1475 2618 per
1495 2563 1646 2604 “filios
1658 2563 1677 2578 '’
1694 2577 1802 2614 vera

310 2630 403 2683 ejus
423 2630 560 2671 z—Ut
587 2630 706 2683 apud
731 2629 964 2677 Davidem,

376 2727 394 2740 “
406 2725 496 2757 Ecce
513 2725 693 2757 hereditas
710 2724 869 2766 Jehovae
887 2724 959 2762 filii,
975 2733 1110 2756 merces
1127 2721 1264 2754 fructus
1282 2722 1419 2754 ventris
1431 2721 1450 2734 ’¹
1467 2721 1540 2762 (Ps.
1554 2721 1681 2753 cxxvii.
1696 2720 1728 2761 3)
1742 2730 1750 2759 ;

310 2808 429 2862 apud
454 2807 657 2855 Esaiam,

377 2882 557 2916 “Fructus
582 2883 717 2915 ventris
742 2893 815 2914 non
841 2882 1115 2920 miserebuntur,
1141 2881 1222 2912 filiis
1248 2890 1321 2912 non
1348 2886 1468 2921 parcet
1493 2879 1617 2912 oculus
1641 2888 1765 2911 eorum
1779 2878 1797 2890 ’¹

483 2927 556 2959 xiii.
574 2927 646 2966 18);
