1962 3334
625 262 732 296 CAP.
754 263 836 304 XL,
859 262 998 295 VERS.
1021 254 1168 295 8.-Ν.
1190 252 1370 308 652[d].
1506 263 1529 289 ·.
1636 264 1745 309 1709

252 375 495 425 Danielem,

255 450 258 452 v
319 458 443 490 “Scito
461 464 496 490 et
514 458 696 499 percipito,
712 459 759 489 ab
777 458 874 489 exitu
892 457 1011 495 Verbi,
1028 467 1140 499 usque
1158 458 1204 490 ad
1223 458 1483 490 restituendum
1502 464 1538 490 et
1556 458 1602 490 ad
1620 458 1742 489 aedifi·
1783 452 1787 455 ⁴

425 502 576 533 candum
597 501 900 542 Hierosolymam,
911 511 1025 542 usque
1038 502 1084 533 ad
1102 501 1275 533 Messiam
1288 501 1487 542 principem
1502 499 1743 543 [septimanae

427 543 582 586 septem]
596 555 604 581 ς
624 552 750 585 postea
764 545 974 584 septimanis
991 545 1179 585 sexaginta
1194 546 1331 576 duabus
1348 545 1555 576 restituetur
1569 552 1606 576 et
1622 545 1744 576 aedifi-

426 589 563 620 cabitur
578 589 697 629 platea
712 595 748 620 et
763 588 872 626 fossa,
889 589 953 620 sed
970 588 1006 619 in
1023 589 1190 628 angustia
1206 595 1408 629 temporum
1421 587 1440 600 '⁸
1457 588 1516 628 (ix.
1533 588 1610 627 25):

251 682 326 736 qui
347 695 436 722 non
458 682 544 722 scit
565 694 746 722 sensum
768 681 1046 733 spiritualem
1067 680 1224 730 Verbi,
1249 681 1419 734 opinari
1444 687 1598 735 potest
1620 681 1742 735 quod

252 758 332 799 per
350 743 786 797 “Hierosolymam”
803 744 873 784 hic
895 743 1172 796 significetur
1196 743 1531 797 Hierosolyma,
1550 751 1597 785 et
1619 744 1741 797 quod

251 807 330 848 illa
359 807 622 848 restituetur
646 813 693 847 et
718 806 1039 855 aedificabitur,
1067 813 1114 847 et
1140 820 1318 860 quoque
1344 806 1465 860 quod
1497 819 1576 859 per
1604 806 1741 859 “pla-

252 877 375 911 team
404 876 452 911 et
482 869 680 911 sossam”
710 869 863 922 platea
894 869 1013 910 urbis
1044 876 1091 910 et
1126 869 1246 910 fossa
1284 869 1358 918 ibi,
1391 869 1448 910 de
1484 883 1572 923 qua
1601 870 1741 910 etiam

253 933 415 973 dicitur
439 932 560 985 quod
592 932 855 973 restituetur
878 938 926 972 et
955 931 1292 982 aedificabitur;
1325 932 1404 972 sed
1430 945 1510 985 per
1537 932 1741 974 “Hiero-

253 995 475 1048 solymam
486 995 788 1048 ”intelligitur
803 995 996 1036 ecclesia
1011 1009 1126 1048 quae
1143 1009 1170 1036 a
1187 995 1386 1036 Domino
1402 995 1739 1045 instaurabitur,

251 1065 299 1099 et
330 1071 410 1111 per
437 1058 674 1110 “plateam
705 1065 752 1098 et
782 1057 979 1099 fossam”
1004 1057 1275 1111 intelligitur
1305 1070 1461 1098 verum
1492 1056 1739 1108 doctrinae,

250 1134 331 1175 per
356 1120 624 1174 “plateam'‘
644 1133 814 1168 verum,
838 1127 885 1161 et
911 1133 990 1173 per
1013 1120 1217 1161 “fossam
1229 1119 1248 1135 ’'
1269 1119 1499 1161 doctrina:
1532 1121 1638 1174 quid
1664 1134 1743 1174 per

251 1197 461 1224 numeros
475 1181 863 1237 [¹¹septimanarum
876 1176 936 1224 ibi
953 1178 1245 1236 significatur,
1263 1197 1353 1224 non
1368 1183 1493 1224 locus
1507 1183 1578 1224 hic
1593 1183 1741 1237 expli·

250 1246 384 1288 candi
406 1253 489 1287 est.
691 1253 695 1256 ’

334 1313 427 1368 [ὦ]
470 1313 547 1354 Ex
576 1313 667 1355 illis
701 1327 820 1355 nunc
860 1320 992 1367 patet
1026 1314 1149 1367 quod
1188 1327 1269 1367 per
1301 1314 1545 1367 “plateam
1576 1313 1741 1356 Novae

252 1375 631 1429 Hierosolymae”
653 1375 796 1416 simile
817 1375 1094 1428 significetui·
1115 1376 1160 1416 in
1182 1375 1474 1430 sequentibus
1494 1375 1540 1416 in
1562 1375 1603 1416 A
1605 1383 1740 1428 poca-

250 1438 380 1492 (ypsi,

316 1527 543 1559 “Duodecim
563 1534 688 1568 portae
706 1527 892 1558 duodecim
912 1528 1153 1567 margaritae„
1168 1552 1176 1558 .
1189 1552 1198 1559 .
1212 1533 1263 1559 ,et
1282 1527 1401 1568 platea
1417 1527 1514 1559 urbis
1530 1537 1656 1559 aurum
1677 1538 1740 1568 pu·

424 1581 513 1610 rum,
530 1571 632 1612 quasi
648 1571 778 1602 vitrum
796 1571 1009 1611 pellucidum
1020 1570 1039 1582 ’'
1055 1571 1138 1610 (xxi.
1153 1571 1229 1611 21);

250 1653 299 1688 et
324 1653 498 1700 postea,

322 1721 516 1754 “Ostendit
529 1722 614 1754 mihi
632 1732 757 1762 purum
772 1722 918 1753 fluvium
932 1732 1044 1763 aquae
1057 1722 1162 1760 vitae,
1176 1722 1401 1762 splendidum
1415 1722 1507 1754 sicut
1522 1723 1741 1764 crystallum,

425 1773 616 1797 exeuntem
636 1776 655 1796 e
679 1766 810 1797 throno
830 1765 897 1797 Dei
921 1772 957 1796 et
975 1766 1092 1806 Agni:
1122 1766 1158 1796 in
1179 1766 1299 1797 medio
1318 1766 1457 1806 plateae
1480 1766 1559 1806 ejus
1582 1773 1619 1798 et
1641 1766 1739 1798 fluvii

424 1810 507 1841 hinc
523 1809 607 1840 inde
623 1810 729 1840 arbor
744 1810 839 1840 vitae
855 1809 994 1840 iaciens
1006 1807 1144 1841 fructus
1156 1809 1345 1840 duodecim
1358 1808 1376 1820 ”
1393 1809 1489 1849 (xxii.
1510 1818 1526 1840 1
1555 1810 1609 1850 2):

250 1897 331 1940 sed
357 1898 414 1939 de
438 1898 507 1939 his
532 1899 576 1939 in
602 1898 906 1952 sequentibus.
967 1897 1106 1951 Apud
1131 1897 1335 1947 Esaiam,

317 1980 502 2056 “Ρί1ἰίι)ἑιιιί
521 1980 736 2063 dese-cerbmt,
756 1980 942 2063 {acuerunt
965 1981 1002 2011 in
1021 1980 1135 2021 capite
1155 1980 1316 2011 omnium
1337 1980 1544 2021 platearum,
1564 1981 1656 2013 sicut
1674 1982 1739 2014 bu-

485 2034 526 2056 us
543 2023 639 2056 ret1”
683 2025 704 2056 i.
722 2032 765 2055 20
789 2035 797 2056 ε

250 2118 365 2160 haec
409 2132 585 2172 quoque
626 2118 683 2158 de
725 2117 1058 2170 Hierosolyma,
1091 2118 1177 2158 hoc
1218 2124 1303 2166 est,
1344 2117 1549 2167 ecclesia,
1590 2119 1740 2172 quoad

256 2180 507 2223 destrinam
538 2187 749 2231 vastata;
787 2193 865 2233 per
893 2180 1045 2221 “filios
1057 2180 1077 2196 ”
1100 2181 1416 2234 intelliguntur
1444 2182 1519 2235 qui
1548 2182 1593 2222 in
1624 2181 1741 2222 veris

253 2243 488 2286 doctrinae
513 2251 644 2284 sunt:
680 2243 909 2284 “deficere
934 2249 982 2284 et
1003 2243 1151 2296 jacere
1176 2244 1221 2284 in
1243 2244 1392 2296 capite
1417 2244 1616 2284 omnium
1643 2244 1739 2296 pla-

261 2314 436 2349 tearum
447 2307 466 2322 ’²
506 2306 727 2360 significat
772 2306 1031 2358 deprivatos
1071 2306 1193 2346 omni
1236 2320 1369 2357 vero;
1418 2306 1623 2359 “caput''
1662 2321 1741 2347 seu

252 2370 515 2423 principium
540 2368 858 2423 “platearum”
880 2367 1103 2421 significat
1129 2369 1380 2422 ingressum
1401 2369 1459 2409 ad
1484 2382 1653 2418 verum,
1675 2371 1742 2410 ita

253 2445 386 2474 omne
410 2446 578 2473 verum.
639 2432 692 2472 In
726 2431 927 2479 Tlcrenis,

321 2530 340 2543 ‘⁸
354 2528 479 2560 Infans
495 2535 531 2560 et
547 2527 684 2560 lactens
697 2528 814 2559 deficit
829 2528 865 2559 in
884 2527 1012 2568 plateis
1025 2527 1123 2559 urbis
1136 2537 1160 2563 ς.
1174 2552 1182 2559 .
1195 2552 1204 2560 .
1218 2527 1319 2559 .tolle
1334 2527 1379 2558 ad
1391 2527 1410 2539 ”
1425 2527 1620 2559 Dominum
1637 2529 1656 2541 ‘¹
1666 2537 1741 2558 ma·

432 2582 500 2603 nus
514 2578 593 2603 tuas
606 2581 712 2612 super
724 2572 863 2603 animas
881 2571 1057 2602 infantum
1071 2578 1223 2608 tuorum,
1237 2571 1295 2612 qui
1311 2571 1517 2603 defecerunt
1533 2581 1596 2611 per
1608 2570 1740 2602 famem

397 2652 404 2659 ,
426 2615 463 2647 in
480 2615 596 2656 capite
612 2616 772 2646 omnium
790 2616 986 2655 platearum
998 2613 1016 2626 ”
1033 2614 1080 2654 (ii.
1100 2622 1150 2652 11,
1170 2615 1243 2654 19):

254 2719 332 2760 per
365 2707 623 2748 “infantem
663 2713 709 2747 et
750 2705 1028 2747 lactentem”
1059 2706 1337 2759 significatur
1376 2707 1650 2755 innocentia,
1687 2713 1735 2748 et

256 2783 434 2823 quoque
459 2770 579 2810 bona
609 2776 655 2810 et
686 2783 791 2810 vera
816 2783 930 2822 quae
962 2782 1040 2821 per
1066 2769 1350 2822 cognitiones
1381 2783 1440 2810 ex
1467 2769 1624 2809 Verbo
1649 2769 1738 2821 pri·

255 2844 377 2872 mum
404 2839 648 2873 nascuntur
678 2839 725 2872 et
756 2829 1035 2872 vivificantur
1057 2832 1175 2884 apud
1207 2832 1412 2872 homines
1443 2833 1516 2885 qui
1548 2845 1736 2884 regene-

254 2903 434 2946 rantur;
471 2908 583 2948 quae
614 2895 716 2948 quia
747 2895 887 2948 prima
918 2901 1036 2943 sunt,
1070 2894 1207 2936 etiam
1239 2895 1435 2936 insontia
1465 2901 1511 2935 et
1543 2895 1736 2935 innocua
1781 2933 1789 2940 ,
