1962 3334
595 284 702 316 CAP.
725 284 806 325 xx„
829 284 968 316 VERS.
984 246 1136 328 v9.¹—N.
1157 274 1318 329 659[e].
1504 270 1507 273 ’
1594 285 1699 329 1773

389 402 428 428 ut
441 406 514 428 non
529 397 755 438 plangantur,
770 406 883 438 neque
895 397 1126 437 sepeliantur,
1139 397 1175 428 in
1190 403 1327 429 stercus
1339 406 1447 436 super
1459 396 1619 427 faciebus
1632 401 1702 427 ter-

391 450 453 471 rae
469 447 583 478 erunt,
600 447 662 472 aut
676 440 797 480 gladio
813 447 875 472 aut
891 440 988 471 fame
1004 447 1272 478 consumentur,
1289 446 1328 471 ut
1345 440 1391 471 sit
1406 440 1560 471 cadaver
1576 449 1700 471 eorum

389 483 428 515 in
445 484 564 515 cibum
581 484 706 515 avibus
723 485 905 515 caelorum
922 490 958 515 et
974 485 1111 515 bestiae
1128 491 1244 515 terrae
1257 483 1276 496 ''
1291 484 1374 523 (xvi.
1392 492 1421 522 3,
1438 484 1493 523 4):

215 592 328 634 haec
364 592 421 634 de
456 593 649 634 ecclesia
681 599 864 634 vastata
895 593 1043 646 quoad
1076 606 1211 634 omne
1241 593 1410 633 bonum
1441 598 1488 633 et
1518 605 1699 632 verum:

215 669 295 709 per
310 660 335 676 “
347 655 461 696 filios
479 663 525 697 et
542 655 654 696 filias
669 655 689 670 ”
703 669 754 696 ac
773 670 851 708 per
871 659 896 675 ‘¹
909 662 1078 696 matres
1096 662 1142 696 et
1160 662 1313 708 patres
1328 654 1406 695 ”in
1423 667 1558 695 sensu
1572 655 1700 707 spiri-

216 718 327 759 tuali
353 731 443 759 non
469 718 784 771 intelliguntur
809 717 885 758 filii
916 724 962 758 et
994 717 1125 765 filiae,
1154 725 1322 758 matres
1348 724 1395 758 et
1426 724 1594 770 patres,
1619 716 1700 756 sed

215 781 435 822 ecclesiae
452 795 558 822 vera
579 788 626 822 et
653 781 772 821 bona
794 787 888 821 tam
915 781 1146 821 exteriora
1168 794 1302 834 quam
1320 781 1559 829 interiora;
1586 778 1701 818 “filii

215 850 262 884 et
288 843 436 885 filiae”
458 851 562 884 sunt
585 858 691 885 vera
713 851 759 884 et
781 845 901 884 bona
923 845 1180 893 exteriora;
1216 848 1424 884 “matres
1447 850 1493 884 et
1516 841 1702 896 patres”

215 912 320 947 sunt
346 921 452 947 vera
483 914 529 948 et
556 907 675 947 bona
700 908 926 954 interiora,
955 920 1069 959 quae
1094 910 1300 946 “matres
1327 912 1374 947 et
1405 912 1559 959 patres
1571 905 1590 919 '‘
1616 918 1696 945 vo—

215 975 376 1010 cantur
400 970 503 1022 quia
528 970 722 1022 gignunt
750 976 797 1010 et
823 969 1077 1022 producunt
1104 969 1358 1009 exteriora:
1392 968 1512 1021 quod
1541 970 1700 1007 “mor-

217 1031 339 1072 tibus
363 1033 511 1084 aegris
537 1033 798 1079 morientur,
822 1033 886 1072 ita
910 1038 959 1072 ut
987 1045 1078 1072 non
1101 1031 1377 1084 plangantur
1402 1044 1547 1084 neque
1569 1043 1700 1083 sepe-

217 1094 422 1142 liantur‚”
454 1093 678 1147 significat
711 1095 1139 1135 condemnationem
1171 1094 1228 1134 ad
1265 1093 1484 1134 infernum
1517 1099 1702 1146 propter

217 1157 313 1197 dira
333 1156 470 1197 salsa:
501 1158 582 1197 “in
605 1164 778 1197 stercus
804 1171 936 1210 super
956 1157 1153 1197 faciebus
1177 1163 1323 1197 terrae
1345 1155 1508 1196 erunt’'
1530 1154 1700 1208 signifi-

216 1225 291 1260 cat
309 1233 516 1272 spurcum
535 1220 764 1266 infernale.
780 1221 901 1273 quod
923 1226 992 1260 est
1012 1220 1179 1260 malum
1203 1232 1508 1272 conspurcans
1530 1218 1699 1258 bonum

215 1288 263 1322 et
288 1295 442 1323 verum
467 1282 714 1323 ecclesiae:
742 1283 935 1336 “gladio
961 1289 1038 1323 aut
1064 1283 1181 1323 same
1213 1283 1416 1323 consumi
1431 1281 1450 1296 ”
1474 1280 1699 1334 significat

216 1344 387 1385 destrui
411 1359 438 1385 a
463 1344 585 1385 falsis
611 1351 657 1386 et
684 1345 843 1385 malis:
880 1350 966 1386 “ut
994 1346 1051 1386 sit
1079 1346 1274 1386 cadaver
1298 1345 1342 1385 in
1369 1345 1517 1384 cibum
1544 1343 1701 1383 avibus

215 1406 442 1447 caelorum
464 1414 511 1448 et
533 1407 707 1448 bestiae
730 1407 910 1448 terrae”
929 1407 1152 1460 significat
1171 1413 1491 1460 consumptum
1513 1420 1564 1446 ac
1583 1406 1701 1446 ulte-

214 1469 303 1510 rius
339 1470 695 1510 consumendum
732 1484 758 1510 a
793 1471 1120 1524 cupiditatibus
1156 1471 1321 1511 amoris
1357 1469 1456 1510 falsi
1492 1476 1538 1510 et
1580 1468 1700 1509 mali.

213 1531 354 1586 Apud
379 1533 587 1581 eundem,

281 1630 416 1662 “Venit
431 1631 602 1662 tumultus
619 1641 729 1672 usque
749 1631 794 1662 ad
811 1631 916 1662 finem
935 1638 1059 1669 terrae,
1077 1632 1161 1672 quia
1179 1632 1223 1662 lis
1238 1631 1397 1672 Jehovae
1414 1637 1538 1661 contra
1554 1638 1701 1670 gentes:

386 1674 556 1714 judicium
574 1675 719 1705 intrabit
734 1685 812 1705 cum
833 1675 931 1705 omni
951 1685 1068 1712 carne,
1085 1675 1214 1714 impios
1234 1675 1348 1705 tradet
1366 1675 1486 1714 gladio
1500 1684 1524 1711 ;.
1538 1699 1546 1705 .
1560 1699 1567 1705 .
1582 1681 1703 1705 ,erunt

387 1717 546 1748 confossi
558 1717 716 1759 Jehovae
729 1718 764 1748 in
782 1718 838 1749 die
851 1718 912 1748 illo
929 1728 950 1749 a
968 1718 1036 1749 fine
1049 1725 1163 1749 terrae
1180 1728 1292 1759 usque
1303 1718 1349 1749 ad
1366 1718 1473 1749 finem
1487 1724 1611 1755 terrae,
1627 1727 1700 1748 non

387 1762 609 1801 plangentur,
631 1771 702 1792 non
728 1761 948 1801 colligentur,
969 1771 1083 1801 neque
1107 1762 1343 1802 sepelientur;
1373 1761 1408 1792 in
1434 1767 1570 1792 stercus
1593 1770 1702 1802 super

389 1805 546 1836 faciebus
565 1812 679 1836 terrae
695 1811 799 1836 erunt
810 1805 827 1815 ”
844 1805 938 1844 (xxv.
956 1802 1043 1844 (¹131,
1061 1805 1135 1844 33):

214 1924 294 1964 per
336 1909 450 1950 haec
495 1909 762 1949 describitur
806 1909 1066 1949 devastatio
1106 1909 1324 1949 ecclesiae
1369 1909 1414 1949 in
1458 1908 1546 1950 fine
1590 1908 1698 1961 ejus,

215 1973 396 2027 quando
418 1971 626 2012 ultimum
644 1971 884 2023 judicium:
921 1972 1180 2012 “tumultus
1203 1986 1342 2025 usque
1369 1972 1426 2012 ad
1449 1971 1584 2012 finem
1607 1979 1699 2012 ter-

213 2048 304 2080 rae.
331 2035 434 2088 quia
465 2033 518 2074 lis
542 2034 743 2086 jehovae
768 2040 927 2075 contra
953 2034 1157 2087 gentes,’'
1181 2033 1406 2086 significat
1433 2041 1699 2075 consterna-

214 2099 386 2139 tionem
417 2098 616 2138 omnium
647 2099 720 2150 qui
752 2097 809 2137 ab
840 2097 1046 2145 ecclesia,
1080 2098 1186 2137 dum
1218 2098 1459 2138 visitantur
1490 2104 1536 2138 et
1569 2098 1699 2138 dete-

213 2167 382 2213 guntur
407 2160 527 2200 mala
553 2160 760 2210 illorum;
795 2164 954 2200 “terra
965 2159 984 2174 '’
1007 2167 1077 2201 est
1104 2160 1310 2208 ecclesia,
1338 2160 1571 2213 “gentes'’
1593 2167 1700 2201 sunt

213 2223 288 2276 qui
318 2223 362 2263 in
394 2222 537 2271 malis,
570 2229 616 2263 et
649 2220 878 2263 abstrafihe
910 2222 1043 2271 mala,
1077 2236 1128 2263 ac
1164 2223 1255 2263 “lis
1280 2222 1513 2275 Jehovae''
1539 2230 1701 2264 contra

213 2285 291 2326 illa
314 2291 384 2326 est
406 2285 609 2325 visitatio
634 2291 680 2325 et
703 2283 927 2325 dete-stim
963 2285 1212 2337 “judicium
1236 2286 1422 2326 intrabit
1449 2299 1550 2326 cum
1577 2287 1699 2326 omni

213 2347 378 2388 carne’'
400 2347 624 2400 significat
646 2347 859 2400 judicium
883 2348 1134 2388 universale
1156 2349 1276 2401 quod
1303 2349 1347 2389 in
1369 2347 1456 2389 fine
1479 2349 1699 2390 ecclesiae

213 2410 401 2450 existit:
443 2410 642 2462 “impios
675 2410 826 2450 tradet
857 2410 1012 2463 gladio
1030 2410 1049 2425 ’¹
1081 2410 1306 2464 significat
1339 2412 1458 2464 quod
1495 2410 1698 2452 infideles

213 2473 396 2525 perituri
422 2473 512 2512 sint
539 2486 616 2525 per
642 2486 721 2512 sua
747 2472 883 2512 falsa:
921 2477 1089 2513 “erunt
1116 2473 1311 2513 confossi
1331 2474 1533 2526 Jehovae
1559 2475 1603 2514 in
1626 2475 1698 2514 die

212 2533 292 2574 illo
328 2548 354 2574 a
389 2533 476 2575 fine
507 2541 654 2575 terrae
691 2549 828 2588 usque
866 2535 922 2575 ad
954 2535 1087 2576 finem
1120 2543 1267 2576 terrae
1286 2536 1306 2551 ''
1338 2536 1562 2589 significat
1595 2537 1697 2577 illos

213 2597 287 2650 qui
312 2604 501 2650 pereunt
533 2611 612 2650 per
641 2597 754 2638 salsa
785 2599 930 2638 omnis
956 2600 1163 2650 generis;
1204 2606 1228 2619 ‘⁴
1245 2599 1440 2640 confossi
1465 2599 1698 2652 Jehovae'’

213 2666 318 2700 sunt
349 2661 422 2713 qui
449 2667 636 2713 p'ereunt
663 2674 741 2713 per
766 2661 905 2711 falsa:
941 2667 1004 2701 “a
1030 2661 1116 2703 fine
1149 2670 1295 2703 terrae
1322 2663 1378 2703 ad
1411 2662 1544 2703 finem
1573 2663 1665 2715 ejus
1678 2663 1697 2677 '‘

213 2721 437 2775 significat
476 2735 503 2762 a
542 2724 693 2776 primis
733 2724 790 2763 ad
830 2724 990 2764 ultima
1026 2725 1259 2772 ecclesiae,
1299 2726 1363 2766 ita
1402 2725 1514 2766 falsa
1550 2727 1696 2766 omnis

213 2786 416 2838 generis:
453 2789 580 2826 “non
607 2786 893 2839 plangentur,
918 2801 1060 2840 neque
1083 2788 1369 2841 colligentur,
1394 2802 1538 2842 neque
1565 2803 1694 2842 sepe·

214 2847 417 2896 lientur,”
442 2847 665 2901 significat
692 2850 811 2902 quod
839 2863 928 2890 non
954 2851 1146 2903 amplius
1172 2852 1322 2905 aliqua
1347 2853 1619 2892 restauratio
1645 2859 1691 2893 et

214 2909 420 2960 salvatio,
447 2911 527 2952 sed
553 2912 900 2963 condemnatio;
942 2912 1220 2967 “planctus’'
1248 2915 1530 2969 significabat
1563 2916 1690 2957 dolo·
