1962 3334
647 278 753 310 CAP.
776 278 857 318 1x.,
881 278 1019 311 VERs.
1041 278 1188 322 9.-N.
1214 278 1305 322 557.
1429 281 1436 286 >
1613 278 1717 322 1405

231 394 452 444 pugnant,
475 397 521 432 et
544 391 771 444 persuasio
793 389 892 431 falsi
912 391 1030 444 apud
1052 390 1154 431 illos
1175 390 1279 432 talis
1301 396 1371 431 est
1394 396 1442 431 ut
1463 403 1582 439 vera,
1605 404 1718 444 quae

228 454 460 494 rationalis
497 453 736 506 spiritualis
772 454 909 494 homo
946 454 1166 506 producit,
1199 467 1288 494 non
1320 453 1529 503 valeant,
1571 453 1717 506 repel—

233 515 387 556 luntur
425 516 546 556 enim
584 516 700 557 sicut
737 516 856 556 ensis
884 529 912 556 a
947 516 1134 556 thorace
1174 529 1252 556 seu
1292 515 1454 556 lorica:
1498 516 1600 556 ideo
1639 529 1718 569 per

230 578 478 619 “thoraces
509 579 623 619 sicut
654 579 865 619 thoraces
890 578 1018 619 ferrei
1030 578 1050 594 ”
1074 578 1382 632 significantur
1407 579 1717 631 persuasiones

229 647 389 681 contra
424 654 534 694 quas
573 655 679 682 vera
717 654 808 682 non
844 641 1012 682 valent.
1084 640 1218 694 Quod
1255 642 1559 694 persuasivum
1597 641 1716 694 quod

227 703 346 755 apud
382 703 484 744 illos
520 710 604 751 est,
637 704 694 744 sit
731 703 954 744 infatuans
990 710 1038 744 et
1071 703 1308 752 suffocans,
1341 717 1478 757 usque
1514 704 1630 744 adeo
1667 710 1716 744 ut

227 765 448 807 rationale
473 766 701 818 spirituale
728 772 887 807 contra
911 766 1020 812 illud
1046 779 1138 807 non
1163 766 1328 815 valeat,
1355 767 1559 807 videatur
1584 779 1716 819 supra

226 837 272 873 (n.
289 835 381 878 544,
401 836 492 879 549.
511 836 531 878 5
540 826 675 879 56[a]).
733 827 977 867 Praeterea
1000 827 1215 868 thoraces
1245 841 1324 868 seu
1355 827 1523 868 loricae
1548 833 1715 880 tegunt

225 893 402 940 partem
428 885 702 940 pectoralem
729 902 806 928 seu
828 888 1104 929 thoracicam
1126 890 1339 942 corporis,
1363 902 1441 942 per
1465 902 1598 942 quam
1620 889 1712 941 sig-

226 948 433 990 nificatur
474 948 650 990 affefflo
698 952 791 991 veri
838 951 1106 1003 spiritualis;
1157 953 1295 992 etiam
1345 952 1490 992 omnis
1538 949 1714 991 affe-&io

225 1012 343 1052 inest
369 1025 496 1060 sono,
523 1014 596 1066 qui
628 1027 715 1054 una
745 1027 844 1054 cum
876 1014 1056 1067 loquela
1080 1028 1104 1055 e
1131 1013 1312 1067 pectore
1338 1015 1584 1056 emittitur:
1626 1013 1713 1054 illis

225 1081 392 1123 autem,
415 1075 489 1128 qui
513 1076 583 1116 hic
606 1089 685 1128 per
708 1076 944 1117 “locustas
956 1077 975 1091 ”
997 1077 1318 1130 significantur,
1342 1078 1415 1131 qui
1438 1084 1542 1118 sunt
1568 1077 1713 1117 homi-

168 1151 172 1153 ·
225 1149 305 1176 nes
330 1137 559 1178 sensuales
580 1139 653 1191 qui
674 1139 718 1178 in
740 1138 875 1187 salsis,
899 1152 989 1180 non
1015 1139 1103 1179 alia
1128 1138 1304 1181 affec‘tio
1330 1147 1400 1181 est
1425 1153 1558 1193 quam
1581 1139 1714 1180 affec-

225 1199 290 1239 tio
310 1200 475 1239 amoris
498 1201 588 1250 sui;
620 1214 733 1254 quae
755 1202 857 1254 quia
879 1201 1013 1253 plena
1034 1208 1104 1242 est
1126 1201 1400 1243 confidentia
1422 1203 1487 1242 sui
1510 1209 1557 1242 et
1579 1201 1714 1254 plena

224 1262 511 1314 persuasione
547 1263 666 1316 quod
703 1263 861 1304 falsum
898 1278 1063 1305 eorum.
1090 1265 1147 1306 sit
1178 1278 1346 1314 verum,
1380 1271 1427 1306 et
1463 1266 1565 1318 quia
1600 1265 1711 1305 haec

223 1324 341 1365 inest
371 1338 484 1366 sono
515 1326 587 1378 qui
619 1339 706 1366 una
737 1339 836 1366 curn
869 1326 1047 1380 loquela
1078 1341 1102 1368 e
1134 1326 1316 1380 pectore
1347 1328 1583 1376 emittitur,
1610 1329 1711 1368 ideo

224 1395 526 1439 apparuerunt
566 1388 768 1430 locustae
810 1390 890 1429 “in
932 1390 1189 1431 thoracibus
1229 1391 1302 1443 qui
1347 1391 1462 1431 sicut
1502 1391 1712 1431 thoraces

223 1448 351 1490 ferrei
366 1449 401 1490 :”
448 1450 680 1491 “ferrum’'
719 1452 856 1492 etiam
896 1451 1119 1505 significat
1159 1466 1314 1493 verum
1358 1453 1402 1493 in
1442 1453 1623 1501 ultimis,
1664 1460 1711 1494 et

224 1525 400 1565 quoque
424 1512 583 1553 salsum
609 1514 681 1561 ibi,
709 1527 760 1555 ac
793 1514 923 1555 simul
949 1515 1132 1565 durum;
1174 1522 1219 1556 et
1246 1516 1564 1568 persuasivum,
1592 1516 1711 1569 quod

223 1574 310 1615 illis
335 1582 420 1624 est,
446 1576 552 1617 facit
583 1584 631 1617 ut
656 1577 815 1618 falsum
846 1578 904 1618 sit
935 1579 999 1618 ita
1023 1579 1181 1618 durum
1214 1586 1262 1619 ut
1288 1592 1393 1619 vera
1418 1586 1578 1619 contra
1603 1579 1711 1620 illud

223 1637 424 1679 resiliant
450 1639 565 1679 sicut
590 1640 737 1680 forent
763 1640 924 1680 nullius
955 1641 1017 1681 rei
1048 1648 1095 1682 et
1120 1641 1298 1682 valoris.
1358 1640 1475 1693 Quia
1505 1641 1609 1682 talis
1640 1650 1710 1682 est

224 1702 452 1752 persuasio
477 1702 747 1742 sensualium
773 1702 1004 1743 hominum
1030 1704 1105 1756 qui
1135 1704 1178 1743 in
1204 1704 1326 1744 falsis
1348 1710 1453 1744 sunt
1483 1718 1543 1744 ex
1570 1704 1710 1744 confi-

224 1762 379 1803 dentia
403 1764 483 1812 sui,
506 1771 552 1804 et
574 1764 651 1804 illa
673 1766 789 1817 apud
812 1766 991 1817 spiritus
1016 1772 1110 1806 tam
1134 1774 1297 1818 potens
1323 1773 1393 1807 est
1419 1773 1468 1807 ut
1490 1767 1710 1808 rationale

223 1824 411 1866 aliorum
442 1827 689 1879 spirituum,
718 1841 817 1868 cum
849 1829 1006 1881 quibus
1038 1842 1186 1870 sermo
1217 1836 1301 1878 est,
1328 1829 1515 1871 suffocet
1547 1837 1594 1871 et
1625 1845 1708 1872 ex·

223 1888 442 1940 stinguat,
474 1889 576 1929 ideo
614 1890 658 1929 in
696 1890 864 1930 mundo
895 1891 1128 1943 spirituum
1160 1905 1315 1932 severe
1346 1893 1571 1945 prohibita
1609 1901 1709 1945 est,

224 1957 271 1991 et
302 1951 376 2004 qui
405 1951 482 1991 illa
513 1959 713 2000 utuntur,
747 1954 990 1993 mittuntur
1019 1954 1136 1994 inter
1166 1955 1346 2007 spiritus
1378 1956 1450 1996 ubi
1481 1970 1620 2009 usque
1650 1958 1709 1998 ad

223 2013 464 2067 deliquium
491 2015 548 2055 ab
578 2015 675 2055 aliis
706 2016 931 2067 spiritibus
962 2030 1041 2068 per
1071 2019 1381 2069 persuasiones
1412 2019 1557 2059 adhuc
1582 2019 1708 2061 forti-

224 2089 325 2116 ores
360 2084 598 2124 vexantur,
637 2084 683 2118 et
724 2078 810 2118 hoc
851 2092 989 2132 usque
1031 2079 1135 2120 dum
1174 2080 1411 2121 desistunt.
1482 2080 1709 2134 Quoniam

222 2139 431 2180 thoraces
463 2153 540 2180 seu
576 2140 738 2181 loricae
776 2142 819 2181 in
856 2155 936 2181 usu
973 2142 1148 2183 fuerunt
1188 2144 1232 2183 in
1268 2143 1412 2192 bellis,
1443 2151 1490 2185 et
1525 2146 1709 2186 induere

222 2201 323 2242 illas
352 2202 635 2255 significabat
667 2205 902 2256 accingere
934 2218 981 2245 se
1017 2206 1075 2245 ad
1110 2205 1277 2246 bellum
1314 2213 1360 2247 et
1396 2207 1458 2247 sic
1492 2221 1706 2261 pugnare,

223 2264 325 2304 ideo
355 2265 399 2304 in
421 2264 575 2306 Verbo
607 2266 815 2306 dicuntur
842 2267 1023 2308 “induti
1050 2267 1228 2308 loricis”
1253 2269 1326 2322 qui
1357 2269 1546 2311 accincti
1578 2279 1706 2312 erant

222 2326 281 2366 ad
307 2328 599 2380 pugnandum
615 2329 751 2370 z—Ut
778 2330 896 2382 apud
921 2330 1181 2379 Jeremiam,

287 2432 470 2472 “Alligate
489 2443 609 2474 equos,
634 2441 668 2465 et
691 2435 872 2466 ascendite
892 2435 1037 2475 equites,
1063 2442 1098 2467 et
1121 2436 1235 2468 sistite
1259 2447 1324 2469 vos
1349 2437 1385 2468 in
1408 2438 1531 2478 galeis,
1552 2438 1707 2478 expolite

394 2476 544 2514 lanceas,
563 2477 696 2509 induite
714 2478 859 2509 loricam
871 2478 889 2489 ''
906 2479 1001 2518 (xlvi.
1018 2479 1052 2519 4)
1066 2490 1072 2511 :

221 2582 300 2625 per
323 2572 434 2614 haec
456 2575 592 2615 verba
613 2588 703 2616 non
730 2575 997 2628 intelligitur
1018 2589 1169 2630 pugna
1195 2579 1320 2619 unius
1342 2580 1570 2620 exercitus
1595 2593 1705 2620 con-

221 2641 292 2676 tra
316 2635 519 2685 alterum,
543 2639 622 2678 sed
645 2652 795 2691 pugna
817 2639 1047 2680 rationalis
1071 2641 1310 2692 spiritualis
1332 2643 1523 2683 hominis
1546 2651 1705 2684 contra

221 2699 470 2740 naturalem
494 2700 720 2741 hominem
744 2702 816 2754 qui
838 2716 896 2742 ex
920 2703 1174 2744 scientificis
1199 2704 1307 2745 salse
1333 2706 1569 2758 applicatis
1595 2720 1704 2747 con-

220 2767 290 2801 tra
310 2775 415 2802 vera
440 2769 485 2803 et
507 2763 625 2803 bona
647 2771 844 2816 pugnat:
878 2765 987 2805 haec
1010 2767 1128 2807 enim
1152 2766 1272 2809 dicta
1293 2776 1396 2810 sunt
1423 2770 1477 2810 de
1500 2771 1705 2810 exercitu

221 2823 463 2864 Pharaonis
494 2827 610 2878 regis
642 2826 860 2879 Aegypti,
888 2840 1019 2880 quem
1051 2831 1266 2881 percussit
1299 2845 1378 2871 rex
1413 2831 1619 2882 Babelis;
1657 2839 1703 2873 et

221 2898 299 2938 per
339 2886 653 2929 “Pharaonem
698 2902 850 2942 regem
896 2889 1132 2944 Aegypti’'
1176 2893 1442 2947 intelligitur
1487 2895 1702 2936 naturalis
