1962 3334
282 284 392 337 1346
695 287 1027 327 APOCALYPSIS
1059 295 1358 329 EXPLICATA.

277 405 516 447 destruant
542 406 643 447 illa:
678 406 790 448 haec
817 406 928 448 falsa
954 413 1059 448 sunt
1082 422 1195 462 quae
1221 407 1531 461 significantur
1556 423 1635 463 per
1662 410 1765 451 “su-

277 481 400 509 mum
413 468 431 483 ’'
457 469 601 509 visum
628 483 687 509 ex
715 468 917 510 Sodoma
942 476 989 511 et
1017 470 1204 512 Amora.
1265 471 1402 524 Apud
1429 472 1636 521 eundem,

342 557 360 571 “
371 556 415 588 Et
432 557 485 588 sol
503 557 640 595 occidit,
656 563 690 589 et
707 558 822 598 caligo
839 557 935 589 facta
951 565 1015 597 est,
1030 565 1064 590 et
1082 569 1163 590 ecce
1180 559 1305 591 furnus
1318 560 1407 591 fumi
1425 566 1460 591 et
1477 560 1538 591 fax
1554 561 1660 601 ignis,
1675 570 1765 602 quae

449 601 616 632 transivit
632 601 725 632 inter
742 609 930 641 segmenta
947 602 1008 633 illa
1021 602 1038 614 '’
1056 601 1151 642 (Gen.
1167 613 1224 635 xv.
1245 604 1298 643 17)
1313 614 1320 635 :

274 686 386 728 haec
425 686 544 728 dieta
581 694 685 729 sunt
722 689 778 729 de
816 690 1087 742 posteritate
1121 689 1372 730 Abrahami
1409 705 1469 731 ex
1498 691 1685 743 Jacobo,
1718 697 1768 732 ut

274 757 485 791 constare
522 757 675 803 potest
714 765 772 791 ex
811 752 1189 804 praecedentibus
1226 753 1270 792 in
1311 752 1390 794 illo
1426 754 1602 806 capite;
1646 754 1768 807 quod

277 813 382 854 “sol
415 814 613 854 occidit”
646 814 872 867 significat
911 821 1168 856 extremum
1206 822 1385 869 tempus
1422 829 1524 857 curn
1555 829 1768 857 consum-

274 876 443 926 matio;
480 880 565 917 “et
592 877 743 929 caligo
767 876 916 918 facta”
940 877 1166 930 significat
1193 891 1294 918 cum
1322 878 1424 919 loco
1450 879 1556 919 boni
1582 878 1765 928 malum,

273 945 320 979 et
347 938 449 979 loco
475 940 567 979 veri
594 939 781 990 falsum3
818 943 962 980 “ecce
995 940 1145 980 furnus
1178 940 1315 980 fumi''
1341 940 1567 994 significat
1593 942 1767 982 densis—

273 1001 435 1041 simum
453 1001 612 1042 falsum
631 1016 656 1042 a
675 1002 804 1042 malis
823 1017 832 1052 ;
854 1006 878 1022 “
891 1002 968 1042 fax
987 1003 1135 1056 ignis”
1154 1003 1380 1055 significat
1399 1009 1575 1044 aestum
1594 1005 1766 1058 cupidi-

273 1069 447 1114 tatum;
483 1066 730 1105 “transivit
756 1066 874 1105 inter
899 1071 1139 1118 segmenta
1152 1065 1172 1080 ''
1194 1065 1420 1118 significat
1444 1080 1558 1120 quae
1584 1079 1765 1120 separa-

274 1131 439 1165 verunt
461 1124 565 1165 illOS
587 1139 613 1165 a
636 1125 863 1166 Domln0.-
900 1136 978 1174 (Sed
993 1137 1072 1165 haec
1085 1137 1221 1174 amplius
1236 1138 1393 1175 explicata
1406 1138 1574 1167 videantur
1587 1138 1619 1167 in
1631 1139 1768 1168 Arcanis

275 1189 740 1227 Caelestibus,n.1858-1862.)
798 1178 939 1231 Apud
970 1180 1181 1228 eundem,

339 1265 472 1297 “Exire
493 1265 577 1297 fecit
603 1266 725 1297 Moses
750 1266 922 1306 populum
943 1267 1087 1298 obviam
1115 1267 1192 1299 Deo
1213 1278 1231 1299 e
1253 1268 1391 1307 castris,
1412 1273 1448 1300 et
1468 1268 1707 1300 constiterunt
1726 1269 1763 1300 in

446 1309 674 1340 inferioribus
687 1310 822 1341 montis
838 1319 844 1347 ;
865 1316 900 1342 et
915 1310 1022 1342 Mons
1036 1311 1134 1342 Sinai
1146 1311 1309 1343 fumabat
1319 1318 1414 1343 totus
1429 1312 1498 1350 ille,
1511 1318 1659 1352 propter
1670 1313 1766 1353 quod

445 1353 631 1384 descendit
655 1363 762 1392 super
788 1353 888 1385 illum
912 1353 1077 1395 Jehovah
1102 1355 1138 1385 in
1164 1355 1257 1394 igne,
1278 1361 1314 1386 et
1338 1355 1503 1387 ascendit
1526 1355 1646 1387 fumus
1673 1356 1765 1387 sicut

444 1396 564 1428 fumus
582 1396 740 1428 fornacis
756 1407 762 1435 ;
788 1403 823 1428 et
839 1397 1071 1429 tremiscebat
1089 1403 1186 1429 totus
1207 1408 1312 1430 mons
1330 1398 1435 1430 valde
1447 1398 1465 1410 '’
1482 1398 1604 1438 (Exod.
1623 1399 1694 1431 xix.
1714 1406 1764 1438 17,

450 1441 523 1479 1S);

270 1511 317 1547 et
347 1505 467 1555 dein,

336 1581 410 1613 “Et
427 1582 545 1613 omnis
563 1582 716 1621 populus
732 1582 897 1614 videntes
915 1592 1023 1614 voces
1041 1588 1076 1614 et
1093 1582 1200 1620 faces,
1216 1589 1250 1614 et
1268 1593 1393 1614 vocem
1411 1583 1595 1621 buccinae,
1609 1589 1645 1614 et
1662 1593 1765 1614 mon-

444 1631 516 1656 tem
537 1625 760 1660 fumantem:
785 1632 821 1657 et
838 1626 928 1657 vidit
948 1626 1112 1666 populus,
1130 1633 1165 1657 et
1185 1627 1357 1658 commoti
1378 1632 1472 1665 sunt,
1491 1633 1526 1658 et
1545 1632 1724 1658 steterunt
1744 1637 1764 1658 e

443 1668 653 1709 longinquo,
672 1675 707 1700 et
725 1669 893 1700 dixerunt
909 1670 955 1700 ad
974 1669 1114 1707 Mosen,
1134 1670 1295 1710 Loquere
1314 1677 1351 1701 tu
1368 1680 1448 1701 cum
1467 1670 1572 1702 nobis
1590 1676 1626 1701 et
1642 1670 1765 1702 audie-

443 1722 534 1750 mus,
553 1718 588 1743 et
609 1723 652 1743 ne
674 1713 841 1753 loquatur
861 1723 941 1744 cum
963 1713 1068 1744 nobis
1090 1713 1199 1752 Deus,
1221 1723 1265 1744 ne
1285 1713 1378 1745 forte
1398 1713 1596 1745 moriamur
1605 1713 1623 1726 ’'
1640 1713 1763 1754 (Exod.

441 1766 498 1787 xx.
519 1763 567 1794 15,
590 1756 629 1786 16
650 1754 765 1797 [BA.
787 1757 836 1795 18,
857 1754 947 1797 19]):

267 1854 346 1894 per
381 1841 492 1882 haec
531 1841 962 1894 repraesentabatur
994 1841 1138 1895 qualis
1175 1841 1250 1883 ille
1283 1841 1474 1896 populus
1506 1841 1616 1893 fuit;
1657 1854 1762 1882 nam

264 1904 485 1957 Jehovah‚
519 1904 604 1944 hoc
644 1910 728 1952 est,
764 1904 1000 1953 Dominus,
1034 1911 1224 1958 apparet
1262 1906 1477 1945 unicuivis
1514 1904 1762 1945 secundum

268 1967 399 2020 quale
422 1967 540 2019 ejus;
571 1967 657 2007 illis
681 1968 754 2020 qui
781 1968 824 2007 in
847 1968 962 2007 veris
987 1981 1045 2008 ex
1069 1967 1189 2008 bono
1211 1974 1315 2008 sunt
1343 1974 1391 2009 ut
1415 1967 1493 2008 lux
1516 1981 1688 2016 serena,
1713 1973 1760 2007 at

265 2030 352 2070 illis
379 2031 451 2083 qui
484 2031 527 2069 in
555 2030 678 2070 falsis
705 2044 763 2070 ex
797 2029 917 2071 malo
944 2036 1048 2071 sunt
1081 2037 1129 2071 ut
1156 2031 1300 2071 fumus
1326 2044 1385 2071 ex
1416 2031 1546 2083 igne:
1584 2036 1630 2070 et
1658 2029 1760 2082 quia

265 2093 457 2146 populus
490 2093 565 2133 ille
603 2094 647 2133 in
679 2093 905 2133 amoribus
938 2093 1225 2134 terrestribus
1257 2100 1303 2134 et
1341 2093 1566 2146 corporeis
1599 2092 1679 2133 fuit
1711 2097 1758 2132 et

264 2156 368 2196 inde
396 2156 440 2196 in
467 2155 588 2196 falsis
615 2155 734 2204 mali,
763 2156 865 2196 ideo
893 2156 1113 2196 Dominus
1140 2170 1163 2196 e
1191 2156 1351 2197 Monte
1378 2155 1499 2197 Sinai
1527 2155 1591 2196 illi
1617 2167 1758 2209 appa-

263 2217 351 2257 ruit
383 2217 499 2257 sicut
530 2218 647 2269 ignis
679 2217 944 2265 comedens,
977 2223 1024 2257 et
1055 2217 1171 2257 sicut
1201 2216 1346 2256 fumus
1378 2216 1588 2256 fornacis.
1646 2226 1760 2266 (Quod

263 2276 341 2305 tales
362 2276 475 2304 suerint
497 2276 551 2304 filii
565 2276 688 2315 Jacobi,
706 2277 812 2304 multis
828 2281 991 2305 ostensum
1013 2280 1059 2304 est
1081 2276 1113 2304 in
1127 2276 1267 2304 Arcanis
1286 2276 1478 2309 Caelestibus,
1495 2285 1534 2304 ex
1555 2275 1669 2312 quibus
1686 2275 1760 2306 Col-

262 2321 346 2350 lafta
360 2322 525 2350 videantur
540 2321 571 2349 in
584 2322 743 2349 Dm‘trina
757 2322 866 2350 Novae
878 2322 1125 2359 Hierosolymae,
1138 2330 1171 2350 n.
1185 2323 1242 2358 248
1254 2331 1260 2356 ;
1284 2326 1315 2349 et
1330 2322 1418 2358 quod
1435 2321 1593 2350 Dominus
1607 2327 1760 2359 appareat

262 2366 416 2395 unicuivis
431 2367 607 2395 secundum
623 2366 717 2403 quale
733 2367 809 2403 ejus,
827 2371 861 2395 ut
883 2367 963 2404 ignis
977 2366 1138 2395 vivificans
1153 2371 1184 2395 et
1198 2375 1342 2395 recreans
1364 2366 1423 2395 illis
1445 2366 1499 2403 qui
1520 2366 1553 2395 in
1573 2366 1660 2395 bono
1673 2372 1758 2402 sunt,

261 2421 299 2441 ac
321 2416 356 2440 ut
377 2412 456 2449 ignis
478 2420 668 2440 consumens
690 2412 750 2440 illis
772 2412 825 2448 qui
848 2412 879 2440 in
902 2412 998 2446 malo,
1014 2411 1045 2440 in
1060 2412 1201 2440 Arcanis
1219 2412 1414 2445 Caeles-tibus,
1430 2420 1461 2441 n.
1478 2420 1547 2449 934,
1565 2412 1652 2446 1861,
1667 2412 1757 2449 6832,

262 2459 350 2494 8814.
368 2458 455 2494 8819,
472 2466 561 2493 9434,
579 2464 675 2493 10551
689 2466 694 2491 ;
718 2457 795 2493 quid
812 2457 932 2494 reliqua
953 2457 985 2485 in
997 2457 1189 2486 allatis-locis
1204 2456 1392 2494 significant,
1409 2457 1552 2485 videatur
1566 2457 1757 2494 explicatum

260 2502 293 2531 in
308 2503 449 2531 Art-anis
469 2503 656 2530 Caelestibus
673 2511 755 2538 quae
770 2511 865 2539 super
881 2501 1057 2538 Exodum.)

346 2547 429 2601 [b.]
473 2547 630 2588 Simile
661 2547 943 2599 significatur
973 2561 1053 2601 per
1080 2547 1288 2588 “fumum
1301 2546 1320 2562 ’'
1342 2552 1389 2587 et
1419 2561 1500 2600 per
1528 2547 1721 2600 “ignem
1735 2548 1756 2564 '’

260 2609 380 2663 apud
402 2609 635 2657 Davidem,

326 2699 344 2713 ‘⁴
357 2698 511 2740 Quando
524 2698 657 2730 exarsit
676 2698 759 2735 1111„
775 2723 781 2730 .
796 2723 802 2730 .
818 2699 998 2730 ‚ascendit
1014 2698 1134 2730 fumus
1152 2708 1196 2730 ex
1213 2708 1303 2729 naso
1319 2697 1448 2738 Ipsius,
1463 2704 1499 2730 et
1516 2698 1611 2738 ignis
1629 2708 1673 2730 ex
1691 2708 1754 2730 ore

436 2741 554 2782 Ipsius
574 2742 740 2779 comedit,
762 2752 898 2781 prunae
918 2748 1084 2774 arserunt
1103 2752 1148 2773 ex
1173 2742 1268 2781 Ipso,
1289 2747 1325 2773 et
1344 2742 1535 2773 inclinavit
1554 2742 1694 2773 caelum
1714 2748 1747 2774 et

433 2785 630 2823 descendit,
656 2791 690 2816 et
715 2786 832 2824 caligo
857 2787 923 2817 sub
949 2786 1101 2825 pedibus
1128 2784 1276 2826 Ipsius”
1300 2784 1372 2825 (Ps.
1385 2785 1482 2817 xviii.
1499 2783 1562 2827 [8,]
1580 2795 1610 2826 9,
1631 2793 1671 2816 10
1690 2783 1749 2827 [B.

433 2830 478 2860 A.
498 2827 598 2869 7-9];
624 2837 642 2859 2
664 2830 754 2860 Sam.
773 2829 856 2860 xxii.
876 2830 904 2867 8,
922 2829 974 2870 9):

260 2930 351 2958 non
378 2916 648 2969 intelligitur
675 2916 794 2970 quod
825 2917 1081 2958 ascenderit
1110 2917 1253 2958 fumus
1286 2923 1332 2958 et
1364 2917 1480 2970 ignis
1506 2916 1749 2958 comedens
