1962 3334
210 323 317 376 1326
619 333 952 366 APOCALYPSIS
983 334 1282 366 EXPLICATA.

202 452 324 495 cant,
352 447 426 499 qui
451 454 706 499 agnoscunt
735 447 937 492 Verbum
970 447 1048 488 sed
1081 447 1190 487 illud
1223 447 1453 501 applicant
1486 447 1542 488 ad
1569 447 1693 488 favo-

200 522 296 550 rem
319 523 497 549 suorum
524 523 741 558 amorum,
770 517 815 550 et
843 510 899 550 ad
926 510 1123 551 favorem
1151 511 1467 564 principiorum
1495 525 1608 564 quae
1635 524 1693 551 ex

202 573 381 625 propria
412 571 731 625 intelligentia,
761 574 824 613 ita
856 579 1039 614 vertunt
1072 587 1178 613 vera
1210 573 1349 614 Verbi
1381 574 1424 613 in
1456 573 1594 624 salsa;
1633 575 1693 613 sic

201 636 488 688 cognitiones
515 636 620 676 boni
653 642 698 676 et
725 637 817 677 veri
844 637 962 689 apud
994 636 1096 676 illos
1123 643 1326 689 pereunt.
1389 636 1462 676 Ex
1490 636 1558 676 his
1585 650 1694 676 con-

200 704 322 738 stare
341 705 494 751 potest
514 699 632 752 quod
657 713 734 751 per
755 699 975 739 “stellam
995 714 1018 739 e
1037 699 1165 739 caelo
1183 699 1415 752 delapsam
1434 700 1477 739 in
1496 706 1662 739 terram
1676 698 1694 713 ''

200 761 478 814 significetur
509 762 629 815 quod
667 763 953 815 cognitiones
990 763 1083 803 veri
1115 761 1378 802 falsificatae
1410 763 1514 810 sint,
1549 768 1594 802 et
1632 763 1693 802 sic

199 836 357 863 versae
388 824 431 863 in
461 823 574 863 falSa
606 834 759 870 (similiter
782 844 819 863 ac
838 844 942 871 supra,
964 843 994 863 n.
1023 833 1132 875 517).
1193 823 1328 876 QUOd
1363 823 1584 864 “delabi”
1614 837 1693 864 Seu

203 885 403 925 “cadere
430 900 453 926 e
479 885 607 926 caelo
638 887 681 925 in
714 885 913 926 terram’'
940 885 1162 938 significet
1190 887 1347 938 perire,
1376 885 1461 925 hoc
1490 892 1575 933 est,
1603 898 1693 925 non

199 946 349 988 locum
373 947 564 1001 amplius
588 948 754 988 habere
782 949 824 988 in
849 948 990 997 caelo,
1016 948 1095 988 sed
1123 949 1226 988 inde
1253 948 1382 1000 dejici
1409 955 1454 988 et
1482 948 1694 1001 conjungi

198 1010 384 1059 inferno,
413 1018 542 1064 patet
569 1025 594 1051 a
621 1011 927 1064 sequentibus,
956 1012 1029 1051 ubi
1056 1012 1219 1052 dicitur
1245 1011 1364 1064 quod
1395 1015 1419 1067 ‘q‘
1434 1012 1543 1052 data
1569 1012 1607 1051 ei
1635 1012 1693 1051 s‘it

199 1073 338 1114 clavis
365 1074 489 1127 putei
515 1074 706 1127 abyssi‚''
733 1081 778 1114 et
808 1075 927 1128 quod
957 1076 1218 1128 “aperuerit
1251 1074 1376 1115 illum
1395 1074 1428 1125 ;''
1465 1089 1543 1128 per
1572 1078 1693 1128 “pu-

199 1142 324 1178 teum
350 1137 533 1190 abyssi''
560 1137 837 1191 significatur
862 1138 1082 1178 infernum
1110 1138 1183 1178 ubi
1215 1145 1261 1178 et
1294 1138 1412 1178 unde
1438 1138 1550 1178 falsa
1573 1137 1691 1178 mali.

200 1199 354 1241 Simile
386 1200 664 1253 significatur
695 1215 774 1254 per
808 1202 1007 1242 “cadere
1040 1216 1063 1242 e
1096 1201 1224 1242 caelo
1255 1203 1299 1242 in
1332 1208 1499 1242 terram
1512 1201 1531 1218 ''
1562 1216 1694 1256 supra

198 1265 244 1303 in
269 1264 554 1317 Apocalypsi,

464 1347 541 1379 “Et
559 1348 683 1379 stellae
702 1347 792 1379 caeli
812 1349 1018 1380 ceciderunt
1037 1349 1073 1380 in
1093 1348 1252 1380 terram”
1271 1348 1331 1389 (vi.
1355 1349 1407 1389 13)
1425 1358 1431 1386 ;

200 1414 247 1449 et
276 1407 395 1456 alibi,

273 1483 390 1514 Draco
408 1484 521 1515 cauda
538 1494 603 1515 sua
620 1484 762 1515 “traxit
778 1484 920 1515 tertiam
935 1490 1072 1524 partem
1087 1484 1271 1516 stellarum
1289 1485 1392 1522 caeli,
1407 1491 1443 1516 et
1460 1484 1613 1525 projecit
1630 1494 1692 1516 eas

375 1528 411 1558 in
433 1527 593 1558 terram’'
611 1528 685 1567 (xii.
699 1529 754 1567 4);

199 1603 318 1656 apud
343 1603 585 1652 Danielem,

273 1678 396 1710 Cornu
413 1679 503 1710 hirci
521 1689 708 1719 caprarum
731 1681 753 1694 “
766 1680 877 1711 crevit
893 1690 1004 1721 usque
1022 1681 1066 1712 ad
1083 1682 1275 1712 exercitum
1294 1681 1488 1717 caelorum,
1509 1686 1544 1711 et
1562 1679 1693 1719 dejecit

374 1723 409 1753 in
428 1729 561 1754 terram
579 1724 622 1754 de
640 1724 810 1761 exercitu,
825 1730 860 1755 et
877 1724 920 1755 de
938 1724 1062 1762 stellis,
1084 1730 1119 1755 et
1137 1725 1361 1756 conculcavit
1378 1724 1466 1755 illa’¹
1484 1723 1570 1764 (viii.
1588 1724 1640 1763 10)
1655 1734 1661 1759 ;

200 1805 318 1858 apud
344 1806 637 1855 Matthaeum,

268 1882 427 1914 “Statim
446 1889 530 1923 post
553 1882 784 1914 afflictionem
802 1884 940 1915 dierum
962 1884 1112 1915 istorum
1134 1884 1188 1915 sol
1207 1884 1456 1939 obscurabitur
1460 1909 1551 1921 .....
1560 1890 1595 1916 et
1611 1884 1693 1915 stel-

372 1927 426 1958 lae
444 1928 571 1958 cadent
588 1928 631 1958 de
650 1927 779 1958 caelo”
797 1928 905 1967 (xxiv.
924 1928 989 1969 29).

198 2013 352 2055 Simile
379 2014 658 2067 significatur
685 2029 763 2068 per
790 2016 973 2056 Domini
1000 2016 1137 2056 verba
1164 2015 1282 2068 apud
1308 2015 1486 2064 Lucam,

273 2106 371 2137 Dixit
388 2106 504 2148 Jesus,
528 2106 645 2138 “Vidi
663 2113 827 2138 satanam
846 2106 937 2138 sicut
954 2107 1090 2138 fulmen
1108 2117 1127 2138 e
1145 2107 1246 2138 caelo
1264 2106 1480 2138 cadentem'’
1498 2105 1543 2143 (x.
1559 2103 1668 2145 [¹118):

197 2209 278 2248 per
320 2195 600 2235 “satanam”
642 2195 913 2248 intelligitur
953 2209 1087 2236 omne
1133 2195 1291 2236 falsum
1338 2196 1457 2249 quod
1498 2195 1690 2235 destruit

198 2271 380 2309 verum;
413 2258 583 2298 inferna
610 2259 729 2298 enim
757 2259 829 2298 ubi
852 2258 962 2298 talia
988 2259 1113 2307 salsa,
1139 2265 1184 2299 et
1212 2258 1330 2298 unde
1356 2258 1447 2307 illa,
1471 2265 1692 2299 vocantur

200 2325 422 2361 “satanas
440 2320 474 2371 ;'’
506 2327 552 2361 at
581 2321 751 2361 inferna
778 2321 850 2361 ubi
878 2327 924 2362 et
952 2322 1070 2362 unde
1097 2328 1201 2362 sunt
1230 2321 1349 2361 mala
1375 2335 1488 2374 quae
1513 2319 1690 2361 destru-

197 2391 278 2424 unt
305 2385 438 2432 bona,
467 2391 689 2424 vocantur
718 2384 963 2424 “diabolus
981 2384 1015 2424 :’'
1052 2398 1188 2438 quare
1215 2399 1293 2437 per
1320 2385 1439 2438 Quod
1469 2387 1690 2424 “satanas

198 2448 313 2487 sicut
339 2447 507 2487 fulmen
534 2461 557 2487 e
585 2447 712 2487 caelo
735 2447 989 2495 ceciderit‚‘’
1012 2447 1283 2500 intelligitur
1305 2447 1424 2500 quod
1452 2460 1586 2487 omne
1607 2446 1689 2487 fal-

199 2523 310 2557 sum,
345 2510 464 2563 quod
497 2510 725 2550 destruxit
763 2524 917 2550 verum
945 2510 1099 2559 Verbi,
1134 2525 1157 2551 e
1189 2510 1316 2551 caelo
1349 2508 1571 2562 dejectum
1603 2511 1687 2550 sit:

198 2573 417 2621 similiter,

272 2663 376 2703 Quod
394 2661 554 2702 dejecstus
572 2663 618 2694 sit
635 2663 743 2694 draco
761 2673 914 2703 magnus
933 2664 968 2694 in
994 2670 1137 2702 terram,
1159 2670 1194 2695 et
1211 2664 1330 2703 angeli
1350 2663 1444 2694 illius
1461 2673 1541 2694 curn
1560 2663 1634 2700 illo,
1655 2669 1689 2694 et

373 2707 467 2746 quod
488 2707 588 2737 locus
610 2716 733 2738 eorum
756 2717 828 2738 non
850 2707 1017 2738 inventus
1038 2708 1084 2739 sit
1103 2707 1257 2747 amplius
1277 2708 1313 2738 in
1334 2708 1433 2738 caelo
1453 2705 1606 2748 ([Ap0c.]
1625 2707 1685 2738 xii.

372 2751 401 2787 8,
422 2753 466 2790 9).

198 2839 274 2879 Ex
305 2838 373 2878 his
406 2845 616 2879 constare
648 2844 817 2892 potest,
846 2840 965 2892 quod
996 2839 1162 2888 “labi,’'
1191 2838 1422 2880 “cadere''
1445 2845 1491 2879 et
1522 2838 1687 2891 “dejici

197 2916 222 2942 e
247 2901 374 2942 caelo
401 2902 443 2941 in
471 2901 678 2950 terram,”
701 2901 923 2954 significet
948 2916 1037 2942 non
1061 2902 1251 2955 amplius
1279 2902 1444 2943 habere
1468 2902 1615 2942 locum
1642 2902 1686 2941 in

143 2975 146 2978 ⁴
198 2964 339 3015 caelo,
374 2964 452 3005 sed
484 2965 528 3005 in
560 2964 745 3014 inferno,
774 2965 838 3005 ita
869 2966 1037 3018 perire:
1077 2979 1155 3019 per
1189 2965 1424 3006 “terram'’
1457 2966 1594 3007 etiam
1626 2964 1685 3004 ibi
