1962 3334
280 273 388 313 1822
565 326 570 332 ι
689 278 1023 312 APOCALYPSIS
1055 279 1355 311 EXPLICATA.

275 401 322 436 et
349 395 560 448 quoniam
587 394 672 435 hoc
700 394 1128 447 repraesentabatur
1154 406 1232 447 per
1258 391 1515 434 unffionem
1538 391 1766 471 Aharonis

274 465 321 499 et
347 457 538 498 filiorum
565 457 657 510 ejus
683 457 785 498 ideo

347 551 478 584 Sancta
498 552 649 583 filiorum
674 551 829 589 Israelis,
848 562 937 593 quae
957 558 1059 583 erant
1081 551 1197 592 Ipsius
1214 551 1384 593 Jehovae,
1402 551 1484 582 data
1503 557 1586 582 sunt
1605 550 1767 582 Aharoni

447 603 482 627 et
499 596 579 627 filiis
597 596 674 636 ejus
692 605 756 636 pro
774 594 945 627 unctione
962 595 1085 635 (Num.
1103 596 1198 627 xviii.
1218 596 1250 635 8)
1265 606 1271 627 :

273 687 444 737 sancta,
478 703 591 742 quae
625 688 800 729 fuerunt
831 688 1044 741 Jehovae,
1080 688 1284 728 Aharoni
1316 694 1362 728 et
1399 687 1498 727 filiis
1537 687 1628 739 ejus
1660 686 1767 727 data

275 766 356 806 pro
388 750 612 801 unctione,
646 758 967 792 enumerantur
997 766 1022 791 a
1053 766 1166 792 vers.
1198 763 1226 804 9
1256 751 1312 791 ad
1350 763 1401 803 19
1431 751 1548 791 illius
1579 751 1764 803 capitis:

274 815 355 855 sed
381 815 619 855 videantur
645 828 758 868 quae
785 815 840 855 de
867 813 1149 855 unctionibus
1179 815 1297 866 prius
1323 815 1461 854 etiam
1487 811 1608 853 dic‘ta
1633 820 1764 863 sunt;

274 884 324 918 ut
356 878 476 931 quod
509 877 640 918 Solus
673 877 893 918 Dominus
925 877 1073 930 quoad
1106 877 1320 917 Divinum
1349 876 1610 916 Humanum
1636 876 1765 917 suerit

274 943 300 960 “
314 939 491 982 Unctus
507 940 744 993 Jehovae‚'’
764 941 866 994 quia
884 941 927 980 in
946 941 1050 993 Ipso
1068 947 1164 981 erat
1185 940 1397 980 Divinum
1421 939 1596 980 Bonum
1616 939 1765 979 Divini

272 1003 470 1052 Amoris,
500 1003 619 1057 quod
646 1017 724 1056 per
749 1002 966 1043 “oleum’‘
993 1002 1355 1056 significabatur;
1390 1009 1435 1043 et
1463 1001 1766 1055 quod-reliqui

271 1063 395 1105 uncti
435 1064 734 1117 oleo'Ipsum
776 1064 914 1104 modo
950 1064 1400 1117 repraesentaverint
1437 1072 1764 1115 (n.375[e(iv.‚v.)]).

273 1125 401 1167 Haec
439 1126 494 1166 de
535 1124 726 1167 “Uncto
761 1126 1000 1178 Jehovae,”
1037 1127 1139 1179 quia
1178 1123 1394 1167 “Unctus
1429 1124 1661 1178 Jehovae”
1696 1131 1765 1165 est

271 1188 490 1238 Christus,
534 1195 583 1230 ut
625 1190 791 1229 sciatur
831 1189 951 1242 quod
997 1202 1076 1241 per
1119 1189 1403 1229 “Dominum
1449 1195 1495 1229 et
1536 1187 1766 1229 Christum

271 1251 444 1304 Ipsius''
476 1252 519 1292 in
556 1251 641 1292 hoc
680 1252 780 1292 loco
817 1251 1144 1304 Apocalypseos
1181 1265 1271 1292 non
1309 1250 1623 1304 intelligantur
1659 1251 1763 1298 duo,

271 1315 352 1356 sed
394 1315 512 1368 quod
554 1315 836 1368 intelligatur
876 1329 1002 1363 unus,
1046 1329 1124 1355 seu
1165 1315 1285 1368 quod
1328 1328 1464 1355 unum
1506 1315 1608 1363 sint,
1652 1315 1766 1355 sicut

273 1377 491 1420 “Unctus
515 1377 752 1430 Jehovae‚''
779 1385 824 1418 et
854 1377 1096 1418 “Christus
1124 1377 1335 1418 Domini”
1365 1376 1484 1431 (Luc.
1510 1378 1550 1418 ii.
1578 1377 1667 1431 26).

354 1447 434 1502 [6.]
478 1447 597 1500 Quia
631 1448 702 1488 hic
741 1449 893 1501 agitur
922 1448 981 1488 de
1012 1448 1228 1496 Domino,
1261 1454 1310 1488 ut
1342 1449 1513 1488 sciatur
1544 1449 1663 1489 unde
1694 1456 1764 1493 est

271 1510 393 1564 quod
421 1509 566 1551 dic'tus
591 1511 649 1551 sit
677 1510 894 1558 Christus,
923 1511 1008 1550 hoc
1041 1517 1124 1558 est,
1155 1510 1342 1550 Messias
1375 1524 1452 1550 seu
1478 1509 1669 1559 Unctus,
1697 1511 1763 1551 in-

270 1580 413 1614 terest
458 1580 507 1614 ut
545 1573 835 1626 explicentur
875 1587 988 1626 quae
1031 1573 1149 1626 apud
1188 1573 1416 1613 Danielem
1457 1572 1669 1626 leguntur
1709 1573 1764 1614 de

271 1636 451 1686 Messia,

337 1731 592 1772 “Septimanae
616 1733 844 1772 septuaginta
868 1732 1008 1764 decisae
1032 1738 1115 1763 sunt
1140 1742 1246 1772 super
1270 1732 1438 1772 populum
1464 1738 1574 1775 tuum,
1599 1738 1634 1764 et
1658 1742 1765 1773 super

445 1778 569 1808 urbem
595 1775 796 1807 sanctitatis
824 1783 930 1814 tuam,
950 1776 995 1807 ad
1015 1777 1335 1807 consummandum
1357 1777 1709 1816 praevaricationem,
1729 1782 1765 1807 et

444 1821 489 1851 ad
509 1820 771 1860 obsignandum
793 1826 951 1860 peccata,
967 1826 1002 1850 et
1025 1820 1069 1850 ad
1089 1820 1304 1859 expiandum
1324 1820 1557 1860 iniquitatem,
1578 1826 1613 1851 et
1636 1821 1680 1851 ad
1705 1821 1765 1851 ad-

443 1864 643 1895 ducendum
663 1863 836 1903 justitiam
861 1863 1094 1901 saeculorum,
1115 1870 1149 1894 et
1172 1863 1217 1894 ad
1241 1864 1503 1903 obsignandum
1529 1863 1703 1895 visionem
1729 1870 1764 1894 et

445 1907 666 1947 prophetam,
692 1913 727 1938 et
750 1907 795 1938 ad
818 1907 1024 1946 ungendum
1050 1905 1212 1938 sanctum
1237 1906 1453 1938 sanctorum.
1501 1907 1595 1938 Scito
1620 1917 1705 1947 ergo
1730 1913 1764 1937 et

445 1951 616 1991 percipito
640 1952 684 1982 ab
709 1951 803 1981 exitu
829 1950 935 1981 Verbi
960 1951 1004 1981 ad
1028 1961 1139 1991 usque
1164 1951 1419 1981 restituendum
1445 1956 1480 1981 et
1504 1950 1762 1982 aedificandum

448 1994 751 2034 Hierosolymam,
767 2004 877 2034 usque
891 1994 935 2025 ad
955 1993 1124 2025 Messiam
1143 1994 1354 2034 Principem,
1369 1994 1590 2034 septimanae
1604 2001 1739 2034 septem
1756 2006 1762 2025 z

447 2044 572 2079 postea
592 2038 801 2077 septimanis
822 2038 1008 2077 sexaginta
1028 2044 1062 2069 et
1086 2039 1223 2069 duabus
1245 2038 1449 2069 restituetur
1468 2044 1503 2068 et
1522 2037 1762 2069 aedificabitur

446 2082 565 2122 platea
577 2089 612 2112 et
626 2082 733 2119 fossa,
749 2082 809 2112 sed
825 2082 859 2112 in
874 2082 1039 2121 angustia
1054 2088 1263 2121 temporum.
1313 2081 1398 2112 Post
1411 2087 1528 2112 autem
1543 2081 1763 2121 septimanas

445 2126 634 2165 sexaginta
650 2126 737 2156 duas
758 2125 939 2156 excidetur
961 2124 1123 2162 Messias,
1142 2125 1204 2156 sed
1225 2135 1297 2155 non
1320 2125 1412 2156 Sibi:
1439 2125 1566 2155 deinde
1586 2125 1709 2156 urbem
1727 2131 1763 2155 et

445 2167 686 2200 sanctuarium
705 2169 828 2208 perdet
845 2169 996 2208 populus
1015 2169 1183 2208 principis
1201 2169 1351 2206 venturi,
1370 2169 1418 2199 ita
1435 2175 1472 2199 ut
1489 2168 1569 2199 finis
1586 2168 1664 2208 ejus
1682 2178 1761 2199 cum

445 2213 687 2250 inundatione,
702 2218 739 2242 et
754 2222 864 2252 usque
881 2213 924 2243 ad
943 2212 1049 2243 finem
1068 2212 1150 2243 belli
1168 2212 1306 2243 decisae
1324 2212 1576 2243 desolationes.
1624 2211 1764 2242 Confir-

445 2257 555 2287 mabit
568 2262 686 2287 tamen
699 2256 824 2286 foedus
837 2256 958 2286 multis
970 2256 1170 2295 septimana
1181 2265 1251 2286 una
1265 2265 1271 2292 ;
1289 2256 1352 2286 sed
1364 2256 1398 2286 in
1411 2256 1529 2286 medio
1541 2255 1762 2295 septimanae

445 2309 584 2330 cessare
601 2299 706 2330 faciet
720 2299 928 2330 sacrificium
947 2305 983 2330 et
999 2299 1176 2330 mincham
1193 2310 1198 2330 :
1227 2299 1369 2330 tandem
1387 2308 1494 2338 super
1506 2308 1608 2329 avem
1626 2300 1763 2329 abomi-

445 2343 629 2374 nationum
648 2343 833 2380 desolatio,
852 2349 886 2374 et
905 2352 1016 2382 usque
1037 2343 1081 2373 ad
1099 2343 1444 2373 consummationem
1462 2348 1497 2373 et
1513 2342 1671 2373 decisum
1690 2342 1762 2373 stil-

444 2386 531 2417 labit
547 2396 654 2426 super
669 2386 954 2417 devastationem
967 2385 984 2398 ¹³
1003 2386 1110 2425 (Dan.
1129 2387 1173 2417 ix.
1192 2386 1333 2426 24-27):

271 2493 428 2521 sensus
468 2480 627 2520 horum
665 2480 902 2520 verborum
945 2493 970 2520 a
1012 2479 1164 2520 multis
1205 2480 1388 2520 eruditis
1430 2480 1761 2532 pervestigatus

269 2550 316 2583 et
342 2542 598 2595 explicatus
629 2549 712 2591 est,
743 2543 822 2582 sed
855 2542 1000 2583 solum
1033 2543 1180 2595 quoad
1213 2556 1394 2583 sensum
1426 2542 1685 2590 litteralem,
1713 2549 1760 2582 at

269 2606 470 2645 nondum
507 2606 654 2658 quoad
692 2619 875 2645 sensum
914 2605 1217 2658 spirit-ualem3
1262 2606 1332 2646 hic
1370 2606 1488 2645 enim
1525 2619 1680 2645 sensus
1715 2606 1759 2645 in

269 2668 377 2708 orbe
418 2667 674 2708 Christiano
710 2667 927 2708 hactenus
971 2669 1156 2720 ignotus
1192 2668 1347 2708 fuerat.
1409 2668 1460 2708 In
1501 2668 1586 2708 hoc
1627 2681 1759 2708 sensu

267 2730 503 2783 sequentia
535 2743 612 2783 per
643 2730 719 2770 illa
745 2730 881 2770 verba
913 2730 1250 2782 significantur:
1296 2729 1624 2782 “Septim'anae
1656 2744 1758 2783 sep-

267 2793 477 2846 tuaginta
500 2793 677 2832 decisae
700 2799 803 2833 sunt
828 2806 959 2845 super
981 2793 1195 2845 populum
1220 2799 1344 2833 tuum
1358 2793 1376 2807 ’'
1394 2793 1616 2846 significat
1639 2800 1754 2834 tem-

269 2869 351 2908 pus
377 2862 423 2895 et
450 2861 620 2895 statum
647 2855 864 2908 ecclesiae
891 2869 1003 2908 quae
1031 2862 1136 2895 tunc
1159 2855 1279 2909 ⁴apud
1301 2856 1508 2908 Judaeos,
1537 2870 1674 2909 usque
1701 2856 1757 2895 ad

268 2917 402 2959 finem
426 2917 543 2971 ejus;
581 2921 793 2971 “septem
807 2918 824 2931 ''
847 2925 892 2959 et
919 2919 1277 2972 “septuaginta''
1295 2918 1549 2971 significant
1573 2919 1752 2972 plenum
