<?xml version="1.0" encoding="UTF-8"?>
<!DOCTYPE html PUBLIC "-//W3C//DTD XHTML 1.0 Transitional//EN"
    "http://www.w3.org/TR/xhtml1/DTD/xhtml1-transitional.dtd">
<html xmlns="http://www.w3.org/1999/xhtml" xml:lang="en" lang="en">
 <head>
  <title>
</title>
<meta http-equiv="Content-Type" content="text/html;charset=utf-8" />
  <meta name='ocr-system' content='tesseract 3.04.00' />
  <meta name='ocr-capabilities' content='ocr_page ocr_carea ocr_par ocr_line ocrx_word'/>
</head>
<body>
  <div class='ocr_page' id='page_1' title='image "apocalypsisexpli03sweduoft_0479.png"; bbox 0 0 1962 3334; ppageno 0'>
   <div class='ocr_carea' id='block_1_1' title="bbox 0 0 66 3334">
    <p class='ocr_par' dir='ltr' id='par_1_1' title="bbox 0 0 66 3334">
     <span class='ocr_line' id='line_1_1' title="bbox 0 0 66 3334; baseline 0 0"><span class='ocrx_word' id='word_1_1' title='bbox 0 0 66 3334; x_wconf 95' lang='lat' dir='ltr'> </span> 
     </span>
    </p>
   </div>
   <div class='ocr_carea' id='block_1_2' title="bbox 563 270 1677 337">
    <p class='ocr_par' dir='ltr' id='par_1_2' title="bbox 563 270 1677 337">
     <span class='ocr_line' id='line_1_2' title="bbox 563 270 1677 337; baseline -0.001 -22"><span class='ocrx_word' id='word_1_2' title='bbox 563 282 669 316; x_wconf 85' lang='lat' dir='ltr'>CAP.</span> <span class='ocrx_word' id='word_1_3' title='bbox 691 283 773 323; x_wconf 83' lang='lat' dir='ltr'>XL,</span> <span class='ocrx_word' id='word_1_4' title='bbox 795 282 933 314; x_wconf 79' lang='lat' dir='ltr'>VERs.</span> <span class='ocrx_word' id='word_1_5' title='bbox 960 281 1128 324; x_wconf 80' lang='lat' dir='ltr'>13.—-N.</span> <span class='ocrx_word' id='word_1_6' title='bbox 1150 270 1319 337; x_wconf 21' lang='lat' dir='ltr'>675¹[a].</span> <span class='ocrx_word' id='word_1_7' title='bbox 1477 279 1480 281; x_wconf 84' lang='grc'><strong><em>’</em></strong></span> <span class='ocrx_word' id='word_1_8' title='bbox 1573 278 1677 322; x_wconf 90' lang='lat'>1793</span> 
     </span>
    </p>
   </div>
   <div class='ocr_carea' id='block_1_3' title="bbox 173 391 1678 1196">
    <p class='ocr_par' dir='ltr' id='par_1_3' title="bbox 173 391 1678 1196">
     <span class='ocr_line' id='line_1_3' title="bbox 203 391 1676 448; baseline -0.004 -12"><span class='ocrx_word' id='word_1_9' title='bbox 203 395 309 436; x_wconf 90' lang='lat' dir='ltr'>mali</span> <span class='ocrx_word' id='word_1_10' title='bbox 326 394 480 448; x_wconf 88' lang='lat' dir='ltr'>quales</span> <span class='ocrx_word' id='word_1_11' title='bbox 497 394 710 447; x_wconf 84' lang='lat' dir='ltr'><strong>descripti</strong></span> <span class='ocrx_word' id='word_1_12' title='bbox 726 400 845 442; x_wconf 88' lang='lat' dir='ltr'>sunt,</span> <span class='ocrx_word' id='word_1_13' title='bbox 865 399 911 435; x_wconf 90' lang='lat' dir='ltr'>et</span> <span class='ocrx_word' id='word_1_14' title='bbox 930 393 1061 433; x_wconf 88' lang='lat' dir='ltr'>simul</span> <span class='ocrx_word' id='word_1_15' title='bbox 1080 406 1180 433; x_wconf 92' lang='lat' dir='ltr'>cum</span> <span class='ocrx_word' id='word_1_16' title='bbox 1198 392 1284 433; x_wconf 89' lang='lat' dir='ltr'>illis</span> <span class='ocrx_word' id='word_1_17' title='bbox 1297 391 1403 432; x_wconf 91' lang='lat' dir='ltr'>boni</span> <span class='ocrx_word' id='word_1_18' title='bbox 1419 406 1429 441; x_wconf 88' lang='lat'>;</span> <span class='ocrx_word' id='word_1_19' title='bbox 1456 397 1502 432; x_wconf 92' lang='lat' dir='ltr'>et</span> <span class='ocrx_word' id='word_1_20' title='bbox 1519 404 1676 444; x_wconf 92' lang='lat' dir='ltr'>quam-</span> 
     </span>
     <span class='ocr_line' id='line_1_4' title="bbox 204 453 1677 508; baseline -0.003 -11"><span class='ocrx_word' id='word_1_21' title='bbox 204 458 279 498; x_wconf 92' lang='lat' dir='ltr'>diu</span> <span class='ocrx_word' id='word_1_22' title='bbox 322 457 366 497; x_wconf 91' lang='lat' dir='ltr'>in</span> <span class='ocrx_word' id='word_1_23' title='bbox 406 470 493 497; x_wconf 89' lang='lat' dir='ltr'>una</span> <span class='ocrx_word' id='word_1_24' title='bbox 529 457 750 497; x_wconf 89' lang='lat' dir='ltr'>societate</span> <span class='ocrx_word' id='word_1_25' title='bbox 781 456 957 496; x_wconf 87' lang='lat' dir='ltr'>suerunt</span> <span class='ocrx_word' id='word_1_26' title='bbox 988 453 1227 508; x_wconf 66' lang='lat' dir='ltr'>conjuncti,</span> <span class='ocrx_word' id='word_1_27' title='bbox 1253 461 1361 508; x_wconf 82' lang='lat' dir='ltr'>tunc</span> <span class='ocrx_word' id='word_1_28' title='bbox 1394 453 1499 494; x_wconf 90' lang='lat' dir='ltr'>mali</span> <span class='ocrx_word' id='word_1_29' title='bbox 1529 453 1677 507; x_wconf 87' lang='lat' dir='ltr'>quoad</span> 
     </span>
     <span class='ocr_line' id='line_1_5' title="bbox 203 517 1677 572; baseline -0.003 -12"><span class='ocrx_word' id='word_1_30' title='bbox 203 526 396 560; x_wconf 84' lang='lat' dir='ltr'>externa</span> <span class='ocrx_word' id='word_1_31' title='bbox 427 525 726 572; x_wconf 89' lang='lat' dir='ltr'>apparuerunt</span> <span class='ocrx_word' id='word_1_32' title='bbox 760 519 875 559; x_wconf 89' lang='lat' dir='ltr'>sicut</span> <span class='ocrx_word' id='word_1_33' title='bbox 912 518 1048 567; x_wconf 91' lang='lat' dir='ltr'>boni;</span> <span class='ocrx_word' id='word_1_34' title='bbox 1092 524 1139 558; x_wconf 92' lang='lat' dir='ltr'>at</span> <span class='ocrx_word' id='word_1_35' title='bbox 1182 530 1283 558; x_wconf 92' lang='lat' dir='ltr'>cum</span> <span class='ocrx_word' id='word_1_36' title='bbox 1323 517 1520 569; x_wconf 87' lang='lat' dir='ltr'>separati</span> <span class='ocrx_word' id='word_1_37' title='bbox 1556 522 1677 563; x_wconf 83' lang='lat' dir='ltr'>sunt,-</span> 
     </span>
     <span class='ocr_line' id='line_1_6' title="bbox 173 578 1677 634; baseline -0.003 -11"><span class='ocrx_word' id='word_1_38' title='bbox 173 582 179 588; x_wconf 82' lang='lat'>&#39;</span> <span class='ocrx_word' id='word_1_39' title='bbox 202 589 309 623; x_wconf 90' lang='lat' dir='ltr'>tunc</span> <span class='ocrx_word' id='word_1_40' title='bbox 335 582 502 623; x_wconf 91' lang='lat' dir='ltr'>bonum</span> <span class='ocrx_word' id='word_1_41' title='bbox 528 588 782 630; x_wconf 87' lang='lat' dir='ltr'>externum,</span> <span class='ocrx_word' id='word_1_42' title='bbox 809 582 930 634; x_wconf 93' lang='lat' dir='ltr'>quod</span> <span class='ocrx_word' id='word_1_43' title='bbox 957 581 1094 621; x_wconf 91' lang='lat' dir='ltr'>modo</span> <span class='ocrx_word' id='word_1_44' title='bbox 1119 581 1198 621; x_wconf 88' lang='lat' dir='ltr'>suit</span> <span class='ocrx_word' id='word_1_45' title='bbox 1223 581 1391 620; x_wconf 91' lang='lat' dir='ltr'>bonum</span> <span class='ocrx_word' id='word_1_46' title='bbox 1418 578 1677 619; x_wconf 88' lang='lat' dir='ltr'>simulatum</span> 
     </span>
     <span class='ocr_line' id='line_1_7' title="bbox 201 643 1676 698; baseline -0.003 -12"><span class='ocrx_word' id='word_1_47' title='bbox 201 651 249 686; x_wconf 90' lang='lat' dir='ltr'>et</span> <span class='ocrx_word' id='word_1_48' title='bbox 277 645 622 698; x_wconf 89' lang='lat' dir='ltr'>hypocriticum,</span> <span class='ocrx_word' id='word_1_49' title='bbox 651 644 769 697; x_wconf 92' lang='lat' dir='ltr'>apud</span> <span class='ocrx_word' id='word_1_50' title='bbox 799 643 901 684; x_wconf 89' lang='lat' dir='ltr'>illos</span> <span class='ocrx_word' id='word_1_51' title='bbox 932 644 1210 696; x_wconf 89' lang='lat' dir='ltr'>disparatum</span> <span class='ocrx_word' id='word_1_52' title='bbox 1242 649 1326 690; x_wconf 90' lang='lat' dir='ltr'>est,</span> <span class='ocrx_word' id='word_1_53' title='bbox 1354 648 1400 682; x_wconf 88' lang='lat' dir='ltr'>et</span> <span class='ocrx_word' id='word_1_54' title='bbox 1432 647 1676 695; x_wconf 88' lang='lat' dir='ltr'>patuerunt</span> 
     </span>
     <span class='ocr_line' id='line_1_8' title="bbox 200 704 1678 759; baseline -0.003 -11"><span class='ocrx_word' id='word_1_55' title='bbox 200 707 377 748; x_wconf 88' lang='lat' dir='ltr'>illorum</span> <span class='ocrx_word' id='word_1_56' title='bbox 413 707 640 754; x_wconf 88' lang='lat' dir='ltr'>interiora,</span> <span class='ocrx_word' id='word_1_57' title='bbox 681 720 795 759; x_wconf 90' lang='lat' dir='ltr'>quae</span> <span class='ocrx_word' id='word_1_58' title='bbox 832 712 961 746; x_wconf 88' lang='lat' dir='ltr'>erant</span> <span class='ocrx_word' id='word_1_59' title='bbox 1005 705 1251 752; x_wconf 85' lang='lat' dir='ltr'>infernalia,</span> <span class='ocrx_word' id='word_1_60' title='bbox 1285 705 1508 745; x_wconf 81' lang='lat' dir='ltr'>scatentia</span> <span class='ocrx_word' id='word_1_61' title='bbox 1544 704 1678 744; x_wconf 87' lang='lat' dir='ltr'>meris</span> 
     </span>
     <span class='ocr_line' id='line_1_9' title="bbox 201 765 1674 821; baseline -0.002 -12"><span class='ocrx_word' id='word_1_62' title='bbox 201 769 329 810; x_wconf 90' lang='lat' dir='ltr'>malis</span> <span class='ocrx_word' id='word_1_63' title='bbox 355 775 400 810; x_wconf 89' lang='lat' dir='ltr'>et</span> <span class='ocrx_word' id='word_1_64' title='bbox 427 769 529 808; x_wconf 90' lang='lat' dir='ltr'>inde</span> <span class='ocrx_word' id='word_1_65' title='bbox 554 765 688 808; x_wconf 72' lang='lat' dir='ltr'>salsis&#39;.</span> <span class='ocrx_word' id='word_1_66' title='bbox 751 767 876 808; x_wconf 90' lang='lat' dir='ltr'>Talis</span> <span class='ocrx_word' id='word_1_67' title='bbox 901 769 1142 821; x_wconf 88' lang='lat' dir='ltr'>separatio,</span> <span class='ocrx_word' id='word_1_68' title='bbox 1171 774 1217 808; x_wconf 89' lang='lat' dir='ltr'>et</span> <span class='ocrx_word' id='word_1_69' title='bbox 1249 767 1354 807; x_wconf 92' lang='lat' dir='ltr'>talis</span> <span class='ocrx_word' id='word_1_70' title='bbox 1379 767 1482 807; x_wconf 88' lang='lat' dir='ltr'>inde</span> <span class='ocrx_word' id='word_1_71' title='bbox 1511 772 1674 813; x_wconf 79' lang='lat' dir='ltr'>statuS,</span> 
     </span>
     <span class='ocr_line' id='line_1_10' title="bbox 201 829 1676 884; baseline -0.003 -12"><span class='ocrx_word' id='word_1_72' title='bbox 201 838 271 872; x_wconf 91' lang='lat' dir='ltr'>est</span> <span class='ocrx_word' id='word_1_73' title='bbox 301 832 453 884; x_wconf 91' lang='lat' dir='ltr'>itaque</span> <span class='ocrx_word' id='word_1_74' title='bbox 484 830 558 871; x_wconf 88' lang='lat' dir='ltr'>ille</span> <span class='ocrx_word' id='word_1_75' title='bbox 589 836 736 871; x_wconf 88' lang='lat' dir='ltr'>status</span> <span class='ocrx_word' id='word_1_76' title='bbox 766 831 840 884; x_wconf 93' lang='lat' dir='ltr'>qui</span> <span class='ocrx_word' id='word_1_77' title='bbox 877 830 948 871; x_wconf 91' lang='lat' dir='ltr'>hic</span> <span class='ocrx_word' id='word_1_78' title='bbox 980 830 1270 879; x_wconf 88' lang='lat' dir='ltr'>describitur;</span> <span class='ocrx_word' id='word_1_79' title='bbox 1314 843 1417 870; x_wconf 90' lang='lat' dir='ltr'>nam</span> <span class='ocrx_word' id='word_1_80' title='bbox 1455 829 1526 869; x_wconf 91' lang='lat' dir='ltr'>hic</span> <span class='ocrx_word' id='word_1_81' title='bbox 1559 841 1676 869; x_wconf 90' lang='lat' dir='ltr'>nunc</span> 
     </span>
     <span class='ocr_line' id='line_1_11' title="bbox 200 890 1676 947; baseline -0.003 -13"><span class='ocrx_word' id='word_1_82' title='bbox 200 895 348 947; x_wconf 88' lang='lat' dir='ltr'>agitur</span> <span class='ocrx_word' id='word_1_83' title='bbox 392 894 448 934; x_wconf 89' lang='lat' dir='ltr'>de</span> <span class='ocrx_word' id='word_1_84' title='bbox 493 893 652 934; x_wconf 91' lang='lat' dir='ltr'>ultimo</span> <span class='ocrx_word' id='word_1_85' title='bbox 696 899 900 946; x_wconf 88' lang='lat' dir='ltr'>tempore</span> <span class='ocrx_word' id='word_1_86' title='bbox 941 892 1176 939; x_wconf 88' lang='lat' dir='ltr'>ecclesiae,</span> <span class='ocrx_word' id='word_1_87' title='bbox 1204 892 1384 945; x_wconf 91' lang='lat' dir='ltr'>quando</span> <span class='ocrx_word' id='word_1_88' title='bbox 1425 890 1676 931; x_wconf 88' lang='lat' dir='ltr'>universale</span> 
     </span>
     <span class='ocr_line' id='line_1_12' title="bbox 201 954 1674 1008; baseline -0.003 -10"><span class='ocrx_word' id='word_1_89' title='bbox 201 957 380 998; x_wconf 88' lang='lat' dir='ltr'>exstitit</span> <span class='ocrx_word' id='word_1_90' title='bbox 406 957 450 996; x_wconf 92' lang='lat' dir='ltr'>in</span> <span class='ocrx_word' id='word_1_91' title='bbox 476 956 643 996; x_wconf 91' lang='lat' dir='ltr'>mundo</span> <span class='ocrx_word' id='word_1_92' title='bbox 665 955 885 1008; x_wconf 79' lang='lat' dir='ltr'>spirituali</span> <span class='ocrx_word' id='word_1_93' title='bbox 911 955 1046 1008; x_wconf 90' lang='lat' dir='ltr'>paulo</span> <span class='ocrx_word' id='word_1_94' title='bbox 1071 961 1179 995; x_wconf 91' lang='lat' dir='ltr'>ante</span> <span class='ocrx_word' id='word_1_95' title='bbox 1205 955 1413 995; x_wconf 87' lang='lat' dir='ltr'>ultimum</span> <span class='ocrx_word' id='word_1_96' title='bbox 1435 954 1674 1006; x_wconf 89' lang='lat' dir='ltr'>judicium:</span> 
     </span>
     <span class='ocr_line' id='line_1_13' title="bbox 194 1013 1676 1072; baseline -0.002 -12"><span class='ocrx_word' id='word_1_97' title='bbox 194 1019 407 1072; x_wconf 91' lang='lat' dir='ltr'>judicium</span> <span class='ocrx_word' id='word_1_98' title='bbox 428 1020 581 1059; x_wconf 89' lang='lat' dir='ltr'>instat.</span> <span class='ocrx_word' id='word_1_99' title='bbox 643 1017 778 1071; x_wconf 81' lang='lat' dir='ltr'>Quod</span> <span class='ocrx_word' id='word_1_100' title='bbox 803 1022 827 1038; x_wconf 93' lang='lat'><strong>“</strong></span> <span class='ocrx_word' id='word_1_101' title='bbox 842 1018 1032 1059; x_wconf 88' lang='lat' dir='ltr'>decem&#39;’</span> <span class='ocrx_word' id='word_1_102' title='bbox 1049 1017 1304 1071; x_wconf 91' lang='lat' dir='ltr'>significent</span> <span class='ocrx_word' id='word_1_103' title='bbox 1326 1013 1484 1057; x_wconf 78' lang='lat' dir='ltr'>omnes</span> <span class='ocrx_word' id='word_1_104' title='bbox 1506 1023 1553 1057; x_wconf 93' lang='lat' dir='ltr'>et</span> <span class='ocrx_word' id='word_1_105' title='bbox 1579 1029 1676 1057; x_wconf 92' lang='lat' dir='ltr'>om-</span> 
     </span>
     <span class='ocr_line' id='line_1_14' title="bbox 200 1079 1675 1133; baseline -0.002 -11"><span class='ocrx_word' id='word_1_106' title='bbox 200 1082 287 1130; x_wconf 90' lang='lat' dir='ltr'>nia,</span> <span class='ocrx_word' id='word_1_107' title='bbox 305 1088 402 1122; x_wconf 90' lang='lat' dir='ltr'>tum</span> <span class='ocrx_word' id='word_1_108' title='bbox 419 1080 588 1121; x_wconf 89' lang='lat' dir='ltr'>multos</span> <span class='ocrx_word' id='word_1_109' title='bbox 610 1087 656 1121; x_wconf 91' lang='lat' dir='ltr'>et</span> <span class='ocrx_word' id='word_1_110' title='bbox 682 1080 838 1129; x_wconf 88' lang='lat' dir='ltr'>multa,</span> <span class='ocrx_word' id='word_1_111' title='bbox 858 1087 1068 1121; x_wconf 86' lang='lat' dir='ltr'>constare</span> <span class='ocrx_word' id='word_1_112' title='bbox 1090 1086 1244 1133; x_wconf 88' lang='lat' dir='ltr'>potest</span> <span class='ocrx_word' id='word_1_113' title='bbox 1266 1094 1292 1120; x_wconf 92' lang='lat' dir='ltr'>a</span> <span class='ocrx_word' id='word_1_114' title='bbox 1314 1079 1424 1120; x_wconf 89' lang='lat' dir='ltr'>locis</span> <span class='ocrx_word' id='word_1_115' title='bbox 1447 1081 1491 1119; x_wconf 91' lang='lat' dir='ltr'>in</span> <span class='ocrx_word' id='word_1_116' title='bbox 1506 1079 1675 1127; x_wconf 90' lang='lat' dir='ltr'>Verbo,</span> 
     </span>
     <span class='ocr_line' id='line_1_15' title="bbox 199 1143 1318 1196; baseline -0.003 -11"><span class='ocrx_word' id='word_1_117' title='bbox 199 1144 274 1185; x_wconf 91' lang='lat' dir='ltr'>ubi</span> <span class='ocrx_word' id='word_1_118' title='bbox 298 1144 374 1185; x_wconf 91' lang='lat' dir='ltr'>ille</span> <span class='ocrx_word' id='word_1_119' title='bbox 399 1157 608 1184; x_wconf 90' lang='lat' dir='ltr'>numerus</span> <span class='ocrx_word' id='word_1_120' title='bbox 634 1145 828 1184; x_wconf 87' lang='lat' dir='ltr'>occurrit</span> <span class='ocrx_word' id='word_1_121' title='bbox 846 1143 983 1185; x_wconf 92' lang='lat' dir='ltr'>:—Ut</span> <span class='ocrx_word' id='word_1_122' title='bbox 1010 1143 1127 1196; x_wconf 90' lang='lat' dir='ltr'>apud</span> <span class='ocrx_word' id='word_1_123' title='bbox 1151 1143 1318 1190; x_wconf 81' lang='lat' dir='ltr'>Mosen,</span> 
     </span>
    </p>
   </div>
   <div class='ocr_carea' id='block_1_4' title="bbox 270 1246 1679 1375">
    <p class='ocr_par' dir='ltr' id='par_1_4' title="bbox 270 1246 1679 1375">
     <span class='ocr_line' id='line_1_16' title="bbox 270 1246 1679 1291; baseline 0.001 -12"><span class='ocrx_word' id='word_1_124' title='bbox 270 1248 431 1291; x_wconf 88' lang='lat' dir='ltr'>Jehovah</span> <span class='ocrx_word' id='word_1_125' title='bbox 449 1246 690 1288; x_wconf 79' lang='lat' dir='ltr'>‘¹1¹1praecepit</span> <span class='ocrx_word' id='word_1_126' title='bbox 706 1248 808 1280; x_wconf 91' lang='lat' dir='ltr'>vobis</span> <span class='ocrx_word' id='word_1_127' title='bbox 825 1248 950 1279; x_wconf 83' lang='lat' dir='ltr'>foedus</span> <span class='ocrx_word' id='word_1_128' title='bbox 970 1258 1082 1286; x_wconf 89' lang='lat' dir='ltr'>suum,</span> <span class='ocrx_word' id='word_1_129' title='bbox 1100 1249 1194 1289; x_wconf 88' lang='lat' dir='ltr'>quod</span> <span class='ocrx_word' id='word_1_130' title='bbox 1213 1249 1347 1289; x_wconf 87' lang='lat' dir='ltr'>pepigit</span> <span class='ocrx_word' id='word_1_131' title='bbox 1363 1249 1464 1280; x_wconf 87' lang='lat' dir='ltr'>vobis</span> <span class='ocrx_word' id='word_1_132' title='bbox 1484 1249 1528 1280; x_wconf 89' lang='lat' dir='ltr'>ad</span> <span class='ocrx_word' id='word_1_133' title='bbox 1547 1249 1679 1280; x_wconf 85' lang='lat' dir='ltr'>facien-</span> 
     </span>
     <span class='ocr_line' id='line_1_17' title="bbox 370 1292 1677 1375; baseline 0.001 -52"><span class='ocrx_word' id='word_1_134' title='bbox 370 1292 749 1375; x_wconf 33' lang='lat' dir='ltr'>?Bffltroqqqufferba,</span> <span class='ocrx_word' id='word_1_135' title='bbox 771 1301 860 1332; x_wconf 90' lang='lat' dir='ltr'>quae</span> <span class='ocrx_word' id='word_1_136' title='bbox 885 1292 1026 1332; x_wconf 90' lang='lat' dir='ltr'>scripsit</span> <span class='ocrx_word' id='word_1_137' title='bbox 1050 1302 1156 1332; x_wconf 89' lang='lat' dir='ltr'>super</span> <span class='ocrx_word' id='word_1_138' title='bbox 1179 1292 1314 1323; x_wconf 89' lang='lat' dir='ltr'>duabus</span> <span class='ocrx_word' id='word_1_139' title='bbox 1338 1293 1466 1324; x_wconf 84' lang='lat' dir='ltr'>tabulis</span> <span class='ocrx_word' id='word_1_140' title='bbox 1490 1292 1677 1333; x_wconf 85' lang='lat' dir='ltr'>lapidum&#39;’</span> 
     </span>
     <span class='ocr_line' id='line_1_18' title="bbox 497 1359 658 1373; baseline -0.006 -6"><span class='ocrx_word' id='word_1_141' title='bbox 497 1359 505 1367; x_wconf 93' lang='lat'><em>.</em></span> <span class='ocrx_word' id='word_1_142' title='bbox 558 1359 566 1366; x_wconf 93' lang='lat'><strong><em>.</em></strong></span> <span class='ocrx_word' id='word_1_143' title='bbox 650 1359 658 1373; x_wconf 84' lang='lat'>,</span> 
     </span>
    </p>
   </div>
   <div class='ocr_carea' id='block_1_5' title="bbox 199 1425 390 1475">
    <p class='ocr_par' dir='ltr' id='par_1_5' title="bbox 199 1425 390 1475">
     <span class='ocr_line' id='line_1_19' title="bbox 199 1425 390 1475; baseline 0 -8"><span class='ocrx_word' id='word_1_144' title='bbox 199 1431 246 1468; x_wconf 87' lang='lat' dir='ltr'>et</span> <span class='ocrx_word' id='word_1_145' title='bbox 271 1425 390 1475; x_wconf 90' lang='lat' dir='ltr'>alibi,</span> 
     </span>
    </p>
   </div>
   <div class='ocr_carea' id='block_1_6' title="bbox 265 1510 1677 1596">
    <p class='ocr_par' dir='ltr' id='par_1_6' title="bbox 265 1510 1677 1596">
     <span class='ocr_line' id='line_1_20' title="bbox 265 1510 1677 1552; baseline 0.001 -10"><span class='ocrx_word' id='word_1_146' title='bbox 265 1511 438 1551; x_wconf 88' lang='lat' dir='ltr'>“Scripsit</span> <span class='ocrx_word' id='word_1_147' title='bbox 453 1510 613 1552; x_wconf 88' lang='lat' dir='ltr'>Jehovah</span> <span class='ocrx_word' id='word_1_148' title='bbox 633 1521 739 1552; x_wconf 88' lang='lat' dir='ltr'>super</span> <span class='ocrx_word' id='word_1_149' title='bbox 757 1511 886 1543; x_wconf 87' lang='lat' dir='ltr'>tabulis</span> <span class='ocrx_word' id='word_1_150' title='bbox 902 1511 1003 1552; x_wconf 86' lang='lat' dir='ltr'>juxta</span> <span class='ocrx_word' id='word_1_151' title='bbox 1022 1512 1231 1552; x_wconf 86' lang='lat' dir='ltr'>scripturam</span> <span class='ocrx_word' id='word_1_152' title='bbox 1250 1513 1402 1552; x_wconf 84' lang='lat' dir='ltr'>priorem</span> <span class='ocrx_word' id='word_1_153' title='bbox 1420 1513 1541 1544; x_wconf 88' lang='lat' dir='ltr'>decem</span> <span class='ocrx_word' id='word_1_154' title='bbox 1559 1514 1677 1551; x_wconf 84' lang='lat' dir='ltr'>verba,</span> 
     </span>
     <span class='ocr_line' id='line_1_21' title="bbox 372 1555 1647 1596; baseline 0.002 -11"><span class='ocrx_word' id='word_1_155' title='bbox 372 1564 460 1595; x_wconf 89' lang='lat' dir='ltr'>quae</span> <span class='ocrx_word' id='word_1_156' title='bbox 477 1555 614 1586; x_wconf 89' lang='lat' dir='ltr'>locutus</span> <span class='ocrx_word' id='word_1_157' title='bbox 630 1562 720 1586; x_wconf 82' lang='lat' dir='ltr'>erat.</span> <span class='ocrx_word' id='word_1_158' title='bbox 735 1555 794 1586; x_wconf 92' lang='lat' dir='ltr'>.ad</span> <span class='ocrx_word' id='word_1_159' title='bbox 811 1565 876 1586; x_wconf 93' lang='lat' dir='ltr'>vos</span> <span class='ocrx_word' id='word_1_160' title='bbox 893 1555 928 1586; x_wconf 91' lang='lat' dir='ltr'>in</span> <span class='ocrx_word' id='word_1_161' title='bbox 947 1563 1068 1586; x_wconf 85' lang='lat' dir='ltr'>monte</span> <span class='ocrx_word' id='word_1_162' title='bbox 1087 1566 1105 1586; x_wconf 90' lang='lat' dir='ltr'>e</span> <span class='ocrx_word' id='word_1_163' title='bbox 1122 1556 1239 1586; x_wconf 88' lang='lat' dir='ltr'>medio</span> <span class='ocrx_word' id='word_1_164' title='bbox 1257 1557 1348 1596; x_wconf 85' lang='lat' dir='ltr'>ignis</span> <span class='ocrx_word' id='word_1_165' title='bbox 1358 1555 1376 1567; x_wconf 88' lang='lat'><strong>”</strong></span> <span class='ocrx_word' id='word_1_166' title='bbox 1393 1556 1527 1595; x_wconf 78' lang='lat' dir='ltr'>(Deutr.</span> <span class='ocrx_word' id='word_1_167' title='bbox 1545 1567 1577 1588; x_wconf 80' lang='lat' dir='ltr'>x.</span> <span class='ocrx_word' id='word_1_168' title='bbox 1593 1558 1647 1596; x_wconf 85' lang='lat'>4):</span> 
     </span>
    </p>
   </div>
   <div class='ocr_carea' id='block_1_7' title="bbox 199 1663 1678 1905">
    <p class='ocr_par' dir='ltr' id='par_1_7' title="bbox 199 1663 1678 1905">
     <span class='ocr_line' id='line_1_22' title="bbox 199 1663 1676 1718; baseline 0.003 -15"><span class='ocrx_word' id='word_1_169' title='bbox 199 1663 318 1716; x_wconf 91' lang='lat' dir='ltr'>quod</span> <span class='ocrx_word' id='word_1_170' title='bbox 351 1663 546 1704; x_wconf 90' lang='lat' dir='ltr'>“decem</span> <span class='ocrx_word' id='word_1_171' title='bbox 577 1663 744 1704; x_wconf 90' lang='lat' dir='ltr'>verba”</span> <span class='ocrx_word' id='word_1_172' title='bbox 776 1678 854 1705; x_wconf 91' lang='lat' dir='ltr'>seu</span> <span class='ocrx_word' id='word_1_173' title='bbox 888 1665 1083 1705; x_wconf 90' lang='lat' dir='ltr'>“decem</span> <span class='ocrx_word' id='word_1_174' title='bbox 1115 1665 1388 1718; x_wconf 87' lang='lat' dir='ltr'>praecepta&#39;’</span> <span class='ocrx_word' id='word_1_175' title='bbox 1414 1666 1590 1715; x_wconf 71' lang='lat' dir='ltr'>fuerint,</span> <span class='ocrx_word' id='word_1_176' title='bbox 1618 1681 1676 1708; x_wconf 88' lang='lat' dir='ltr'>ex</span> 
     </span>
     <span class='ocr_line' id='line_1_23' title="bbox 199 1725 1678 1781; baseline 0.003 -16"><span class='ocrx_word' id='word_1_177' title='bbox 199 1725 356 1778; x_wconf 90' lang='lat' dir='ltr'>quibus</span> <span class='ocrx_word' id='word_1_178' title='bbox 397 1725 656 1778; x_wconf 85' lang='lat' dir='ltr'>decalogus,</span> <span class='ocrx_word' id='word_1_179' title='bbox 699 1733 795 1767; x_wconf 90' lang='lat' dir='ltr'>erat</span> <span class='ocrx_word' id='word_1_180' title='bbox 836 1727 939 1780; x_wconf 89' lang='lat' dir='ltr'>quia</span> <span class='ocrx_word' id='word_1_181' title='bbox 980 1741 1058 1780; x_wconf 90' lang='lat' dir='ltr'>per</span> <span class='ocrx_word' id='word_1_182' title='bbox 1101 1728 1327 1768; x_wconf 82' lang='lat' dir='ltr'>“decem”</span> <span class='ocrx_word' id='word_1_183' title='bbox 1368 1728 1678 1781; x_wconf 90' lang='lat' dir='ltr'>significantur</span> 
     </span>
     <span class='ocr_line' id='line_1_24' title="bbox 199 1788 1678 1843; baseline 0.003 -16"><span class='ocrx_word' id='word_1_184' title='bbox 199 1789 364 1836; x_wconf 90' lang='lat' dir='ltr'>omnia,</span> <span class='ocrx_word' id='word_1_185' title='bbox 389 1794 435 1828; x_wconf 90' lang='lat' dir='ltr'>et</span> <span class='ocrx_word' id='word_1_186' title='bbox 459 1788 562 1828; x_wconf 90' lang='lat' dir='ltr'>inde</span> <span class='ocrx_word' id='word_1_187' title='bbox 584 1802 662 1841; x_wconf 90' lang='lat' dir='ltr'>per</span> <span class='ocrx_word' id='word_1_188' title='bbox 686 1789 882 1829; x_wconf 88' lang='lat' dir='ltr'>“decem</span> <span class='ocrx_word' id='word_1_189' title='bbox 904 1790 1071 1830; x_wconf 90' lang='lat' dir='ltr'>verba”</span> <span class='ocrx_word' id='word_1_190' title='bbox 1093 1790 1361 1843; x_wconf 84' lang='lat' dir='ltr'>intelligitur</span> <span class='ocrx_word' id='word_1_191' title='bbox 1383 1791 1483 1831; x_wconf 86' lang='lat' dir='ltr'>Lex</span> <span class='ocrx_word' id='word_1_192' title='bbox 1509 1793 1552 1832; x_wconf 93' lang='lat' dir='ltr'>in</span> <span class='ocrx_word' id='word_1_193' title='bbox 1575 1798 1678 1833; x_wconf 90' lang='lat' dir='ltr'>toto</span> 
     </span>
     <span class='ocr_line' id='line_1_25' title="bbox 200 1850 1592 1905; baseline 0.004 -15"><span class='ocrx_word' id='word_1_194' title='bbox 200 1850 453 1903; x_wconf 88' lang='lat' dir='ltr'>complexu.</span> <span class='ocrx_word' id='word_1_195' title='bbox 516 1850 740 1903; x_wconf 78' lang='lat' dir='ltr'>Quoniam</span> <span class='ocrx_word' id='word_1_196' title='bbox 765 1851 961 1892; x_wconf 87' lang='lat' dir='ltr'>“decem</span> <span class='ocrx_word' id='word_1_197' title='bbox 975 1851 996 1866; x_wconf 92' lang='grc'>”</span> <span class='ocrx_word' id='word_1_198' title='bbox 1017 1851 1271 1905; x_wconf 87' lang='lat' dir='ltr'>significant</span> <span class='ocrx_word' id='word_1_199' title='bbox 1295 1867 1465 1902; x_wconf 91' lang='lat' dir='ltr'>omnes,</span> <span class='ocrx_word' id='word_1_200' title='bbox 1489 1855 1592 1895; x_wconf 91' lang='lat' dir='ltr'>ideo</span> 
     </span>
    </p>
   </div>
   <div class='ocr_carea' id='block_1_8' title="bbox 266 1956 1679 2088">
    <p class='ocr_par' dir='ltr' id='par_1_8' title="bbox 266 1956 1679 2088">
     <span class='ocr_line' id='line_1_26' title="bbox 266 1956 1679 1999; baseline 0.004 -12"><span class='ocrx_word' id='word_1_201' title='bbox 266 1956 439 1988; x_wconf 86' lang='lat' dir='ltr'>Dominus</span> <span class='ocrx_word' id='word_1_202' title='bbox 451 1958 667 1997; x_wconf 84' lang='lat' dir='ltr'>comparavit</span> <span class='ocrx_word' id='word_1_203' title='bbox 681 1968 828 1998; x_wconf 88' lang='lat' dir='ltr'>regnum</span> <span class='ocrx_word' id='word_1_204' title='bbox 840 1958 1016 1989; x_wconf 88' lang='lat' dir='ltr'>caelorum</span> <span class='ocrx_word' id='word_1_205' title='bbox 1030 1959 1151 1990; x_wconf 90' lang='lat' dir='ltr'>decem</span> <span class='ocrx_word' id='word_1_206' title='bbox 1163 1960 1357 1999; x_wconf 88' lang='lat' dir='ltr'>virginibus</span> <span class='ocrx_word' id='word_1_207' title='bbox 1368 1961 1579 1993; x_wconf 86' lang='lat' dir='ltr'>habentibus</span> <span class='ocrx_word' id='word_1_208' title='bbox 1591 1962 1679 1993; x_wconf 89' lang='lat' dir='ltr'>lam-</span> 
     </span>
     <span class='ocr_line' id='line_1_27' title="bbox 372 2001 1677 2045; baseline 0.005 -14"><span class='ocrx_word' id='word_1_209' title='bbox 372 2001 481 2040; x_wconf 86' lang='lat' dir='ltr'>padas</span> <span class='ocrx_word' id='word_1_210' title='bbox 505 2002 548 2031; x_wconf 91' lang='lat' dir='ltr'>ad</span> <span class='ocrx_word' id='word_1_211' title='bbox 568 2001 766 2032; x_wconf 86' lang='lat' dir='ltr'>exeundum</span> <span class='ocrx_word' id='word_1_212' title='bbox 792 2002 826 2032; x_wconf 92' lang='lat' dir='ltr'>in</span> <span class='ocrx_word' id='word_1_213' title='bbox 851 2011 1034 2032; x_wconf 91' lang='lat' dir='ltr'>occursum</span> <span class='ocrx_word' id='word_1_214' title='bbox 1055 2003 1187 2042; x_wconf 86' lang='lat' dir='ltr'>sponsi,</span> <span class='ocrx_word' id='word_1_215' title='bbox 1209 2013 1354 2043; x_wconf 87' lang='lat' dir='ltr'>quarum</span> <span class='ocrx_word' id='word_1_216' title='bbox 1379 2005 1532 2045; x_wconf 90' lang='lat' dir='ltr'>quinque</span> <span class='ocrx_word' id='word_1_217' title='bbox 1556 2013 1677 2037; x_wconf 87' lang='lat' dir='ltr'>essent</span> 
     </span>
     <span class='ocr_line' id='line_1_28' title="bbox 372 2044 1415 2088; baseline 0.004 -14"><span class='ocrx_word' id='word_1_218' title='bbox 372 2044 572 2084; x_wconf 87' lang='lat' dir='ltr'>prudentes,</span> <span class='ocrx_word' id='word_1_219' title='bbox 590 2051 625 2075; x_wconf 90' lang='lat' dir='ltr'>et</span> <span class='ocrx_word' id='word_1_220' title='bbox 641 2045 793 2085; x_wconf 90' lang='lat' dir='ltr'>quinque</span> <span class='ocrx_word' id='word_1_221' title='bbox 811 2045 939 2076; x_wconf 88' lang='lat' dir='ltr'>stultae</span> <span class='ocrx_word' id='word_1_222' title='bbox 957 2045 1098 2084; x_wconf 71' lang='lat' dir='ltr'>(Alattlz.</span> <span class='ocrx_word' id='word_1_223' title='bbox 1115 2056 1196 2077; x_wconf 82' lang='lat' dir='ltr'>xxv.</span> <span class='ocrx_word' id='word_1_224' title='bbox 1217 2055 1243 2084; x_wconf 90' lang='lat'>1,</span> <span class='ocrx_word' id='word_1_225' title='bbox 1261 2055 1290 2085; x_wconf 91' lang='lat'>2,</span> <span class='ocrx_word' id='word_1_226' title='bbox 1310 2048 1415 2088; x_wconf 86' lang='lat' dir='ltr'>seq.):</span> 
     </span>
    </p>
   </div>
   <div class='ocr_carea' id='block_1_9' title="bbox 158 2147 1678 2948">
    <p class='ocr_par' dir='ltr' id='par_1_9' title="bbox 158 2147 1678 2948">
     <span class='ocr_line' id='line_1_29' title="bbox 201 2147 1676 2203; baseline 0.004 -16"><span class='ocrx_word' id='word_1_227' title='bbox 201 2160 279 2200; x_wconf 91' lang='lat' dir='ltr'>per</span> <span class='ocrx_word' id='word_1_228' title='bbox 312 2147 506 2188; x_wconf 90' lang='lat' dir='ltr'>“decem</span> <span class='ocrx_word' id='word_1_229' title='bbox 537 2148 772 2200; x_wconf 87' lang='lat' dir='ltr'>virgines,”</span> <span class='ocrx_word' id='word_1_230' title='bbox 803 2149 960 2201; x_wconf 88' lang='lat' dir='ltr'>quibus</span> <span class='ocrx_word' id='word_1_231' title='bbox 997 2149 1270 2191; x_wconf 86' lang='lat' dir='ltr'>assimilatur</span> <span class='ocrx_word' id='word_1_232' title='bbox 1305 2165 1494 2203; x_wconf 89' lang='lat' dir='ltr'>regnum</span> <span class='ocrx_word' id='word_1_233' title='bbox 1526 2152 1676 2193; x_wconf 89' lang='lat' dir='ltr'>caelo-</span> 
     </span>
     <span class='ocr_line' id='line_1_30' title="bbox 158 2209 1676 2264; baseline 0.005 -16"><span class='ocrx_word' id='word_1_234' title='bbox 158 2216 163 2222; x_wconf 86' lang='grc'><em>’</em></span> <span class='ocrx_word' id='word_1_235' title='bbox 200 2222 310 2257; x_wconf 89' lang='lat' dir='ltr'>rum,</span> <span class='ocrx_word' id='word_1_236' title='bbox 343 2209 651 2262; x_wconf 89' lang='lat' dir='ltr'>significantur</span> <span class='ocrx_word' id='word_1_237' title='bbox 681 2224 838 2255; x_wconf 87' lang='lat' dir='ltr'>omnes</span> <span class='ocrx_word' id='word_1_238' title='bbox 869 2212 941 2264; x_wconf 91' lang='lat' dir='ltr'>qui</span> <span class='ocrx_word' id='word_1_239' title='bbox 973 2211 1030 2251; x_wconf 89' lang='lat' dir='ltr'>ab</span> <span class='ocrx_word' id='word_1_240' title='bbox 1060 2212 1264 2260; x_wconf 89' lang='lat' dir='ltr'>ecclesia,</span> <span class='ocrx_word' id='word_1_241' title='bbox 1301 2214 1527 2254; x_wconf 84' lang='lat' dir='ltr'>“decem&#39;&#39;</span> <span class='ocrx_word' id='word_1_242' title='bbox 1558 2217 1676 2256; x_wconf 92' lang='lat' dir='ltr'>enim</span> 
     </span>
     <span class='ocr_line' id='line_1_31' title="bbox 200 2271 1677 2331; baseline 0.005 -20"><span class='ocrx_word' id='word_1_243' title='bbox 200 2271 455 2324; x_wconf 88' lang='lat' dir='ltr'>significant</span> <span class='ocrx_word' id='word_1_244' title='bbox 474 2286 644 2321; x_wconf 88' lang='lat' dir='ltr'>omnes,</span> <span class='ocrx_word' id='word_1_245' title='bbox 664 2286 715 2313; x_wconf 86' lang='lat' dir='ltr'>ac</span> <span class='ocrx_word' id='word_1_246' title='bbox 737 2274 969 2326; x_wconf 89' lang='lat' dir='ltr'>“virgines</span> <span class='ocrx_word' id='word_1_247' title='bbox 982 2273 1001 2288; x_wconf 94' lang='lat'>”</span> <span class='ocrx_word' id='word_1_248' title='bbox 1018 2274 1256 2315; x_wconf 88' lang='lat' dir='ltr'>ecclesiam</span> <span class='ocrx_word' id='word_1_249' title='bbox 1274 2290 1282 2325; x_wconf 90' lang='lat'>;</span> <span class='ocrx_word' id='word_1_250' title='bbox 1316 2289 1394 2328; x_wconf 93' lang='lat' dir='ltr'>per</span> <span class='ocrx_word' id='word_1_251' title='bbox 1414 2281 1438 2297; x_wconf 87' lang='lat'><em>“</em></span> <span class='ocrx_word' id='word_1_252' title='bbox 1451 2278 1677 2331; x_wconf 90' lang='lat' dir='ltr'>quinque”</span> 
     </span>
     <span class='ocr_line' id='line_1_32' title="bbox 200 2334 1676 2394; baseline 0.005 -21"><span class='ocrx_word' id='word_1_253' title='bbox 200 2340 351 2374; x_wconf 90' lang='lat' dir='ltr'>autem</span> <span class='ocrx_word' id='word_1_254' title='bbox 383 2334 691 2387; x_wconf 89' lang='lat' dir='ltr'>significantur</span> <span class='ocrx_word' id='word_1_255' title='bbox 722 2335 856 2388; x_wconf 89' lang='lat' dir='ltr'>aliqui</span> <span class='ocrx_word' id='word_1_256' title='bbox 889 2349 966 2376; x_wconf 91' lang='lat' dir='ltr'>seu</span> <span class='ocrx_word' id='word_1_257' title='bbox 998 2336 1146 2390; x_wconf 88' lang='lat' dir='ltr'>aliqua</span> <span class='ocrx_word' id='word_1_258' title='bbox 1177 2351 1293 2390; x_wconf 87' lang='lat' dir='ltr'>pars,</span> <span class='ocrx_word' id='word_1_259' title='bbox 1328 2353 1386 2379; x_wconf 82' lang='lat' dir='ltr'>ex</span> <span class='ocrx_word' id='word_1_260' title='bbox 1423 2353 1510 2392; x_wconf 91' lang='lat' dir='ltr'>qua</span> <span class='ocrx_word' id='word_1_261' title='bbox 1541 2340 1676 2394; x_wconf 88' lang='lat' dir='ltr'>aliqui</span> 
     </span>
     <span class='ocr_line' id='line_1_33' title="bbox 200 2397 1678 2456; baseline 0.005 -20"><span class='ocrx_word' id='word_1_262' title='bbox 200 2402 329 2436; x_wconf 90' lang='lat' dir='ltr'>erant</span> <span class='ocrx_word' id='word_1_263' title='bbox 365 2397 609 2449; x_wconf 86' lang='lat' dir='ltr'>prudentes</span> <span class='ocrx_word' id='word_1_264' title='bbox 645 2404 691 2438; x_wconf 91' lang='lat' dir='ltr'>et</span> <span class='ocrx_word' id='word_1_265' title='bbox 732 2397 867 2450; x_wconf 90' lang='lat' dir='ltr'>aliqui</span> <span class='ocrx_word' id='word_1_266' title='bbox 907 2398 1062 2448; x_wconf 87' lang='lat' dir='ltr'>stulti;</span> <span class='ocrx_word' id='word_1_267' title='bbox 1107 2400 1250 2440; x_wconf 90' lang='lat' dir='ltr'>simile</span> <span class='ocrx_word' id='word_1_268' title='bbox 1286 2401 1564 2454; x_wconf 87' lang='lat' dir='ltr'>significatur</span> <span class='ocrx_word' id='word_1_269' title='bbox 1599 2417 1678 2456; x_wconf 87' lang='lat' dir='ltr'>per</span> 
     </span>
     <span class='ocr_line' id='line_1_34' title="bbox 201 2459 1674 2518; baseline 0.005 -21"><span class='ocrx_word' id='word_1_270' title='bbox 201 2470 432 2498; x_wconf 90' lang='lat' dir='ltr'>numerum</span> <span class='ocrx_word' id='word_1_271' title='bbox 465 2460 695 2512; x_wconf 86' lang='lat' dir='ltr'>“quinque</span> <span class='ocrx_word' id='word_1_272' title='bbox 710 2459 729 2474; x_wconf 86' lang='lat'>’&#39;</span> <span class='ocrx_word' id='word_1_273' title='bbox 760 2460 803 2499; x_wconf 92' lang='lat' dir='ltr'>in</span> <span class='ocrx_word' id='word_1_274' title='bbox 837 2459 1016 2500; x_wconf 85' lang='lat' dir='ltr'>Verbo:</span> <span class='ocrx_word' id='word_1_275' title='bbox 1056 2475 1133 2514; x_wconf 92' lang='lat' dir='ltr'>per</span> <span class='ocrx_word' id='word_1_276' title='bbox 1167 2461 1438 2516; x_wconf 87' lang='lat' dir='ltr'>“lampadas</span> <span class='ocrx_word' id='word_1_277' title='bbox 1454 2464 1472 2478; x_wconf 93' lang='lat'>’&#39;</span> <span class='ocrx_word' id='word_1_278' title='bbox 1503 2465 1674 2518; x_wconf 85' lang='lat' dir='ltr'>signifi-</span> 
     </span>
     <span class='ocr_line' id='line_1_35' title="bbox 199 2522 1676 2574; baseline 0.006 -15"><span class='ocrx_word' id='word_1_279' title='bbox 199 2526 359 2560; x_wconf 86' lang='lat' dir='ltr'>cantur</span> <span class='ocrx_word' id='word_1_280' title='bbox 389 2522 673 2573; x_wconf 85' lang='lat' dir='ltr'>cognitiones</span> <span class='ocrx_word' id='word_1_281' title='bbox 705 2522 797 2562; x_wconf 86' lang='lat' dir='ltr'>veri</span> <span class='ocrx_word' id='word_1_282' title='bbox 829 2528 875 2562; x_wconf 90' lang='lat' dir='ltr'>et</span> <span class='ocrx_word' id='word_1_283' title='bbox 907 2522 1026 2570; x_wconf 91' lang='lat' dir='ltr'>boni,</span> <span class='ocrx_word' id='word_1_284' title='bbox 1054 2523 1125 2563; x_wconf 92' lang='lat' dir='ltr'>hic</span> <span class='ocrx_word' id='word_1_285' title='bbox 1158 2538 1216 2564; x_wconf 89' lang='lat' dir='ltr'>ex</span> <span class='ocrx_word' id='word_1_286' title='bbox 1244 2524 1412 2574; x_wconf 87' lang='lat' dir='ltr'>Verbo,</span> <span class='ocrx_word' id='word_1_287' title='bbox 1442 2533 1538 2566; x_wconf 91' lang='lat' dir='ltr'>tum</span> <span class='ocrx_word' id='word_1_288' title='bbox 1569 2541 1676 2568; x_wconf 88' lang='lat' dir='ltr'>vera</span> 
     </span>
     <span class='ocr_line' id='line_1_36' title="bbox 199 2580 1674 2638; baseline 0.005 -16"><span class='ocrx_word' id='word_1_289' title='bbox 199 2580 429 2623; x_wconf 68' lang='lat' dir='ltr'>doctrinae</span> <span class='ocrx_word' id='word_1_290' title='bbox 455 2589 500 2623; x_wconf 89' lang='lat' dir='ltr'>et</span> <span class='ocrx_word' id='word_1_291' title='bbox 532 2582 664 2634; x_wconf 85' lang='lat' dir='ltr'>fidei;</span> <span class='ocrx_word' id='word_1_292' title='bbox 701 2598 779 2637; x_wconf 90' lang='lat' dir='ltr'>per</span> <span class='ocrx_word' id='word_1_293' title='bbox 807 2584 1026 2625; x_wconf 87' lang='lat' dir='ltr'>“oleum&#39;’</span> <span class='ocrx_word' id='word_1_294' title='bbox 1052 2586 1330 2638; x_wconf 85' lang='lat' dir='ltr'>significatur</span> <span class='ocrx_word' id='word_1_295' title='bbox 1354 2588 1522 2629; x_wconf 91' lang='lat' dir='ltr'>bonum</span> <span class='ocrx_word' id='word_1_296' title='bbox 1548 2602 1674 2630; x_wconf 89' lang='lat' dir='ltr'>amo-</span> 
     </span>
     <span class='ocr_line' id='line_1_37' title="bbox 198 2644 1674 2701; baseline 0.005 -17"><span class='ocrx_word' id='word_1_297' title='bbox 198 2645 257 2684; x_wconf 91' lang='lat' dir='ltr'>ris</span> <span class='ocrx_word' id='word_1_298' title='bbox 283 2651 330 2685; x_wconf 91' lang='lat' dir='ltr'>et</span> <span class='ocrx_word' id='word_1_299' title='bbox 356 2644 616 2695; x_wconf 89' lang='lat' dir='ltr'>charitatis;</span> <span class='ocrx_word' id='word_1_300' title='bbox 650 2659 728 2698; x_wconf 90' lang='lat' dir='ltr'>per</span> <span class='ocrx_word' id='word_1_301' title='bbox 752 2647 1038 2698; x_wconf 88' lang='lat' dir='ltr'>“sponsum&#39;’</span> <span class='ocrx_word' id='word_1_302' title='bbox 1064 2648 1333 2701; x_wconf 88' lang='lat' dir='ltr'>intelligitur</span> <span class='ocrx_word' id='word_1_303' title='bbox 1359 2650 1595 2699; x_wconf 88' lang='lat' dir='ltr'>Dominus,</span> <span class='ocrx_word' id='word_1_304' title='bbox 1623 2665 1674 2692; x_wconf 89' lang='lat' dir='ltr'>ac</span> 
     </span>
     <span class='ocr_line' id='line_1_38' title="bbox 198 2706 1672 2767; baseline 0.006 -22"><span class='ocrx_word' id='word_1_305' title='bbox 198 2719 277 2759; x_wconf 87' lang='lat' dir='ltr'>per</span> <span class='ocrx_word' id='word_1_306' title='bbox 305 2707 520 2759; x_wconf 88' lang='lat' dir='ltr'>“nuptias</span> <span class='ocrx_word' id='word_1_307' title='bbox 533 2706 552 2721; x_wconf 92' lang='lat'>”</span> <span class='ocrx_word' id='word_1_308' title='bbox 577 2707 846 2760; x_wconf 90' lang='lat' dir='ltr'>intelligitur</span> <span class='ocrx_word' id='word_1_309' title='bbox 871 2708 1045 2749; x_wconf 87' lang='lat' dir='ltr'>caelum</span> <span class='ocrx_word' id='word_1_310' title='bbox 1071 2716 1117 2750; x_wconf 89' lang='lat' dir='ltr'>et</span> <span class='ocrx_word' id='word_1_311' title='bbox 1144 2711 1349 2759; x_wconf 90' lang='lat' dir='ltr'>ecclesia,</span> <span class='ocrx_word' id='word_1_312' title='bbox 1377 2726 1491 2765; x_wconf 90' lang='lat' dir='ltr'>quae</span> <span class='ocrx_word' id='word_1_313' title='bbox 1520 2717 1672 2767; x_wconf 84' lang='lat' dir='ltr'>“nup-</span> 
     </span>
     <span class='ocr_line' id='line_1_39' title="bbox 198 2768 1674 2828; baseline 0.007 -21"><span class='ocrx_word' id='word_1_314' title='bbox 198 2768 321 2808; x_wconf 87' lang='lat' dir='ltr'>tiae&#39;’</span> <span class='ocrx_word' id='word_1_315' title='bbox 351 2769 558 2809; x_wconf 91' lang='lat' dir='ltr'>dicuntur</span> <span class='ocrx_word' id='word_1_316' title='bbox 588 2783 647 2810; x_wconf 86' lang='lat' dir='ltr'>ex</span> <span class='ocrx_word' id='word_1_317' title='bbox 679 2770 887 2823; x_wconf 88' lang='lat' dir='ltr'>conjugio</span> <span class='ocrx_word' id='word_1_318' title='bbox 918 2771 1023 2811; x_wconf 91' lang='lat' dir='ltr'>boni</span> <span class='ocrx_word' id='word_1_319' title='bbox 1059 2778 1105 2813; x_wconf 91' lang='lat' dir='ltr'>et</span> <span class='ocrx_word' id='word_1_320' title='bbox 1138 2774 1255 2813; x_wconf 89' lang='lat' dir='ltr'>veri:</span> <span class='ocrx_word' id='word_1_321' title='bbox 1299 2781 1345 2815; x_wconf 90' lang='lat' dir='ltr'>et</span> <span class='ocrx_word' id='word_1_322' title='bbox 1382 2776 1484 2828; x_wconf 90' lang='lat' dir='ltr'>quia</span> <span class='ocrx_word' id='word_1_323' title='bbox 1521 2777 1593 2816; x_wconf 93' lang='lat' dir='ltr'>ubi</span> <span class='ocrx_word' id='word_1_324' title='bbox 1630 2777 1674 2817; x_wconf 95' lang='lat' dir='ltr'>id</span> 
     </span>
     <span class='ocr_line' id='line_1_40' title="bbox 198 2829 1673 2885; baseline 0.007 -16"><span class='ocrx_word' id='word_1_325' title='bbox 198 2829 452 2883; x_wconf 89' lang='lat' dir='ltr'>conjugium</span> <span class='ocrx_word' id='word_1_326' title='bbox 484 2844 573 2871; x_wconf 90' lang='lat' dir='ltr'>non</span> <span class='ocrx_word' id='word_1_327' title='bbox 609 2838 694 2879; x_wconf 90' lang='lat' dir='ltr'>est,</span> <span class='ocrx_word' id='word_1_328' title='bbox 726 2832 785 2872; x_wconf 92' lang='lat' dir='ltr'>ibi</span> <span class='ocrx_word' id='word_1_329' title='bbox 822 2846 903 2873; x_wconf 90' lang='lat' dir='ltr'>nec</span> <span class='ocrx_word' id='word_1_330' title='bbox 941 2839 1011 2874; x_wconf 89' lang='lat' dir='ltr'>est</span> <span class='ocrx_word' id='word_1_331' title='bbox 1043 2834 1217 2875; x_wconf 89' lang='lat' dir='ltr'>caelum</span> <span class='ocrx_word' id='word_1_332' title='bbox 1253 2843 1300 2876; x_wconf 87' lang='lat' dir='ltr'>et</span> <span class='ocrx_word' id='word_1_333' title='bbox 1332 2837 1537 2885; x_wconf 90' lang='lat' dir='ltr'>ecclesia,</span> <span class='ocrx_word' id='word_1_334' title='bbox 1571 2838 1673 2879; x_wconf 89' lang='lat' dir='ltr'>ideo</span> 
     </span>
     <span class='ocr_line' id='line_1_41' title="bbox 202 2891 1670 2948; baseline 0.007 -17"><span class='ocrx_word' id='word_1_335' title='bbox 202 2891 399 2933; x_wconf 89' lang='lat' dir='ltr'>“stulti&#39;&#39;</span> <span class='ocrx_word' id='word_1_336' title='bbox 424 2893 722 2946; x_wconf 89' lang='lat' dir='ltr'>appellantur,</span> <span class='ocrx_word' id='word_1_337' title='bbox 750 2895 822 2948; x_wconf 90' lang='lat' dir='ltr'>qui</span> <span class='ocrx_word' id='word_1_338' title='bbox 855 2896 1002 2936; x_wconf 89' lang='lat' dir='ltr'>sciunt</span> <span class='ocrx_word' id='word_1_339' title='bbox 1029 2910 1135 2937; x_wconf 88' lang='lat' dir='ltr'>vera</span> <span class='ocrx_word' id='word_1_340' title='bbox 1166 2896 1267 2938; x_wconf 87' lang='lat' dir='ltr'>fidei</span> <span class='ocrx_word' id='word_1_341' title='bbox 1298 2905 1343 2939; x_wconf 92' lang='lat' dir='ltr'>et</span> <span class='ocrx_word' id='word_1_342' title='bbox 1377 2912 1466 2940; x_wconf 91' lang='lat' dir='ltr'>non</span> <span class='ocrx_word' id='word_1_343' title='bbox 1498 2899 1670 2941; x_wconf 90' lang='lat' dir='ltr'>habent</span> 
     </span>
    </p>
   </div>
  </div>
 </body>
</html>
