1962 3334
299 301 405 354 1466
659 328 662 330 -
708 310 1041 344 APOCALvPffls
1074 313 1373 347 EXPLICATA.

290 423 410 477 quod
442 424 725 477 paenitentia
751 438 867 478 quae
894 431 964 466 est
990 424 1127 467 solius
1154 427 1448 480 cogitationis
1476 434 1522 469 et
1549 428 1653 470 inde
1680 430 1782 478 oris,

290 489 336 527 et
363 500 453 527 non
481 487 611 528 simul
637 488 889 529 voluntatis
915 495 961 530 et
989 489 1093 530 inde
1120 488 1259 539 actus,
1286 505 1375 531 non
1404 492 1461 532 sit
1488 493 1782 545 paenitentia,

289 563 394 591 nam
432 551 494 591 sic
532 552 626 592 vita
664 551 703 592 ei
741 559 896 593 manet
937 552 1093 593 similis
1131 560 1293 606 postea
1333 554 1478 607 qualis
1515 555 1596 597 suit
1634 556 1783 609 prius;

288 612 394 653 inde
421 620 550 666 patet
578 615 697 667 quod
725 615 1054 668 paenitentiam
1081 629 1216 669 agere
1242 618 1299 657 sit
1323 616 1560 659 actualiter
1582 632 1629 659 se
1655 631 1783 659 aver-

289 680 387 714 tere
413 688 438 714 a
464 674 609 724 malis,
629 682 676 716 et
698 676 873 728 ingredi
890 677 1030 717 vitam
1054 689 1234 718 novam.
1283 689 1348 727 (De
1363 689 1423 718 hac
1438 698 1472 718 re
1487 689 1581 718 etiam
1596 690 1740 719 videatur
1753 690 1785 719 in

288 738 448 766 Dvc‘lrina
462 739 574 768 Novae
588 739 835 777 Hierosolymae,
852 749 882 769 n.
901 741 1067 778 159-172.)

374 793 458 848 [ἰὴ]
494 794 630 847 Quod
651 799 829 848 “opera
846 809 1060 837 manuum
1073 797 1092 812 ”
1110 797 1370 851 significent
1387 797 1498 838 talia
1514 811 1628 851 quae
1644 798 1784 839 homo

289 858 481 910 cogitat,
516 857 613 898 vult
646 863 692 898 et
725 857 832 899 facit
865 872 924 899 ex
956 859 1151 912 proprio,
1187 866 1399 900 constare
1432 865 1588 913 potest
1621 873 1680 901 ex
1713 873 1783 901 se-

288 920 529 974 quentibus
557 920 670 961 locis
696 921 740 961 in
769 921 924 962 Verbo
941 922 1152 975 z—Apud
1180 922 1445 972 Jeremz'am,

355 1009 438 1041 “Ne
452 1010 498 1041 ad
515 1010 603 1041 iram
619 1011 823 1050 provocetis
840 1011 900 1042 Me
918 1021 980 1051 per
994 1022 1084 1052 opus
1101 1022 1271 1043 manuum
1284 1018 1496 1050 vestrarum,
1510 1018 1549 1043 ut
1563 1001 1635 1043 non
1651 1011 1784 1043 malum

462 1053 593 1085 faciam
624 1054 728 1085 vobis
743 1064 750 1091 ;
780 1055 843 1086 sed
873 1065 946 1086 non
971 1056 1184 1087 obedivistis
1211 1056 1328 1094 Mihi„
1343 1081 1350 1087 .
1364 1081 1372 1087 .
1387 1062 1441 1088 ‚ut
1468 1056 1712 1096 provocaretis
1740 1056 1785 1087 ad

462 1097 552 1128 iram
567 1097 627 1128 Me
638 1107 701 1137 per
712 1108 803 1138 opus
816 1108 988 1130 manuum
1001 1105 1215 1138 vestrarum,
1226 1100 1262 1130 in
1275 1099 1408 1130 malum
1419 1099 1533 1131 vobis.
1564 1124 1571 1132 .
1586 1124 1593 1132 .
1608 1124 1615 1131 .
1629 1099 1785 1131 .Servire

462 1141 598 1172 facient
615 1151 678 1172 eos
696 1147 822 1181 gentes
840 1143 974 1173 multae
992 1148 1028 1174 et
1048 1153 1151 1183 reges
1169 1143 1302 1183 magni,
1320 1149 1359 1174 ut
1379 1143 1576 1174 retribuam
1596 1143 1666 1174 illis
1683 1143 1785 1183 juxta

463 1194 554 1225 opus
572 1185 726 1224 illorum,
744 1192 779 1217 et
795 1185 897 1226 juxta
913 1184 1049 1218 facium
1068 1196 1240 1218 manuum
1259 1186 1403 1218 illorum
1414 1186 1432 1198 ”
1449 1188 1543 1227 (xxv.
1561 1187 1591 1225 6,
1610 1194 1638 1225 7,
1659 1187 1732 1226 14):

289 1283 368 1323 per
393 1273 544 1323 “opus
557 1269 576 1285 '’
600 1276 646 1310 et
672 1269 876 1311 “factum
900 1271 1144 1312 manuum''
1165 1273 1209 1312 in
1234 1273 1443 1326 proximo
1462 1285 1597 1313 sensu
1615 1272 1783 1313 intelli-

288 1339 456 1386 guntur
498 1333 644 1374 fusilia
685 1340 731 1375 et
777 1334 924 1385 idola;
971 1335 1015 1374 in
1061 1349 1195 1375 sensu
1237 1342 1389 1376 autem
1431 1336 1664 1389 spirituali,
1705 1349 1785 1390 per

291 1400 441 1450 “opus
468 1410 681 1437 manuum
694 1396 712 1412 ''
739 1396 1018 1450 significatur
1044 1411 1181 1438 omne
1208 1398 1376 1439 malum
1403 1405 1449 1439 et
1478 1398 1638 1440 falsum
1662 1400 1782 1453 quod

289 1474 348 1500 ex
375 1460 557 1513 proprio
583 1473 738 1500 amore
764 1466 810 1500 et
837 1474 896 1500 ex
924 1461 1102 1513 propria
1128 1461 1462 1513 intelligentia;
1495 1475 1574 1515 per
1599 1462 1785 1503 “fusilia

289 1529 336 1564 et
377 1522 540 1571 idola,”
577 1537 691 1576 quae
733 1529 955 1563 vocantur
994 1527 1169 1576 “opera
1207 1524 1459 1572 manuum,”
1496 1525 1634 1565 etiam
1674 1525 1784 1566 talia

289 1586 615 1639 significantur,
641 1593 689 1627 ut
715 1586 758 1626 in
782 1586 1088 1640 sequentibus,
1114 1587 1186 1627 ubi
1208 1587 1264 1628 de
1287 1586 1617 1640 significatione
1643 1588 1783 1629 “ido-

289 1649 464 1691 lorum”
491 1657 666 1704 agetur,
694 1650 944 1691 videbitur:
978 1651 1192 1704 quoniam
1216 1651 1444 1703 proprium
1470 1650 1666 1691 hominis
1692 1665 1783 1692 non

288 1721 358 1756 est
396 1714 480 1755 nisi
518 1727 653 1767 quam
692 1713 875 1761 malum,
910 1714 975 1754 ita
1012 1720 1174 1754 contra
1207 1714 1433 1762 Divinum,
1467 1714 1570 1754 ideo
1605 1714 1782 1763 dicitur,

291 1778 400 1819 “Ne
426 1778 483 1818 ad
509 1779 618 1818 iram
648 1778 907 1830 provocetis
935 1777 1010 1817 Me
1038 1791 1116 1830 per
1142 1791 1253 1830 opus
1282 1790 1493 1817 manuum
1516 1783 1781 1825 vestrarum,

290 1848 339 1882 ut
366 1854 457 1882 non
481 1840 650 1881 malum
677 1840 843 1880 faciam
861 1840 988 1880 vobis
1006 1839 1039 1890 ;'’
1074 1844 1360 1893 “provocare
1385 1839 1532 1880 Deum
1559 1840 1615 1880 ad
1642 1840 1752 1880 iram
1765 1839 1784 1854 '’

289 1904 515 1958 significat
540 1910 702 1944 contra
730 1903 882 1956 Ipsum
906 1917 1020 1951 esse,
1045 1903 1164 1943 unde
1188 1903 1359 1943 homini
1386 1902 1578 1943 malum:
1613 1909 1660 1943 et
1683 1903 1785 1956 quia

289 1968 441 2008 omnia
468 1967 589 2008 mala
615 1974 661 2008 et
689 1966 801 2007 salsa
827 1981 886 2007 ex
914 1967 1095 2020 proprio
1118 1966 1314 2006 hominis
1338 1972 1457 2014 sunt,
1482 1966 1584 2007 ideo
1607 1966 1781 2014 dicitur,

291 2030 505 2071 “Servire
537 2030 702 2070 facient
735 2043 813 2070 eos
845 2036 1008 2082 gentes
1041 2029 1211 2070 multae
1243 2035 1289 2070 et
1321 2042 1452 2082 reges
1484 2029 1676 2082 magni,''
1706 2043 1784 2082 per

289 2108 402 2148 quae
440 2093 719 2147 significatur
756 2093 876 2146 quod
915 2099 1190 2146 occupatura
1226 2092 1328 2132 illos
1365 2091 1484 2132 mala
1525 2106 1583 2133 ex
1625 2092 1784 2146 quibus

288 2157 414 2206 falsa,
457 2163 503 2197 et
544 2156 657 2197 falsa
698 2169 757 2197 ex
804 2155 963 2208 quibus
1004 2155 1149 2204 mala;
1195 2158 1396 2207 “gentes
1437 2154 1638 2195 multae'’
1678 2161 1783 2195 sunt

289 2220 409 2261 mala
434 2234 493 2260 ex
521 2220 680 2273 quibus
702 2219 828 2267 falsa,
853 2225 900 2260 et
925 2222 1094 2271 “reges
1120 2217 1305 2271 magni'’
1328 2224 1433 2258 sunt
1459 2217 1572 2258 salsa
1598 2232 1657 2259 ex
1686 2219 1782 2271 qui-

288 2284 371 2324 bus
399 2283 532 2323 mala.
595 2282 733 2335 Apud
761 2281 968 2330 eundern,

355 2373 465 2404 “Filii
492 2372 679 2404 Israelis..
694 2377 932 2413 ..provocant
953 2371 1013 2403 Me
1038 2371 1083 2403 ad
1104 2371 1194 2402 iram
1221 2380 1283 2412 per
1303 2380 1394 2411 opus
1415 2380 1587 2402 manuum
1609 2380 1752 2402 suarum
1766 2370 1784 2382 ”

462 2417 583 2456 (xxxii.
603 2416 678 2456 3o);

289 2502 336 2537 et
363 2495 484 2549 apud
512 2495 722 2542 eundem,

356 2568 440 2599 “Ad
460 2568 549 2599 iram
571 2567 777 2607 provocatis
799 2566 860 2598 Me
881 2576 944 2606 per
963 2575 1075 2606 opera
1094 2574 1268 2597 manuum
1290 2570 1503 2602 vestrarum,
1521 2563 1698 2596 suffiendo
1717 2563 1784 2596 diis

463 2612 544 2642 aliis
562 2611 598 2642 in
619 2617 716 2642 terra
734 2610 891 2651 Aegypti
904 2610 922 2621 ''
939 2610 1036 2649 (xliv.
1052 2609 1104 2649 8):

289 2711 368 2751 per
402 2700 578 2750 “opera
609 2709 822 2736 manuum
854 2694 1065 2736 suarum”
1097 2695 1140 2735 in
1180 2707 1314 2735 sensu
1351 2691 1571 2747 spirituali
1607 2692 1678 2733 hic
1716 2693 1782 2732 in-

289 2761 512 2814 telligitur
534 2759 682 2800 cultus
706 2773 764 2800 ex
787 2759 909 2799 falsis
931 2757 1163 2800 doctrinae
1186 2771 1300 2811 quae
1327 2771 1386 2798 ex
1414 2757 1592 2810 propria
1618 2755 1784 2796 intelli-

289 2825 473 2878 gentia;
520 2823 595 2863 ille
637 2822 786 2863 cultus
824 2821 1104 2875 significatur
1142 2835 1220 2874 per
1259 2819 1444 2860 “suffire
1485 2820 1568 2859 diis
1604 2818 1702 2859 aliis
1738 2819 1781 2858 in

289 2895 410 2928 terra
433 2885 679 2939 Aegypti,'’
705 2885 892 2925 “suffire
909 2884 928 2899 ’‘
951 2885 1070 2925 enim
1094 2882 1318 2936 significat
1342 2882 1529 2930 cultum,
1556 2881 1654 2922 “dii
1676 2880 1749 2921 alii
1763 2880 1783 2894 ”

289 2949 401 2990 falsa
424 2946 671 2997 doctrinae,
691 2961 742 2989 ac
769 2951 928 2990 “terra
951 2946 1188 3000 Aegypti”
1207 2945 1412 2986 naturale
1434 2946 1478 2985 in
1501 2958 1589 2999 quo
1611 2943 1779 2985 residet

1935 2115 1962 2275 <atrae-2³43
1940 2083 1962 2109 s
1935 1826 1962 2073 &affin-arr„
1943 1656 1962 1818 Quare<
1954 1643 1955 1646 „
1946 1618 1962 1627 2

1938 2363 1957 2379 „-
1936 2325 1962 2353 q-
1939 2283 1962 2320 {siz

1936 2406 1955 2437 5<-

1934 2501 1956 2626 t‘·‘r-
1937 2443 1947 2474 ¹¹²·
