1962 3334
318 245 423 300 1652
727 255 1060 289 APOCALYPSIS
1093 256 1393 289 EXPLICATA.

311 368 476 418 tendit,
504 374 573 409 est
606 368 726 422 quod
750 370 935 422 'proprie
967 370 1128 411 dicitur
1156 373 1318 411 “stare
1351 382 1502 411 coram
1536 369 1679 423 Ipso,’ff
1705 382 1806 410 nam

310 431 395 472 hoc
424 432 480 472 ab
506 432 628 472 omni
662 430 798 484 plaga
830 438 876 473 et
908 433 965 473 ab
992 433 1113 473 omni
1140 434 1333 474 termino
1360 431 1537 486 spectat
1565 433 1808 473 Dominum

311 500 359 535 ut
386 507 512 534 suum
540 501 744 535 centrum
773 508 1039 536 commune:
1080 503 1126 537 et
1150 496 1193 536 id
1220 503 1290 536 est
1317 497 1360 536 in
1387 510 1466 536 sua
1491 496 1688 536 essentia
1713 495 1808 536 Do-

311 558 456 597 minus
483 558 525 597 in
553 557 694 606 caelo,
719 559 821 611 quia
846 565 916 599 est
940 559 1151 599 Divinum
1175 559 1452 612 procedens;
1485 565 1530 600 et
1557 558 1677 612 quod
1700 572 1803 611 pro-

311 620 431 660 cedit
455 627 524 660 est
550 620 692 673 Ipsius
715 635 773 661 ex
797 635 885 675 quo
908 622 1126 674 procedit,
1145 622 1282 662 immo
1305 629 1373 662 est
1398 622 1514 674 Ipse,
1535 621 1668 674 plane
1690 622 1805 662 sicut

311 682 435 723 calor
461 690 506 723 et
533 682 612 723 lux
640 685 890 736 procedens
917 698 942 724 a
969 684 1063 725 sole
1089 691 1158 725 est
1186 684 1318 725 solis:
1363 698 1520 724 omnes
1546 685 1697 738 itaque
1723 698 1805 725 an-

311 745 414 798 geli,
435 746 507 799 qui
530 747 798 799 recipientes
822 754 925 787 sunt
950 747 1099 787 Divini
1122 747 1249 799 hujus
1273 747 1561 799 procedentis
1579 747 1699 800 quod
1722 761 1803 787 vo·

312 815 439 849 catur
471 809 682 850 Divinum
715 809 900 859 Verum,
934 824 981 851 se
1012 817 1194 850 vertunt
1231 810 1287 850 ad
1326 810 1584 857 Dominum,
1618 816 1664 850 et
1701 809 1804 850 inde

311 873 524 913 continue
562 874 606 913 in
639 873 782 926 Ipsius
815 874 1072 926 praesentia
1110 880 1241 924 sunt;
1285 887 1404 922 nam,
1438 879 1485 914 ut
1518 871 1686 914 dictum
1718 880 1803 922 est,

311 934 524 976 Divinum
551 937 802 988 procedens
829 935 1006 989 spectat
1035 936 1280 977 Dominum
1308 942 1355 976 ut
1389 949 1515 976 suum
1543 942 1747 977 centrum
1780 949 1806 976 a

312 1012 401 1051 quo
428 1005 474 1039 et
500 1000 556 1039 ad
583 1000 729 1052 quod;
764 1005 1095 1052 consequenter
1121 1000 1258 1039 etiam
1281 999 1444 1052 angeli,
1465 999 1537 1052 qui
1560 1005 1664 1053 sunt
1690 999 1804 1039 reci·

311 1061 490 1114 pientes
518 1062 671 1102 Divini
699 1062 822 1110 Veri,
851 1075 902 1103 ac
930 1062 1055 1115 quasi
1082 1062 1244 1102 Divina
1270 1076 1375 1102 vera
1401 1063 1443 1102 in
1470 1062 1635 1102 forma:
1669 1075 1727 1102 ex
1754 1075 1809 1102 eo

310 1131 380 1165 est
412 1125 531 1178 quod
563 1125 715 1178 angeli
747 1126 954 1166 dicantur
982 1129 1142 1165 “stare
1175 1139 1326 1166 coram
1356 1124 1590 1173 Domino,”
1616 1137 1719 1165 nam
1747 1124 1803 1165 de

311 1188 475 1228 Divino
502 1188 625 1228 Vero
658 1189 833 1241 proprie
866 1188 1029 1229 dicitur
1055 1188 1251 1235 “stare,’'
1277 1189 1379 1242 quia
1411 1189 1674 1229 circumstat
1706 1187 1803 1228 Do·

311 1252 480 1292 minum
514 1257 562 1291 ut
595 1250 761 1292 Solem.
825 1251 993 1292 “Stare
1026 1265 1177 1292 coram
1212 1251 1342 1292 Deo”
1374 1250 1598 1304 significat
1631 1264 1728 1291 esse
1759 1251 1802 1291 in

312 1314 477 1355 Divino
505 1314 642 1362 Vero,
671 1315 857 1367 proinde
890 1315 1008 1367 apud
1042 1315 1302 1363 Dominum,
1330 1315 1467 1355 etiarn
1498 1315 1542 1354 in
1574 1314 1803 1368 sequenti-

313 1378 395 1418 bus
421 1378 489 1418 his
517 1377 626 1418 locis
643 1377 854 1430 :—Apud
879 1377 1058 1426 Lucam,

465 1467 656 1508 “Angelus
673 1467 770 1506 dixit,
791 1467 866 1507 Ego
884 1477 962 1499 sum
982 1467 1125 1498 Gabriel
1143 1473 1243 1499 stans
1261 1477 1380 1498 coram
1401 1467 1478 1499 Deo
1490 1466 1508 1479 ”
1525 1467 1559 1507 (i.
1580 1467 1632 1508 19)
1647 1476 1654 1506 ;

311 1552 356 1592 in
381 1551 518 1592 Libro
542 1551 699 1592 Primo
724 1551 910 1604 Regum,

382 1628 495 1660 “Vidi
519 1627 695 1669 Jehovam
720 1627 905 1658 sedentem
930 1637 1037 1667 super
1061 1627 1192 1658 throno
1222 1636 1297 1664 suo,
1323 1632 1359 1658 et
1382 1626 1590 1658 universum
1615 1626 1808 1657 exercitum

487 1672 667 1702 caelorum
682 1677 837 1702 stantem
851 1671 952 1711 juxta
967 1670 1089 1711 Ipsum
1106 1681 1128 1701 a
1143 1671 1269 1702 dextra
1284 1670 1401 1711 Ipsius
1419 1676 1453 1701 et
1469 1680 1491 1701 a
1504 1669 1649 1701 sinistra
1663 1669 1779 1710 Ipsius
1791 1668 1809 1681 ''

486 1715 582 1753 (xxii.
606 1715 679 1755 19);

312 1799 432 1853 apud
459 1798 721 1848 Jeremiam,

379 1875 490 1907 “Non
504 1874 685 1906 excidetur
698 1874 752 1906 vir
763 1873 969 1916 JonadabO.
984 1898 991 1906 .
1006 1879 1122 1906 ‚stans
1136 1882 1256 1904 coram
1273 1872 1334 1904 Me
1347 1872 1515 1904 omnibus
1526 1872 1650 1903 diebus
1661 1871 1679 1884 '¹
1690 1871 1809 1912 (xxxv.

393 1965 395 1969 ,
490 1918 542 1959 19)
558 1928 564 1957 ;

314 2002 434 2055 apud
459 2001 694 2050 Davidem,

380 2078 630 2163 “Stat[rBegi3a
652 2078 697 2162 ‘3231
717 2077 878 2109 dextram
904 2082 1001 2108 tuam
1026 2077 1063 2108 in
1087 2086 1174 2107 auro
1196 2075 1334 2116 optimo
1356 2074 1530 2116 Ophiris'’
1550 2074 1621 2115 (Ps.
1643 2072 1747 2107 [¹]xlv.
1770 2082 1810 2106 10

542 2146 549 2153 .
606 2146 613 2153 .
634 2131 654 2162 9
698 2130 705 2160 ;

313 2206 431 2259 apud
457 2205 637 2254 Lucam,

383 2280 565 2320 “Vigilate
579 2280 677 2311 omni
695 2285 867 2320 tempore,
881 2285 920 2311 ut
936 2279 1035 2320 digni
1048 2278 1269 2310 habeamini.
1284 2303 1291 2311 .
1305 2303 1312 2310 .
1328 2278 1387 2310 .ad
1401 2278 1567 2310 standum
1585 2286 1704 2309 coram
1719 2276 1809 2309 Filio

487 2323 673 2355 hominis’'
694 2323 778 2364 (xxi.
799 2324 874 2363 36);

313 2402 357 2442 in
382 2400 673 2453 Apocalypsi,

381 2477 517 2508 “Venit
533 2477 608 2508 dies
627 2485 779 2516 magnus
797 2476 870 2507 irae
889 2475 1017 2515 Ipsius,
1035 2480 1070 2506 et
1087 2474 1164 2515 quis
1182 2479 1301 2514 potest
1318 2479 1411 2504 stare
1422 2472 1456 2505 ?'’
1473 2472 1531 2512 (vi.
1551 2479 1590 2511 17
1605 2471 1626 2512 ;)

380 2520 548 2552 “Omnes
573 2520 691 2560 angeli
716 2524 892 2550 steterunt
911 2519 1043 2550 circum
1064 2518 1243 2556 thronum,
1263 2523 1299 2548 et
1323 2517 1483 2548 seniores
1507 2522 1542 2547 et
1566 2521 1717 2557 quatuor
1734 2514 1810 2547 ani-

490 2563 623 2594 malia''
641 2563 712 2602 (vii.
734 2563 808 2601 11);

381 2609 400 2622 ⁴⁴
412 2607 493 2639 Vidi
511 2613 648 2647 septem
666 2607 815 2647 angelos
833 2606 892 2647 qui
910 2615 1030 2637 coram
1050 2604 1128 2636 Deo
1146 2610 1321 2636 steterunt
1333 2603 1439 2644 '’(viii.
1458 2600 1526 2642 [²]2)
1541 2612 1549 2641 ;

315 2690 433 2744 apud
462 2689 741 2737 Samariam,

389 2766 490 2798 Duae
507 2765 606 2796 oleae
624 2771 659 2796 et
672 2765 762 2796 duae
779 2765 907 2796 baccae
925 2764 1110 2801 olivarum,
1131 2772 1220 2804 quae
1238 2768 1321 2793 sunt
1340 2763 1360 2776 ‘⁴
1373 2762 1443 2792 duo
1464 2760 1525 2792 filii
1542 2760 1651 2799 oleae,
1670 2766 1807 2791 stantes

488 2809 588 2849 juxta
607 2809 801 2839 Dominum
819 2808 929 2839 totius
947 2806 1090 2839 terrae’'
1108 2806 1166 2846 (iv.
1187 2803 1271 2847 [11,]
1294 2813 1342 2843 12,
1364 2805 1437 2843 14);

315 2904 363 2940 et
393 2897 510 2939 alibi.
572 2897 642 2938 De
680 2897 785 2950 Ipso
823 2896 1021 2936 Domino
1059 2895 1197 2936 etiam
1234 2893 1397 2934 dicitur
1429 2892 1548 2946 quod
1583 2891 1805 2932 “steterit
