1962 3334
292 262 400 316 1690
543 278 550 284 ·
707 271 1038 306 APOCALYPSIS
1070 272 1367 305 EXPLICATA.

286 385 531 440 spiritualis
558 400 672 440 quae
699 392 804 427 sunt
831 385 934 427 fidei
966 392 1012 428 et
1039 385 1305 437 charitatis;
1347 386 1533 428 “bestia
1559 386 1654 440 agri
1681 386 1782 441 glo-

286 450 399 490 citat
432 450 488 490 ad
519 449 619 490 Te”
652 449 878 503 significat
911 450 1115 491 dolorem
1148 450 1326 490 illorum
1359 451 1432 503 qui
1470 451 1513 490 in
1545 449 1782 492 affectione

286 512 482 554 naturali
519 519 565 553 et
604 512 708 553 inde
746 513 788 553 in
828 513 1051 554 desiderio
1083 514 1397 566 cognitionum
1435 513 1527 553 veri
1565 519 1611 554 et
1648 513 1780 554 boni:

288 576 547 617 “exsiccati
585 583 690 616 sunt
731 576 812 617 rivi
850 590 1065 630 aquarum
1081 576 1100 591 ''
1139 575 1366 629 significat
1407 590 1513 617 vera
1550 574 1782 618 doctrinae

285 640 505 692 dissipata
532 653 611 693 per
637 652 838 680 amorem
866 639 1118 680 naturalem
1141 653 1149 679 :
1191 640 1346 692 “ignis
1374 639 1573 680 comedit
1600 639 1780 680 habita-

286 701 386 742 cula
418 701 620 743 deserti”
647 701 873 755 significat
906 715 1106 743 amorem
1139 701 1265 742 illum
1298 709 1343 743 et
1377 702 1481 743 inde
1509 701 1780 743 destruetio-

286 778 389 805 nem
413 766 727 818 cognitionum
746 766 864 816 veri;
896 765 1197 806 “habitacula
1220 765 1421 806 deserti”
1440 772 1544 806 sunt
1568 765 1646 806 illa
1668 779 1782 819 quae

285 826 545 868 intelle&us
572 834 618 869 et
645 827 898 869 voluntatis
930 828 1048 881 apud
1081 828 1222 869 talem
1255 827 1487 869 hominem
1519 835 1639 877 sunt,
1668 843 1782 882 quae

285 890 451 945 alioqui
478 898 716 945 receptura
742 905 849 932 vera
875 898 921 932 et
948 891 1068 932 bona
1095 891 1329 932 ecclesiae.
1390 891 1529 945 Apud
1555 892 1765 941 eundem,

351 998 370 1011 ¹⁴
383 995 471 1039 [Ne]
498 998 584 1029 time
609 998 684 1036 tibi,
705 1004 810 1036 terra,
831 998 946 1038 gaude
971 1004 1006 1029 et
1030 998 1175 1036 laetare,
1197 998 1291 1039 quod
1316 998 1599 1038 magnificaverit
1619 998 1782 1040 Jehovah

460 1041 627 1073 faciendo
642 1052 648 1077 ;
675 1052 720 1074 ne
739 1042 872 1080 timete,
887 1043 1023 1073 bestiae
1041 1052 1210 1082 agrorum
1228 1052 1400 1079 meorum,
1415 1042 1500 1082 quia
1515 1042 1671 1074 herbosa
1687 1041 1783 1074 faeta

459 1091 545 1116 sunt
569 1085 774 1116 habitacula
797 1086 939 1123 deserti,
965 1086 1048 1126 quia
1071 1086 1180 1116 arbor
1204 1086 1294 1117 feret
1318 1084 1473 1116 fructum
1498 1095 1613 1124 suum,
1634 1086 1720 1118 ficus
1745 1093 1782 1118 et

459 1129 700 1213 vitli‘ls„‹:i(a[11])unt
720 1130 805 1213 vim)
814 1139 916 1160 suam
931 1139 938 1167 ;
964 1129 1025 1160 filii
1043 1129 1178 1167 Zionis,
1197 1130 1351 1169 gaudete
1369 1135 1403 1160 et
1421 1129 1606 1161 laetamini
1623 1130 1659 1161 in
1676 1130 1782 1172 Jeho-

459 1182 505 1203 va
604 1178 612 1192 ¹
628 1173 663 1204 ii.
683 1181 791 1212 21-23
818 1184 823 1205 :

283 1273 396 1315 haec
429 1274 485 1315 de
517 1275 848 1315 instauratione
881 1274 1101 1315 ecclesiae
1134 1288 1160 1314 a
1193 1274 1420 1324 Domino;
1458 1281 1504 1315 et
1538 1289 1616 1328 per
1650 1278 1780 1316 “ter-

285 1337 412 1378 ram'’
439 1352 553 1391 quae
589 1337 719 1391 [non]
754 1338 949 1386 timebit,
985 1338 1203 1391 gaudebit
1237 1344 1282 1378 et
1317 1338 1575 1387 laetabitur,
1610 1337 1780 1391 signifi·

285 1408 413 1442 catur
430 1401 623 1442 ecclesia
645 1408 691 1443 et
715 1401 808 1454 ejus
822 1401 1067 1455 jucundum
1087 1416 1095 1451 ;
1129 1402 1399 1442 instauratio
1418 1401 1510 1454 ejus
1533 1415 1559 1441 a
1583 1401 1779 1442 Domino

284 1464 563 1517 significatur
595 1479 674 1518 per
702 1465 861 1518 “quod
894 1464 1252 1517 magnificaverit
1278 1464 1486 1517 Jehovah
1519 1464 1727 1505 faciendo
1746 1464 1780 1504 :''

283 1528 388 1568 inde
415 1542 493 1580 per
521 1528 733 1569 “bestias
759 1541 970 1580 agrorum
999 1527 1175 1580 Ipsius”
1202 1527 1520 1580 intelliguntur
1546 1527 1609 1568 illi
1635 1529 1708 1581 qui
1734 1529 1779 1569 in

283 1589 593 1632 affectionibus
620 1591 726 1632 boni
753 1598 872 1639 sunt,
898 1598 944 1631 et
968 1605 1027 1631 ex
1053 1590 1208 1631 Verbo
1230 1588 1575 1631 instructionem
1598 1591 1776 1632 deside-

283 1661 413 1704 rant;
451 1654 694 1695 “bestiae’'
717 1661 822 1695 sunt
846 1654 909 1695 illi
933 1655 1005 1708 qui
1029 1654 1071 1694 in
1095 1652 1405 1694 affectionibus
1430 1654 1535 1694 boni
1559 1654 1777 1695 naturalis

283 1718 492 1765 hominis,
513 1724 559 1758 et
586 1718 720 1771 “agri
733 1717 751 1732 ’'
774 1724 879 1758 sunt
902 1715 1170 1758 doetrinalia
1194 1731 1253 1757 ex
1277 1716 1458 1758 Verbo:
1492 1717 1612 1770 quod
1638 1717 1778 1758 “her-

284 1781 396 1822 bosa
427 1780 544 1822 facta
576 1782 667 1822 sint
699 1781 962 1822 habitacula
988 1780 1187 1822 deserti”
1214 1780 1438 1834 significat
1467 1781 1587 1834 quod
1619 1781 1777 1834 cogni-

284 1845 434 1885 tiones
460 1845 552 1885 veri
585 1851 631 1886 et
663 1844 770 1885 boni
797 1851 928 1885 erunt
955 1845 1072 1897 apud
1106 1844 1207 1884 illos
1235 1844 1352 1897 apud
1380 1857 1492 1897 quos
1519 1858 1609 1884 non
1633 1845 1777 1897 prius:

285 1908 458 1948 “arbor
483 1908 616 1949 faciet
648 1906 873 1948 fru&um”
901 1907 1126 1960 significat
1154 1906 1496 1960 productionem
1523 1907 1629 1948 boni
1655 1908 1777 1948 vitae

283 1985 362 2024 per
393 1972 680 2024 cognitiones
719 1971 846 2022 illas3
892 1970 1092 2011 “arbor’‘
1126 1971 1246 2011 enim
1283 1970 1509 2023 significat
1547 1970 1777 2012 hominem

284 2034 517 2082 ecclesiae,
560 2035 603 2075 in
645 2036 794 2088 specie
836 2041 1037 2075 mentem
1078 2034 1300 2074 imbutam
1342 2034 1693 2086 cognitionibus,
1733 2040 1779 2075 et

287 2095 520 2138 “fruetus”
546 2097 715 2138 bonum
742 2098 889 2138 vitae:
925 2097 1071 2138 “ficus
1098 2103 1145 2138 et
1171 2097 1277 2137 vitis
1303 2096 1476 2137 dabunt
1503 2097 1593 2137 vim
1620 2110 1746 2137 suam
1759 2096 1778 2111 '’

285 2160 510 2213 significat
537 2159 881 2214 productionem
909 2159 1092 2201 effe6ms
1119 2175 1178 2201 ex
1205 2160 1326 2200 bono
1351 2160 1546 2200 naturali
1571 2166 1618 2201 et
1645 2158 1776 2201 simul

285 2224 530 2277 spirituali:
555 2225 658 2278 quia
676 2238 755 2278 per
772 2228 797 2244 ‘⁴
812 2224 983 2265 bestias
1002 2223 1253 2277 agrorum,”
1271 2227 1296 2243 “
1309 2223 1557 2272 arborem,‘’
1575 2223 1745 2264 “ficum
1760 2223 1780 2238 ”

284 2294 332 2328 et
361 2287 570 2328 “vitem”
597 2287 706 2328 talia
738 2301 853 2341 quae
884 2287 1004 2340 apud
1031 2287 1261 2327 hominem
1288 2286 1508 2327 ecclesiae
1535 2293 1655 2335 sunt,
1685 2287 1778 2339 sig-

286 2349 537 2398 nificantur,
563 2350 665 2390 ideo
687 2350 864 2398 dicitur,
892 2354 916 2370 ‘⁶
933 2350 1033 2390 Filii
1058 2350 1225 2397 Zionis,
1249 2349 1449 2402 gaudete
1475 2355 1521 2389 et
1546 2348 1779 2389 laetamini

284 2415 328 2454 in
350 2413 556 2466 Jehovah
576 2427 585 2464 ;
625 2427 703 2467 per
728 2413 880 2453 “filios
905 2404 1088 2453 Zionis'‘’
1111 2412 1429 2465 intelliguntur
1452 2413 1526 2465 qui
1552 2412 1610 2452 ab
1631 2412 1778 2453 eccle-

285 2476 351 2516 sia
376 2475 577 2523 caelesti,
606 2489 657 2516 ac
688 2475 957 2529 “gaudere”
979 2476 1265 2529 praedicatur
1291 2475 1346 2515 de
1368 2474 1567 2527 jucundo
1593 2475 1699 2515 boni
1725 2487 1777 2516 ac

288 2537 486 2580 “laetari
499 2538 518 2553 ‘'
545 2539 601 2580 de
627 2552 822 2580 amoeno
848 2539 954 2579 veri.
1016 2538 1156 2592 Apud
1181 2537 1466 2585 Ezechielem,

352 2643 429 2675 “In
454 2644 511 2675 die
537 2644 599 2675 illo
620 2644 740 2676 veniet
765 2644 847 2684 Gog
870 2654 977 2684 super
1001 2650 1133 2675 terram
1155 2643 1350 2680 Israelis...
1366 2648 1439 2674 ..et
1463 2648 1547 2674 tunc
1572 2643 1639 2674 erit
1663 2649 1779 2674 terrae

460 2694 580 2719 motus
605 2697 756 2727 magnus
782 2697 890 2728 super
913 2694 1009 2719 terra
1034 2687 1188 2724 Israelis,
1210 2694 1244 2718 et
1268 2687 1547 2718 contremiscent
1571 2696 1691 2717 coram
1720 2686 1779 2717 Me

460 2731 576 2772 pisces
591 2732 710 2769 maris,
725 2738 760 2763 et
773 2732 850 2763 avis
865 2732 1056 2769 caelorum,
1071 2738 1106 2762 et
1122 2731 1199 2762 fera
1215 2731 1300 2771 agri,
1316 2736 1350 2761 et
1367 2740 1475 2761 omne
1491 2730 1618 2770 reptile
1633 2736 1778 2769 reptans

460 2785 567 2815 super
587 2781 692 2813 terra,
715 2781 749 2806 et
774 2775 893 2806 omnis
914 2776 1024 2806 homo
1049 2775 1107 2816 qui
1132 2784 1241 2815 super
1260 2774 1422 2805 faciebus
1447 2773 1595 2805 terrae''
1619 2773 1777 2813 (xxxviii.

462 2817 600 2858 18-2'0):

286 2938 364 2978 per
416 2921 679 2976 “Gogum'’
729 2921 1009 2975 significatur
1057 2918 1266 2962 sanctum
1314 2925 1557 2961 externum
1606 2918 1776 2972 absque
