1962 3334
281 243 388 296 1874
689 249 1024 283 APOCALYPSIS
1055 250 1355 283 EXPLICATA.

275 379 354 419 per
379 378 529 406 arcam
553 365 596 406 in
623 379 710 418 qua
737 365 852 414 LeX,
880 364 966 406 hoc
994 371 1079 414 est,
1108 365 1355 407 Dominus:
1395 365 1498 406 inde
1525 371 1622 406 erat
1649 363 1768 419 quod

275 442 379 469 arca
405 435 526 469 esset
555 427 752 469 obducta
778 442 886 468 auro
912 429 1033 469 intus
1059 435 1106 469 et
1132 429 1251 477 soris,
1276 434 1321 469 et
1349 429 1468 482 quod
1497 429 1768 482 propitiato-

274 492 385 531 rium
419 498 540 532 esset
574 505 706 544 supra
732 504 897 539 arcam,
926 497 972 532 et
1005 505 1138 544 super
1169 491 1487 544 propitiatorio
1519 498 1565 531 et
1599 505 1658 532 ex
1690 490 1770 531 illo

276 554 365 595 duo
392 554 575 595 cherubi
602 555 675 607 qui
701 554 879 594 fuerunt
908 568 966 594 ex
999 568 1110 607 puro
1136 568 1271 604 aur0;
1313 558 1506 594 “aurum
1519 554 1538 569 '¹
1565 555 1684 594 enim
1711 568 1769 594 ex

276 617 681 670 correspondentia
708 616 933 669 significat
961 617 1129 658 bonum
1156 618 1336 664 amoris,
1366 618 1410 657 in
1442 631 1531 670 quo
1557 623 1661 657 sunt
1689 630 1769 657 an-

276 679 367 732 geli
385 681 508 720 tertii
527 679 639 720 caeli
661 694 670 729 ;
698 694 776 732 per
794 683 818 700 “
832 681 1194 733 propitiatorium
1209 680 1227 695 ”
1243 679 1581 733 significabatur
1598 679 1770 720 auditio

277 749 323 783 et
350 743 551 795 receptio
578 743 777 782 omnium
802 742 950 783 cultus
978 744 1050 796 qui
1078 757 1137 783 ex
1163 744 1284 783 bono
1311 743 1476 783 amoris
1502 756 1528 782 a
1555 742 1767 789 Domino,

277 812 323 846 et
361 819 439 859 per
475 805 769 845 “cherubos''
801 804 1142 858 significabatur
1179 806 1465 859 providentia
1502 805 1685 846 Domini
1718 818 1769 845 ac

278 867 439 916 tutela,
474 881 530 908 ne
569 868 760 908 adeatur
791 869 874 908 nisi
913 881 1048 921 quam
1086 883 1165 922 per
1202 869 1370 909 bonum
1408 869 1599 918 amoris;
1643 874 1689 908 et
1726 867 1770 908 id

278 930 455 971 caelum
482 944 582 971 cum
610 930 786 983 angelis
818 931 877 971 ibi
910 938 1101 980 tutatur,
1131 945 1186 972 ne
1213 931 1380 984 aliquid
1411 931 1468 971 ad
1496 931 1647 984 Ipsum
1676 930 1770 971 Do-

278 994 449 1034 minum
481 993 685 1034 elevetur
722 994 805 1034 nisi
844 994 963 1047 quod
1002 1009 1061 1035 ex
1099 995 1220 1035 bono
1258 995 1422 1034 amoris
1454 995 1497 1034 in
1531 994 1682 1047 Ipsum
1715 994 1772 1034 ab
1816 1012 1819 1015 ·

278 1056 384 1110 Ipso
411 1057 645 1110 procedit:
690 1057 835 1096 omnis
867 1058 986 1097 enim
1019 1057 1168 1098 cultus
1203 1057 1286 1098 Dei
1319 1058 1482 1098 transit
1516 1071 1593 1110 per
1619 1056 1770 1097 caelos

277 1133 417 1173 usque
443 1120 500 1160 ad
529 1119 789 1168 Dominum,
817 1133 868 1160 ac
902 1121 946 1160 in
978 1121 1051 1160 via
1077 1120 1350 1173 purificatur,
1379 1118 1518 1174 usque
1545 1120 1650 1160 dum
1677 1112 1774 1160 ele-⁴

276 1189 409 1223 vatur
445 1183 501 1223 ad
538 1184 723 1223 tertium
762 1183 951 1231 caelum,
990 1197 1041 1224 ac
1085 1184 1144 1224 ibi
1183 1182 1368 1224 [¹³aditur
1409 1190 1454 1224 et
1497 1184 1709 1236 recipitur
1744 1197 1770 1223 a

278 1245 503 1295 Domino;
542 1245 727 1299 reliqua,
755 1260 869 1299 quae
896 1247 1069 1299 impura
1101 1254 1220 1295 sunt,
1249 1248 1293 1287 in
1319 1248 1391 1287 via
1416 1247 1769 1299 absterguntur:

277 1308 381 1349 inde
413 1315 483 1349 est
516 1309 635 1362 quod
668 1309 852 1349 cherubi
884 1323 942 1349 ex
983 1323 1092 1350 auro
1124 1324 1256 1363 super
1288 1310 1617 1363 propitiatorio,
1651 1309 1771 1362 quod

277 1385 410 1425 super
435 1385 553 1420 arca,
582 1373 718 1425 positi
744 1372 933 1412 suerint:
972 1379 1018 1413 et
1045 1373 1149 1413 inde
1176 1380 1245 1413 est
1278 1373 1397 1426 quod
1424 1372 1499 1413 ille
1527 1372 1651 1412 locus
1678 1372 1771 1412 dic-

278 1441 351 1475 tus
374 1435 504 1476 fuerit
531 1433 913 1483 “sanctuarium‚”
936 1442 981 1476 et
1006 1450 1182 1489 quoque
1208 1434 1451 1477 “sanetum
1475 1434 1773 1483 san&orum,’'

278 1504 324 1539 et
352 1498 472 1551 quod
499 1498 857 1538 discriminatum
884 1498 1013 1539 fuerit
1046 1499 1103 1539 ab
1129 1500 1355 1539 exteriore
1382 1505 1511 1552 parte
1538 1498 1771 1538 Taberna-

279 1560 366 1602 culi
393 1575 471 1615 per
497 1561 661 1601 velum.
725 1560 860 1613 Quod
890 1561 1158 1602 Tentorium
1191 1575 1279 1602 una
1310 1575 1411 1602 cum
1443 1562 1560 1602 atrio
1591 1575 1771 1614 reprae-

278 1625 529 1665 sentaverit
557 1631 648 1664 tres
676 1623 842 1672 caelos,
871 1630 1082 1665 constare
1110 1625 1248 1665 etiam
1276 1639 1334 1665 ex
1367 1638 1421 1665 eo
1453 1631 1622 1677 potest,
1651 1624 1771 1677 quod

279 1689 431 1728 omnia
457 1702 570 1741 quae
603 1688 721 1740 apud
749 1687 863 1727 filios
892 1687 1072 1728 Israelis
1099 1689 1311 1728 instituta
1337 1695 1480 1736 erant,
1509 1701 1772 1741 repraesen-

279 1752 425 1791 tativa
452 1750 720 1791 caelestium
746 1750 937 1800 fuerint;
979 1764 1083 1791 nam
1117 1752 1214 1804 ipsa
1246 1751 1438 1792 ecclesia
1469 1750 1550 1791 suit
1581 1750 1773 1804 ecclesia

278 1815 695 1866 repraesentativa;
748 1814 812 1854 ita
857 1814 1073 1866 imprimis
1120 1813 1485 1854 Tabernaculum
1535 1827 1622 1853 una
1671 1826 1772 1853 cum

278 1875 411 1917 altari
443 1876 522 1917 fuit
550 1875 883 1917 sanctissimum
911 1875 1074 1924 cultus,
1105 1891 1238 1929 super
1269 1877 1401 1916 altari
1433 1877 1550 1916 enim
1583 1889 1772 1929 perage—

279 1939 413 1980 batur
435 1939 584 1980 cultus
608 1953 685 1992 per
708 1939 979 1979 holocausta
1002 1946 1048 1980 et
1072 1939 1302 1985 sacrificia,
1323 1945 1368 1979 et
1391 1939 1435 1978 in
1459 1938 1773 1979 Tabernaculo

279 2016 358 2056 per
383 2002 647 2051 suffitiones,
672 2016 838 2056 perque
866 2002 1070 2043 lucernas
1097 2017 1211 2056 quae
1237 2003 1296 2042 ibi
1330 2002 1518 2043 cottidie
1546 2001 1767 2042 accende-

279 2066 456 2114 bantur,
481 2073 527 2107 et
555 2081 632 2119 per
659 2080 797 2119 panes
824 2067 897 2119 qui
924 2067 1062 2106 etiam
1090 2081 1221 2119 super
1245 2079 1402 2106 mensa
1433 2065 1623 2106 cottidie
1651 2065 1771 2106 ordi-

281 2129 533 2179 nabantur;
571 2129 683 2170 haec
713 2130 863 2169 omnia
890 2130 1295 2182 repraesentabant
1323 2141 1503 2168 omnem
1530 2128 1701 2168 cultum
1728 2129 1772 2168 in

282 2191 411 2232 caelo
443 2198 488 2232 et
522 2193 565 2232 in
598 2191 805 2240 ecclesia,
834 2198 880 2232 et
913 2192 1056 2244 ipsum
1085 2191 1352 2232 Tentorium
1384 2203 1485 2230 cum
1517 2203 1620 2231 arca
1652 2191 1772 2243 ipsos

281 2254 461 2295 caelos:
515 2255 618 2295 inde
665 2261 762 2294 erat
809 2254 930 2307 quod
977 2254 1339 2294 Tabernaculum
1386 2253 1494 2293 illud
1534 2260 1774 2294 vocaretur

283 2321 308 2338 ‘⁶
326 2317 652 2358 Habitaculum
674 2317 876 2370 Jehovae
906 2317 1031 2366 Dei,''
1053 2318 1168 2357 sicut
1195 2324 1384 2357 vocatur
1410 2317 1554 2369 ipsum
1581 2316 1770 2357 caelum.

282 2379 417 2433 Quod
455 2381 785 2434 repraesentati
822 2381 911 2420 sint
950 2379 1063 2420 caeli
1102 2394 1180 2432 per
1217 2378 1593 2427 Tabernaculum,
1634 2381 1772 2420 etiam

280 2450 493 2484 constare
517 2450 672 2496 potest
696 2457 754 2484 ex
778 2457 846 2492 eo,
872 2443 992 2496 quod
1015 2443 1156 2483 forma
1179 2443 1271 2495 ejus
1297 2449 1551 2483 monstrata
1573 2443 1630 2483 sit
1655 2442 1773 2483 Mosi

283 2520 309 2547 a
338 2506 536 2547 Domino
564 2521 695 2560 super
722 2506 882 2547 Monte
910 2505 1057 2557 Sinai;
1091 2512 1136 2546 et
1164 2506 1283 2559 quod
1310 2512 1590 2546 monstratur
1614 2507 1658 2546 in
1685 2506 1772 2546 sor-

282 2583 355 2610 ma
382 2584 407 2610 a
434 2570 648 2617 Domino,
678 2570 763 2610 hoc
792 2575 1109 2622 repraesentat
1136 2569 1208 2610 vel
1241 2568 1415 2609 caelum
1447 2568 1519 2608 vel
1550 2568 1627 2609 illa
1659 2583 1772 2622 quae

282 2632 395 2674 caeli
422 2639 540 2672 sunt.
604 2632 737 2684 Quod
769 2632 910 2672 forma
943 2631 1243 2672 Tabernaculi
1276 2637 1530 2672 monstrata
1561 2632 1619 2672 sit
1652 2631 1770 2672 Mosi

281 2709 414 2749 super
437 2695 596 2736 Monte
625 2694 759 2743 Sinai,
786 2701 968 2735 constat
995 2709 1054 2735 ex
1078 2695 1146 2735 his
1170 2708 1283 2748 quae
1306 2692 1427 2734 dicta
1449 2700 1554 2734 sunt
1578 2693 1710 2742 Mosi,

348 2801 523 2832 “Faciant
537 2800 625 2831 Mihi
638 2798 889 2837 sanctuarium,
903 2806 941 2831 ut
951 2800 1107 2830 habitem
1120 2800 1153 2830 in
1170 2799 1286 2830 medio
1298 2809 1432 2836 eorum,
1444 2798 1543 2838 juxta
1556 2808 1662 2829 omne
1676 2799 1769 2839 quod

457 2843 655 2875 monstravi
670 2844 742 2881 tibi,
757 2844 908 2874 formam
923 2843 1113 2874 habitaculi
1129 2842 1157 2880 ;'’
1173 2850 1206 2874 et
1221 2843 1475 2883 postea,“Vide
1489 2849 1523 2873 et
1536 2842 1591 2873 fac
1604 2842 1639 2873 in
1655 2842 1772 2873 forma

455 2897 578 2918 eorum
597 2896 701 2928 quam
719 2887 839 2919 videre
857 2885 971 2918 factus
988 2897 1026 2918 es
1046 2887 1081 2918 in
1100 2893 1221 2918 monte
1234 2886 1250 2897 ”
1268 2886 1389 2927 (Exod.
1408 2895 1488 2918 xxv.
1507 2886 1536 2924 8,
1555 2895 1584 2926 9,
1602 2887 1679 2924 4ο);

1940 3303 1962 3334 '⁷⁵
1936 3282 1962 3292 ἡ
1942 3256 1944 3258 -
1935 3194 1962 3239 {22¹
1947 3174 1950 3178 .
1943 2950 1962 3052 <fd-‚s
1947 2906 1951 2919 η
1948 2875 1955 2894 ,Α
1948 2796 1962 2858 um·—
1936 2693 1962 2774 (λι...
1945 2618 1962 2674 -,,.·,,
1952 2526 1962 2596 η...-
1948 2489 1962 2510 5⁴
1951 2468 1962 2489 n*
1944 2057 1962 2463 4224‘4m—m5ffiuffl.
1954 2022 1962 2043 .-.·.
1951 1970 1962 2011 ,ε’-ιι
1957 1928 1962 1951 -.
1958 1883 1962 1894 -
