1962 3334
611 240 717 273 CAP.
741 241 823 281 XL,
845 224 982 273 vl-:Rsss
1002 243 1151 284 4—N.
1172 215 1341 288 638[b].
1450 205 1456 210 '
1610 236 1714 288 1645

235 351 444 394 constare
469 352 624 406 potest
649 354 765 395 unde
790 361 860 396 est
886 356 1005 409 quod
1029 360 1210 398 “testes
1221 357 1241 372 '’
1266 357 1473 398 dicantur
1499 357 1665 399 “oleae
1683 357 1717 408 ;’'

234 428 411 469 nempe,
434 418 535 470 quia
555 431 634 470 per
656 422 681 438 “
696 418 820 459 oleas
830 418 850 433 '’
870 419 1184 472 intelliguntur
1204 433 1361 460 omnes
1382 420 1455 473 qui
1476 420 1716 462 ecclesiam

234 479 479 520 caelestem
501 480 682 521 Domini
704 481 1001 530 constituunt,
1026 482 1112 522 hoc
1138 489 1223 531 est,
1245 483 1319 536 qui
1344 484 1387 522 in
1410 483 1531 523 bono
1551 485 1717 524 amoris

231 541 277 580 in
294 541 537 582 Dominum
554 550 673 590 sunt,
691 550 737 583 et
755 544 798 583 in
815 544 936 584 bono
953 545 1117 584 amoris
1138 559 1247 598 erga
1262 545 1446 585 fratrem
1463 552 1510 585 et
1531 546 1715 586 socium.

314 607 399 662 [b.]
441 609 576 662 Quod
606 610 721 650 talia
748 625 829 664 per
860 612 1111 661 “oliveta,”
1138 613 1335 653 “oleas’'
1355 619 1403 653 et
1432 615 1460 634 ⁴⁴
1472 613 1649 654 olivas’‘
1670 614 1715 653 in

219 669 387 714 Verbo
404 671 722 724 significentur,
737 680 946 714 constare
964 680 1118 749 potest
1134 688 1194 714 ex
1214 676 1504 727 sequentibus
1521 675 1656 715 locis:
1659 698 1717 704 —

230 733 370 786 Apud
395 733 673 784 Samariam,

295 823 428 855 “Duae
443 824 544 855 oleae
558 824 680 864 juxta'
684 824 967 863 'candelabrum,
985 827 1007 840 “
1018 836 1091 857 una
1105 836 1128 857 a
1149 827 1275 858 dextra
1286 827 1417 868 lecythi
1432 834 1469 859 et
1487 828 1600 859 altera
1613 827 1715 867 juxta

403 868 585 898 sinistram
602 868 680 908 ejus
693 878 717 902 :.
731 894 740 900 .
753 893 760 900 .
775 876 825 900 .et
848 869 939 900 duae
956 871 1084 900 baccae
1100 870 1302 908 olivarum„
1316 895 1325 902 .
1338 895 1346 902 .
1360 870 1411 902 ‚hi
1434 871 1505 902 duo
1530 871 1591 903 filii
1614 871 1714 902 oleae

402 917 539 942 stantes
555 911 655 951 juxta
672 911 866 943 Dominum
883 913 992 944 totius
1010 919 1124 944 terrae
1134 912 1154 925 ’'
1170 914 1227 951 (iv.
1242 922 1272 952 3,
1288 922 1337 952 11,
1354 922 1403 952 12,
1419 915 1472 954 14)
1488 925 1496 946 ;

229 1006 378 1059 agitur
397 1006 455 1046 ibi
481 1006 537 1046 de
563 1007 824 1048 fundatione
847 1008 1019 1048 Domus
1044 1022 1120 1049 seu
1142 1008 1321 1062 Templi
1343 1023 1369 1050 a
1394 1008 1712 1059 Serubbabek,

228 1075 276 1109 et
312 1081 391 1121 per
425 1069 658 1110 “Domum
694 1070 804 1110 ”seu
841 1070 1119 1123 “Templum
1130 1070 1151 1086 ''
1182 1071 1459 1124 significatur
1494 1072 1711 1123 ecclesia;

229 1145 365 1184 quare
386 1133 528 1172 visum
550 1140 619 1173 est
641 1133 887 1186 prophetae
905 1133 1236 1182 candelabrum,
1254 1141 1301 1174 et
1314 1134 1447 1186 juxta
1467 1135 1576 1176 illud
1598 1137 1713 1177 duae

228 1189 370 1243 oleae,
392 1195 595 1236 similiter
615 1209 757 1248 paene
782 1203 831 1237 ut
856 1197 926 1237 hic
946 1196 1139 1249 johanni
1160 1198 1204 1237 in
1225 1197 1267 1237 A
1268 1197 1530 1250 pocalypszss·
1560 1206 1608 1239 et
1633 1213 1713 1252 per

230 1258 379 1298 “duas
400 1257 523 1298 oleas
534 1258 554 1273 ’'
577 1266 624 1299 et
653 1259 851 1300 “baccas
876 1259 1018 1299 olivas
1028 1259 1048 1274 ”
1068 1259 1376 1312 significantur
1397 1261 1516 1301 bona
1541 1262 1711 1302 caeles·

228 1321 305 1369 tia,
322 1334 436 1374 quae
453 1328 557 1362 sunt
578 1323 741 1362 amoris
758 1323 802 1362 in
820 1322 1078 1371 Dominum,
1097 1330 1144 1363 et
1160 1324 1323 1363 amoris
1340 1337 1449 1376 erga
1465 1324 1647 1365 fratrem
1664 1332 1711 1366 et

227 1384 423 1434 socium;
454 1385 540 1425 hoc
562 1385 729 1425 bonum
751 1385 1028 1437 significatur
1049 1399 1128 1438 per
1150 1385 1336 1426 “oleam
1348 1386 1367 1401 ”
1383 1387 1525 1427 visam
1545 1387 1713 1439 “juxta

227 1447 453 1487 sinistram
475 1447 682 1500 lecyt-hi‚'’
703 1454 749 1488 et
771 1446 883 1488 'illud
909 1449 1077 1489 bonum
1102 1462 1181 1501 per
1203 1453 1228 1469 ‘⁴
1244 1449 1391 1489 oleam
1417 1450 1474 1490 ad
1499 1450 1711 1491 dextram

227 1509 320 1562 ejus
334 1510 369 1550 :”
392 1524 499 1550 vera
515 1510 641 1563 hujus
662 1511 767 1551 boni
787 1511 1101 1564 intelliguntur
1117 1525 1196 1564 per
1213 1511 1364 1552 “filios
1385 1512 1514 1553 oleae
1535 1519 1711 1554 stantes

220 1572 355 1625 juxta
378 1573 621 1614 Dominum
644 1575 783 1614 totius
804 1581 949 1615 terrae
966 1574 1000 1624 ;”
1028 1578 1186 1616 “stare
1206 1574 1339 1627 juxta
1364 1575 1516 1627 Ipsum
1530 1575 1551 1590 ’⁷
1571 1576 1710 1628 signi·

226 1634 332 1676 ficat
361 1650 460 1676 esse
490 1643 537 1677 et
568 1637 765 1677 existere
797 1637 854 1677 ab
885 1637 1002 1690 Ipso.
1064 1636 1289 1690 Quoniam
1317 1637 1482 1678 “oleae
1496 1638 1516 1653 ‘'
1541 1638 1710 1691 signifi-

226 1699 391 1740 cabant
421 1698 498 1739 illa
522 1699 654 1748 bona,
677 1700 779 1740 ideo

299 1787 454 1819 Cherubi
471 1788 507 1818 in
524 1788 643 1819 medio
660 1787 797 1819 Domus
816 1798 880 1819 seu
895 1788 1035 1828 Templi
1059 1787 1143 1820 facti
1163 1795 1247 1820 sunt
1265 1799 1309 1820 ex
1325 1789 1425 1830 ligno
1442 1789 1523 1827 olei,
1546 1789 1710 1821 similiter

397 1831 494 1862 fores
509 1832 555 1862 ad
574 1832 731 1872 adytum,
748 1838 783 1863 et
800 1838 920 1872 postes
937 1833 969 1871 (1
986 1833 1067 1873 Reg.
1087 1832 1132 1864 vi.
1147 1832 1267 1872 23-33)
1281 1842 1288 1870 ;

225 1918 473 1959 “cherum”
510 1919 644 1967 enim,
681 1925 730 1959 ut
774 1925 820 1959 et
854 1919 1041 1959 “fores”
1072 1933 1124 1960 ac
1158 1923 1183 1940 ‘⁴
1199 1919 1386 1972 postes”
1416 1920 1474 1960 ad
1519 1920 1707 1972 adytum

222 1980 416 2034 Templi,
447 1981 761 2034 significabant
794 1982 1059 2030 custodiam,
1093 1996 1148 2022 ne
1179 1983 1325 2023 aditus
1360 1983 1418 2023 sit
1454 1978 1512 2023 ad
1549 1983 1707 2023 Domi-

223 2056 329 2084 num
347 2044 429 2084 nisi
446 2057 578 2097 quam
596 2057 675 2096 per
691 2045 857 2084 bonum
875 2045 1038 2085 amoris
1055 2059 1065 2094 ;
1088 2058 1138 2085 ac
1156 2049 1181 2065 ‘⁴
1194 2045 1380 2097 adytum
1392 2045 1411 2060 ”
1426 2045 1708 2098 significabat

224 2106 297 2147 ubi
322 2106 569 2156 Dominus;
605 2113 651 2147 et
679 2106 888 2159 “lignum
915 2107 1003 2147 olei
1014 2107 1033 2122 '’
1058 2108 1224 2148 bonum
1250 2109 1427 2156 amoris,
1455 2109 1558 2161 quia
1583 2111 1609 2128 ‘⁴
1625 2108 1707 2149 oli—

222 2168 415 2217 vetum,’'
438 2172 463 2189 ‘⁸
476 2168 577 2208 olea
587 2168 609 2183 ’¹
625 2175 671 2209 et
696 2173 720 2189 “
736 2169 884 2209 oliva’‘
901 2169 1215 2222 significabant
1236 2170 1450 2211 caelestia
1471 2184 1585 2224 quae
1602 2178 1708 2211 sunt

225 2231 400 2271 amoris.
467 2230 584 2285 Quia
616 2231 868 2272 “olivetum
884 2231 904 2246 ”
934 2239 980 2272 et
1014 2232 1183 2272 “olea’‘
1214 2231 1529 2285 significabant
1560 2234 1706 2274 eccle·

222 2294 348 2342 siam,
373 2307 487 2347 quae
511 2295 555 2334 in
581 2308 733 2335 amore
758 2295 803 2334 in
829 2294 1073 2336 Dominum
1098 2303 1183 2345 est,
1209 2296 1313 2336 inde

296 2388 423 2421 Oleum
447 2388 657 2428 sandkitatis,
675 2400 745 2430 quo
769 2391 994 2430 ungebantur
1010 2391 1133 2422 omnia
1149 2390 1274 2423 sancia
1293 2392 1475 2429 ecclesiae,
1495 2390 1629 2423 facium
1652 2398 1708 2424 est

394 2442 439 2464 ex
451 2433 532 2464 oleo
548 2434 673 2472 olivae,
690 2442 725 2465 et
741 2434 960 2465 aromatibus
977 2434 1009 2465 ei
1026 2435 1195 2466 admixtis
1211 2435 1333 2474 (Exod.
1346 2445 1428 2467 xxx.
1442 2444 1494 2474 23,
1513 2437 1567 2475 24)
1582 2445 1590 2473 ;

222 2531 327 2559 nam
365 2520 515 2559 omnia
554 2520 786 2567 ecclesiae,
823 2526 1042 2573 quantum
1082 2534 1141 2561 ex
1181 2535 1333 2562 amore
1374 2522 1418 2561 in
1460 2522 1704 2562 Dominum

222 2581 406 2630 ducunt,
445 2588 623 2623 tantum
654 2581 812 2623 sancta
848 2583 1010 2622 Divina
1046 2590 1179 2633 sunt;
1225 2585 1329 2625 inde
1365 2598 1444 2637 per
1478 2585 1523 2625 id
1556 2585 1705 2625 oleum

222 2643 524 2683 inducebatur
539 2645 981 2696 repraesentativum
1000 2643 1183 2685 Domini
1200 2658 1253 2685 ac
1271 2646 1387 2686 caeli
1400 2652 1447 2686 et
1465 2645 1703 2686 ecclesiae.

224 2712 393 2749 (wdoexur
405 2713 573 2750 explioetio
587 2722 684 2750 super
696 2714 750 2742 ma
763 2714 795 2742 in
810 2714 947 2742 Ananis
965 2714 1172 2752 caelestibus.)
1231 2704 1416 2753 Pariter,

289 2787 416 2820 Oleum
440 2789 556 2821 olivae
579 2799 704 2830 purum
729 2796 847 2821 tusum
871 2796 947 2822 erat
970 2800 1035 2831 pro
1062 2791 1227 2822 luminari
1252 2792 1287 2822 in
1306 2792 1478 2823 Tentorio
1495 2799 1703 2831 conventus,

396 2832 489 2873 quod
507 2832 657 2873 singulis
674 2834 832 2874 vesperis
855 2835 1112 2866 accendebatur
1134 2834 1256 2873 (Exai.
1270 2836 1377 2866 xxvii.
1394 2843 1455 2873 20;
1483 2836 1592 2867 Levit.
1609 2837 1703 2868 xxiv.

396 2876 449 2916 2):
