1962 3334
561 261 666 295 CAP.
688 262 772 303 xl„
794 262 932 296 VERs.
957 262 1102 307 3.——N.
1122 252 1292 308 637[a].
1553 252 1667 306 -1637

180 387 243 416 ex
266 387 356 428 quo
379 387 512 416 omne
538 374 705 416 bonurn
725 376 890 416 amoris
914 381 961 416 et
987 375 1234 424 charitatis,
1257 388 1310 416 ac
1337 374 1549 415 Divinum
1572 374 1667 415 Ve-

174 449 277 478 rum
298 450 358 477 ex
383 451 472 490 quo
497 450 631 478 omne
651 451 805 478 verum
828 436 1059 479 doctrinae
1080 445 1127 478 et
1149 437 1251 478 fidei
1270 451 1280 488 ;
1312 437 1423 478 haec
1445 442 1667 490 apparent

179 499 225 540 in
249 497 371 540 luctu
394 500 575 552 quando
606 513 697 540 non
727 501 1013 553 recipiuntur,
1040 507 1089 541 at
1119 501 1163 540 in
1194 500 1360 553 gaudio
1385 499 1566 553 quando
1596 513 1666 539 re-

65 574 68 575 ’
124 582 129 585 <
176 561 426 615 cipiuntur:
459 563 573 603 sicut
598 563 735 603 etiam
760 563 922 603 dicitur
946 563 1003 603 de
1028 562 1124 603 sole
1150 569 1197 603 et
1223 562 1279 603 de
1307 561 1425 610 luna,
1452 575 1532 614 per
1552 575 1666 615 quae

178 625 316 667 etiam
341 624 617 678 significatur
642 625 808 666 bonum
834 626 999 666 amoris
1024 631 1071 666 et
1096 638 1251 665 verum
1276 623 1393 674 fidei,
1419 624 1541 678 quod

243 726 335 759 ”801
354 710 470 758 faetus
489 727 536 758 sit
554 727 657 766 niger
675 727 756 758 ficut
779 737 903 759 saccus
927 727 1096 766 cilicinus,
1116 733 1152 759 et
1175 728 1270 769 quod
1289 728 1375 759 luna
1391 725 1492 759 sana
1510 727 1557 758 sit
1575 727 1666 759 sicut

351 770 515 811 sanguis’
519 770 657 812 '.(Ap0c
674 771 719 802 vi.
738 771 814 811 12),
1672 780 1678 786 ·

178 877 259 918 per
279 878 392 918 quae
414 864 692 918 significatur
712 865 832 918 quod
857 878 991 906 omne
1013 865 1181 906 bonum
1203 866 1366 906 amoris
1388 865 1664 917 disparatum

177 925 252 974 sit,
283 931 331 967 et
361 939 497 966 omne
525 939 683 966 verum
717 925 821 966 fidei
850 925 1138 966 falsificatum
1168 936 1329 974 (videatur
1349 945 1456 974 supra,
1479 945 1511 965 n.
1533 935 1663 976 401);

176 1000 268 1028 non
293 987 413 1041 quod
439 985 517 1028 Sol
543 987 588 1027 in
613 986 740 1027 caelo
765 987 985 1040 angelico,
1012 988 1087 1041 qui
1117 994 1188 1028 est
1214 987 1449 1034 Dominus,
1476 1000 1664 1040 usquam

176 1049 255 1092 fiat
290 1051 430 1103 niger,
462 1050 543 1090 sed
579 1050 699 1103 quod
736 1050 802 1090 ita
835 1057 1052 1102 appareat
1088 1050 1176 1090 illis
1211 1051 1285 1103 qui
1322 1063 1412 1090 non
1444 1050 1664 1102 recipiunt

175 1111 370 1167 saliquam
388 1112 532 1152 lucem
550 1112 668 1152 inde.
727 1111 942 1166 Anti'quis
959 1110 1252 1165 temporibus,
1271 1112 1453 1166 quando
1470 1118 1665 1152 externa

177 1174 395 1216 ecclesiae
416 1189 476 1215 ex
498 1175 631 1215 meris
649 1175 1061 1227 correspondentiis
1082 1181 1128 1215 et
1150 1175 1253 1215 inde
1271 1174 1666 1228 repraesentativis

175 1237 470 1291 spiritualium
496 1237 784 1285 constabant,
812 1237 1238 1289 repraesentabatur
1263 1236 1410 1278 luc‘tus
1434 1251 1515 1290 per
1539 1236 1667 1290 plura

174 1312 290 1354 quae
325 1299 666 1353 significabant;
712 1301 827 1341 sicut
863 1313 942 1352 per
978 1300 1098 1353 quod
1134 1301 1345 1341 sederent
1381 1307 1428 1341 et
1459 1299 1665 1352 jacerent

173 1362 311 1411 humi,
337 1362 457 1416 quod
489 1362 727 1403 volverent
758 1376 805 1403 se
836 1363 880 1402 in
913 1362 1110 1415 pulvere,
1142 1363 1263 1416 quod
1294 1364 1489 1404 cinerem
1521 1363 1665 1414 impo-

175 1430 336 1465 nerent
362 1425 512 1477 capiti,
541 1425 661 1478 quod
686 1425 992 1465 discinderent
1018 1431 1186 1473 vestes,
1209 1431 1255 1465 et
1281 1426 1402 1478 quod
1427 1425 1665 1465 induerent

173 1500 358 1528 saccos:
391 1487 510 1541 quod
539 1487 834 1528 “disciderint
856 1495 1007 1528 vestes
1032 1494 1079 1528 et
1108 1488 1332 1528 induerint
1358 1501 1515 1528 saccos
1529 1488 1547 1502 ”
1572 1488 1664 1540 sig-

174 1549 384 1591 nificabat
403 1548 571 1590 lunum
589 1556 773 1603 propter
795 1550 1126 1591 desolationem
1144 1550 1236 1590 veri
1258 1557 1305 1591 et
1326 1551 1431 1591 boni
1454 1551 1498 1591 in
1521 1550 1666 1590 eccle-

174 1612 254 1661 sia,
280 1618 328 1653 et
353 1619 536 1666 propter
561 1625 651 1653 non
678 1613 984 1665 receptionem
1011 1626 1193 1662 eorum;
1228 1616 1417 1653 “vestes
1430 1613 1449 1627 '¹
1475 1614 1592 1653 enim
1619 1614 1664 1653 in

116 1672 118 1674 ’
173 1671 344 1727 gener'e
360 1673 682 1726 significabant
699 1687 808 1714 vera
832 1673 1057 1714 ecclesiae
1075 1684 1234 1721 (videatur
1245 1693 1351 1722 supra,
1364 1693 1396 1714 n.
1409 1674 1475 1724 64,
1488 1674 1555 1726 65,
1575 1684 1664 1727 195,

75 1731 83 1738 ²
115 1758 121 1761 κ
173 1742 268 1785 271.
285 1733 683 1785 395.475[a],476);
714 1733 819 1773 inde
847 1734 1094 1774 “discissio
1119 1734 1315 1774 vestium
1329 1733 1348 1748 ”
1371 1733 1664 1786 significabat

171 1793 376 1836 'dolorem
402 1801 586 1848 propter
610 1809 717 1835 vera
742 1794 960 1835 ecclesiae
985 1795 1109 1836 laesa
1138 1802 1184 1835 et
1216 1809 1242 1835 a
1266 1795 1386 1835 salsis
1412 1797 1537 1849 quasi
1568 1797 1658 1836 dis·

173 1863 330 1910 rupta3
366 1865 413 1898 et
438 1857 627 1897 induitio
651 1858 771 1897 sacci
796 1856 1081 1910 significabat
1108 1855 1276 1898 luctum
1303 1865 1488 1910 propter
1513 1858 1663 1911 depri-

169 1920 402 1961 vationem
446 1920 552 1961 boni
596 1927 643 1961 et
687 1921 795 1969 veri,
836 1927 883 1961 et
927 1920 1031 1961 inde
1072 1921 1378 1961 vastationem
1418 1921 1661 1963 ecclesiae:

174 1989 459 2037 quapropter,

247 2077 400 2120 Quando
421 2077 567 2109 Hiskias
589 2077 665 2109 Rex
683 2078 820 2109 audivit
837 2078 947 2109 verba
965 2077 1157 2109 Thartanis
1176 2076 1346 2118 praefecti
1366 2079 1460 2119 regis
1479 2079 1662 2120 Assyriae,

348 2122 369 2136 ‘⁴
381 2121 530 2152 Discidit
542 2128 661 2152 vestes
675 2131 767 2158 suas,
781 2127 816 2152 et
831 2122 967 2152 obtexit
983 2131 1021 2152 se
1038 2131 1151 2159 sacco,
1164 2128 1200 2152 et
1212 2122 1310 2153 venit
1322 2122 1467 2153 domum
1481 2122 1640 2164 Jehovae
1654 2133 1662 2159 ;

347 2170 383 2196 et
406 2164 503 2196 misit
528 2164 742 2195 Eliakimum
767 2161 825 2204 q'ui
850 2174 958 2204 supra
980 2164 1136 2202 domum,
1156 2171 1192 2196 et
1216 2164 1415 2196 Schebnam
1440 2166 1602 2204 scribam,
1627 2173 1663 2198 et

346 2208 506 2248 seniores
526 2208 750 2239 sacerdotum
768 2206 930 2239 obtectos
950 2209 1062 2239 saccis
1081 2208 1127 2239 ad
1147 2207 1290 2240 Esaiam
1301 2208 1319 2220 ’¹
1336 2209 1369 2244 (2
1388 2210 1467 2251 Reg.
1483 2210 1554 2241 xix.
1574 2218 1602 2248 1,
1620 2218 1662 2248 2;

345 2251 447 2283 Esai.
462 2252 594 2283 xxxvii.
614 2260 641 2289 1,
659 2251 708 2291 2):

173 2337 260 2380 hoc
285 2336 451 2380 saetam
473 2345 557 2386 est,
580 2339 683 2392 quia
708 2351 787 2390 per
810 2341 835 2358 ‘⁸
851 2351 1005 2391 regern
1028 2337 1247 2391 Assyriae
1258 2338 1279 2353 '’
1299 2339 1359 2379 ibi
1385 2339 1662 2392 significatur

173 2401 393 2443 rationale
419 2415 692 2454 perversum,
720 2415 797 2442 seu
827 2401 1050 2442 rationale
1080 2402 1200 2455 quod
1233 2404 1451 2454 pervertit
1478 2417 1582 2444 vera
1612 2411 1661 2445 et

174 2462 295 2505 bona
333 2464 550 2504 ecclesiae
589 2477 641 2504 ac
682 2464 872 2504 destruit
912 2463 990 2504 illa
1033 2477 1112 2516 per
1149 2463 1286 2514 falsa;
1333 2465 1483 2505 omnia
1522 2465 1661 2505 verba

175 2525 418 2568 Thartanis
443 2524 654 2579 praefecti
680 2527 798 2579 regis
820 2526 1036 2578 Assyriae
1061 2526 1297 2567 involvunt
1322 2527 1456 2567 talia:
1490 2534 1535 2567 et
1558 2528 1661 2580 quia

124 2642 126 2646 y
173 2588 392 2631 ecclesiae
417 2589 642 2630 desolatio
667 2596 714 2630 et
739 2590 938 2629 vastatio
969 2590 1031 2629 sic
1063 2590 1294 2630 imminere
1321 2591 1416 2630 visa
1447 2596 1531 2637 est,
1558 2590 1661 2630 ideo

175 2651 232 2693 ad
254 2651 586 2693 testificandum
610 2650 776 2692 luctum
803 2659 850 2692 et
876 2651 1078 2692 dolorem
1105 2659 1360 2705 propterea,
1384 2653 1660 2694 disciderunt

174 2721 325 2755 vestes
349 2721 396 2755 et
422 2716 698 2756 obtexerunt
724 2729 771 2755 se
798 2728 943 2755 sacco.
1003 2714 1231 2764 Similiter,

249 2808 339 2841 Cum
355 2809 591 2841 Benhadadus
608 2820 670 2841 rex
687 2810 808 2850 Syriae
825 2810 1002 2841 obsideret
1019 2810 1224 2849 Samariam,
1236 2818 1271 2843 et
1284 2810 1379 2842 faesia
1392 2812 1519 2851 ingens
1533 2811 1657 2848 fames,

349 2854 367 2867 “⁴
379 2853 454 2884 Rex
468 2854 561 2893 rupit
574 2861 692 2884 vestes
705 2863 787 2884 suas
801 2863 808 2889 ;
833 2860 868 2884 et
881 2863 959 2884 cum
975 2855 1147 2885 transibat
1162 2864 1269 2894 super
1279 2865 1390 2892 muro,
1403 2855 1489 2886 vidit
1506 2855 1659 2895 populus

347 2896 440 2937 quod
457 2906 537 2928 ecce
554 2906 675 2928 saccus
692 2906 798 2937 super
814 2906 919 2928 carne
936 2897 1013 2938 ejus
1031 2897 1125 2929 intus
1138 2898 1157 2910 ”
1172 2899 1205 2938 (2
1221 2899 1301 2940 Reg.
1320 2896 1400 2930 mvi.
1418 2900 1473 2938 30)
1487 2910 1494 2930 2
