1962 3334
602 269 709 302 CAP.
733 268 816 310 XL,
838 267 977 301 VERS.
1000 259 1147 301 8.—N.
1169 256 1337 312 653[b].
1511 265 1514 267 ·
1604 263 1707 310 1715

223 388 271 424 et
296 382 414 436 apud
437 381 638 431 Esaiam,

289 464 374 496 “Sic
390 464 457 496 erit
474 464 596 502 Babe1‚
616 470 866 496 ornamentum
886 472 1089 503 regnorum,
1105 462 1214 494 decus
1234 460 1518 502 magnificentiae
1536 459 1710 492 Chaldae-

396 518 509 546 orum,
525 509 617 540 sicut
632 508 771 540 eversio
789 507 865 545 Dei,
883 507 1040 538 Sodoma
1055 513 1091 538 et
1107 506 1310 537 Gomorrha
1320 504 1339 517 ”
1358 504 1443 545 (xiii.
1461 505 1534 544 19):

223 607 303 648 per
340 594 654 636 “Sodomam‘’
693 594 970 648 significatur
1009 593 1176 634 malum
1215 593 1380 634 amoris
1419 592 1498 640 sui,
1540 597 1587 632 et
1631 603 1710 643 per

225 656 591 699 “Gomorrham”
615 657 774 699 falsum
804 657 921 698 illius
946 657 1136 706 amoris;
1169 662 1216 697 et
1242 656 1345 709 quia
1370 668 1496 695 amor
1521 654 1586 694 sui
1618 667 1708 694 non

221 722 430 774 agnoscit
460 721 641 774 aliquod
666 733 819 761 verum
845 719 1077 767 ecclesiae,
1105 719 1279 766 dicitur,
1310 718 1453 758 “Non
1484 715 1708 757 habitabit

221 782 282 823 ibi
305 784 383 832 vir,
407 797 489 824 nec
515 783 867 824 commorabitur
886 783 946 823 ibi
972 781 1085 822 filius
1110 781 1303 822 hominis
1320 780 1361 831 ;”
1393 793 1472 832 per
1498 779 1676 819 “virum
1689 777 1730 805 ”⁷

222 844 498 899 significatur
533 845 849 898 intelligentia,
885 851 932 885 et
973 857 1053 897 per
1085 843 1261 884 “filium
1298 842 1521 884 hominis”
1552 853 1707 882 verum

221 907 451 948 ecclesiae.
493 906 610 960 Quia
630 921 709 960 per
728 906 1023 948 “Edomum''
1040 905 1316 959 significatur
1334 904 1549 946 naturalis
1571 903 1708 944 homo

221 970 296 1023 qui
325 970 370 1010 in
399 970 521 1011 falsis
551 978 620 1011 est
652 985 711 1011 ex
738 983 890 1011 amore
915 971 996 1018 sui,
1023 976 1070 1011 et
1095 969 1199 1010 inde
1225 970 1299 1023 qui
1329 967 1557 1009 adulterat
1587 967 1708 1008 bona

220 1031 452 1081 ecclesiae,
490 1032 592 1073 ideo
628 1034 765 1074 etiam
800 1032 892 1085 ejus
927 1032 1124 1073 vastatio
1165 1038 1453 1084 comparatur
1487 1030 1707 1071 eversioni

221 1093 445 1135 Sodomae
470 1102 518 1136 et
544 1094 823 1136 Gomorrhae
839 1095 1048 1148 z—Apud
1073 1094 1334 1143 Jeremiam,

286 1183 308 1197 '⁸
323 1182 399 1215 Erit
411 1183 566 1215 Edomus
577 1183 612 1214 in
626 1184 884 1215 desolationem
888 1208 980 1221 .....
987 1183 1077 1215 sicut
1087 1183 1227 1215 eversio
1240 1183 1416 1214 Sodomae
1427 1188 1463 1214 et
1474 1182 1706 1220 Gomorrhae,
1736 1200 1745 1209 s

398 1251 407 1258 .
421 1252 428 1258 .
442 1251 450 1258 .
464 1252 472 1258 .
480 1237 552 1258 non
566 1228 739 1259 habitabit
749 1228 797 1258 ibi
808 1228 872 1265 vir,
882 1237 947 1258 nec
957 1227 1237 1259 commorabitur
1248 1227 1296 1258 ibi
1307 1226 1399 1258 filius
1410 1226 1565 1258 hominis
1576 1225 1595 1237 ”
1607 1226 1705 1266 (xlix.

394 1268 462 1312 Ι7[,
485 1268 574 1312 ῐ8]);

164 1382 169 1383 ⁷
218 1358 267 1394 et
290 1353 409 1406 apud
433 1352 721 1406 Zepham’am,

287 1429 308 1443 “
319 1427 428 1460 Moab
444 1428 534 1460 sicut
549 1429 705 1460 Sodoma
720 1429 839 1461 futura
854 1435 918 1468 est,
935 1436 971 1461 et
986 1429 1048 1461 filii
1065 1429 1256 1461 Ammonis
1272 1429 1362 1461 sicut
1378 1429 1591 1467 Gomorrha,
1607 1429 1705 1462 locus

390 1471 577 1504 derelitstus
593 1473 738 1511 urticae,
757 1479 793 1504 et
808 1473 914 1505 fovea
929 1473 1025 1511 salis,
1045 1474 1194 1505 vastitas
1211 1474 1247 1504 in
1263 1480 1448 1505 aeternum
1459 1473 1477 1485 ''
1494 1474 1544 1513 (ii.
1563 1474 1618 1514 9);

218 1571 297 1612 per
321 1558 612 1608 “Moabum,”
637 1567 686 1601 ut
712 1561 882 1601 dictum
908 1567 992 1610 est,
1017 1561 1285 1614 intelligitur
1310 1561 1526 1601 naturalis
1550 1561 1702 1608 homo,

218 1621 294 1675 qui
323 1635 382 1662 ex
408 1636 566 1663 amore
591 1624 657 1663 sui
688 1622 914 1664 adulterat
946 1624 1065 1664 bona
1086 1624 1331 1674 ecclesiae;
1364 1630 1411 1664 et
1443 1637 1522 1676 per
1550 1623 1704 1665 “filios

218 1683 498 1733 Ammonis,'‘
513 1686 586 1739 qui
607 1685 844 1726 falsificant
862 1699 967 1726 vera
983 1686 1075 1739 ejus
1093 1700 1102 1735 ;
1135 1692 1181 1726 et
1203 1687 1305 1739 quia
1326 1687 1429 1726 inde
1448 1687 1704 1728 devastatio

218 1747 364 1787 omnis
385 1747 490 1788 boni
513 1755 559 1788 et
584 1749 690 1796 veri,
714 1749 817 1789 ideo
839 1749 1014 1796 dicitur,
1044 1749 1231 1790 “Locus
1253 1748 1493 1790 derelifikm
1518 1751 1701 1797 urticae,

217 1814 264 1850 et
280 1809 409 1850 fovea
426 1810 544 1859 salis,
563 1812 753 1852 vastitas
775 1812 818 1851 in
836 1818 1070 1852 aeternum
1088 1812 1121 1862 ;’'
1152 1812 1410 1852 devastatio
1431 1814 1576 1853 omnis
1598 1813 1704 1854 boni

215 1871 492 1925 significatur
516 1887 595 1926 per
622 1873 809 1914 “locum
841 1874 1046 1922 urticae‚''
1072 1881 1118 1916 et
1152 1875 1408 1927 devastatio
1442 1877 1587 1916 omnis
1611 1878 1703 1917 veri

216 1946 296 1986 per
312 1938 337 1954 “
349 1935 524 1976 foveam
550 1935 655 1976 salis
671 1936 706 1976 :”
730 1937 889 1977 similia
905 1936 1213 1989 significantur
1229 1951 1308 1990 per
1325 1941 1350 1958 “
1363 1937 1608 1980 Sodomam
1619 1939 1639 1954 ”
1655 1947 1703 1981 et

219 1999 246 2016 “
258 1995 591 2038 Gomorrham.”
633 1997 749 2052 Quia
766 2013 844 2052 per
864 1999 1122 2052 “Jehudam
1134 1999 1153 2014 ’⁹
1167 1999 1443 2053 significatur
1456 2015 1583 2042 amor
1599 2016 1702 2043 cae-

218 2059 346 2101 lestis
371 2061 444 2114 qui
470 2068 539 2102 est
571 2075 697 2102 amor
721 2063 765 2102 in
793 2062 1051 2111 Dominum,
1080 2077 1139 2103 ex
1164 2077 1254 2116 quo
1279 2077 1413 2104 omne
1444 2064 1627 2114 bonum,
1654 2073 1703 2107 et

215 2122 261 2164 in
282 2123 493 2176 opposito
514 2137 647 2165 sensu
673 2138 798 2165 amor
819 2125 1066 2166 diabolicus
1089 2126 1163 2179 qui
1184 2133 1254 2166 est
1280 2139 1407 2167 amor
1427 2128 1506 2176 sui,
1531 2142 1590 2168 ex
1612 2142 1702 2182 quo

216 2198 350 2226 omne
365 2185 545 2234 malum,
562 2187 664 2227 ideo
677 2187 933 2228 devastatio
946 2188 1164 2228 ecclesiae
1178 2187 1311 2242 (quae
1325 2203 1404 2242 per
1420 2190 1669 2243 “Jehudam
1682 2191 1703 2206 ”

217 2253 264 2289 et
298 2261 378 2301 per
420 2251 445 2268 “
462 2248 827 2302 Hierosolymam
840 2250 859 2264 ”
899 2250 1193 2304 significatur)
1237 2252 1374 2292 etiam
1415 2261 1702 2306 comparatur

217 2311 434 2352 eversioni
456 2310 680 2352 Sodomae
706 2319 753 2353 et
780 2311 1058 2369 Gomorrhae
1074 2313 1283 2366 :—Apud
1308 2314 1510 2364 Esaiam,

281 2400 303 2414 ‘⁴
315 2399 467 2440 Impegit
482 2400 744 2441 Hierosolyma,
754 2407 789 2432 et
801 2400 940 2442 Jehuda
952 2402 1076 2433 cecidit
1080 2427 1172 2439 .....
1179 2402 1382 2435 obfirmatio
1395 2404 1563 2436 facierum
1575 2415 1699 2437 eorum

389 2445 642 2525 ἓοῐςεςροηᾱεῑ
665 2451 789 2475 contra
808 2454 880 2483 e05‚
898 2451 933 2476 et
952 2452 1134 2485 peccatum
1154 2455 1277 2478 eorum
1301 2447 1391 2479 sicut
1414 2447 1591 2480 Sodomae
1602 2448 1620 2461 ”
1639 2450 1699 2488 (iii.

411 2511 418 2524 2
435 2496 456 2527 9
483 2497 490 2525 ἶ

218 2566 266 2603 et
290 2562 408 2615 apud
434 2563 641 2611 eundem,

282 2637 439 2669 “Audite
463 2639 610 2669 verbum
635 2638 805 2680 jehovae,
829 2639 1007 2679 principes
1032 2639 1232 2679 Sodomae:
1263 2643 1461 2674 auscultate
1485 2643 1602 2684 legem
1629 2643 1696 2676 Dei

390 2682 513 2719 nostri,
531 2682 652 2722 populi
669 2682 920 2714 Gomorrhae’¹
933 2683 967 2722 (i.
988 2683 1060 2723 10):

216 2780 295 2820 per
318 2768 538 2808 “verbum
560 2768 757 2821 jehovae
770 2769 788 2783 ”
810 2769 1076 2823 intelligitur
1098 2771 1308 2812 Divinum
1332 2772 1520 2821 Bonum,
1545 2779 1591 2814 et
1618 2787 1697 2826 per

219 2834 244 2850 “
260 2830 409 2883 legem
433 2831 546 2871 Dei'’
568 2832 834 2884 intelligitur
859 2832 1069 2874 Divinum
1092 2833 1288 2885 Verum;
1322 2847 1424 2876 nam
1448 2836 1520 2876 ubi
1546 2837 1695 2889 agitur

217 2892 272 2934 de
294 2893 428 2943 bono,
447 2894 607 2935 dicitur
628 2894 904 2947 “jehovahff
922 2902 967 2936 et
991 2896 1063 2937 ubi
1086 2897 1140 2937 de
1164 2911 1284 2946 vero,
1305 2898 1465 2939 dicitur
1485 2899 1645 2939 “Deus
1661 2899 1695 2939 :’'
