1962 3334
630 266 735 298 CAP.
758 265 820 306 x.,
843 265 981 298 VERs.
1004 264 1151 309 9.—N.
1172 254 1342 310 617[a].
1622 265 1725 309 1541

240 384 337 420 tum
355 377 620 433 exspectare
642 378 873 427 influxum,
892 378 1006 419 sicut
1025 384 1187 431 putant
1209 377 1273 419 illi
1295 378 1368 431 qui
1392 376 1526 419 fidem
1550 391 1729 430 prorsus

239 449 451 495 separant
476 456 503 483 a
528 442 765 490 charitate,
792 447 838 482 et
870 442 1027 482 dicunt
1058 441 1178 481 bona
1203 441 1452 489 charitatis,
1479 454 1593 494 quae
1624 447 1729 481 sunt

239 505 359 546 bona
393 506 528 554 vitae,
561 506 729 559 absque
767 505 858 545 ulla
894 505 1216 557 cooperatione
1253 503 1504 544 voluntatis
1536 504 1729 544 hominis

238 561 444 618 influere;
476 581 576 608 cum
599 574 753 608 tamen
776 567 995 608 Dominus
1017 567 1153 607 docet
1179 566 1298 620 quod
1322 566 1425 619 Ipse
1442 566 1610 619 jugiter
1635 573 1729 607 stet

238 631 296 671 ad
321 631 485 672 ostium
512 638 559 672 et
584 630 747 684 pulset,
774 638 821 671 et
846 630 966 684 quod
991 630 1129 670 homo
1154 630 1402 682 aperiturus
1434 630 1507 677 sit,
1535 636 1581 670 et
1607 629 1729 682 quod

239 693 459 734 Dominus
494 693 551 734 ad
588 693 713 734 illum
753 694 827 747 qui
867 694 1012 745 aperit
1052 693 1192 733 intret
1232 691 1292 745 (A
1294 698 1388 744 poc.
1420 692 1475 732 iii.
1509 691 1599 744 20).
1676 692 1728 732 In

239 769 427 804 summa,
464 754 582 796 actio
619 763 665 796 et
701 754 870 796 reactio
904 755 1010 796 facit
1048 768 1228 796 omnem
1266 753 1644 807 conjunctionem,
1682 761 1730 795 et

241 817 361 860 actio
382 825 429 859 et
452 832 574 859 mera
596 820 743 871 passio
761 818 930 859 nullam
949 833 958 868 ;
990 832 1133 871 agens
1155 818 1272 858 enim
1295 832 1372 858 seu
1395 816 1604 866 aetivum,
1624 819 1730 859 dum

238 881 381 922 influit
406 882 450 922 in
476 894 597 922 mere
623 882 799 934 patiens
825 895 904 921 seu
934 882 1176 934 passivum,
1203 881 1366 921 transit
1398 887 1445 921 et
1470 881 1727 934 dissipatur,

173 961 177 964 ·
241 956 344 984 nam
375 944 601 996 passivum
633 944 753 984 cedit
784 950 831 984 et
861 943 1000 996 fugit;
1038 950 1085 984 at
1117 956 1217 983 cum
1250 956 1392 996 agens
1423 957 1502 984 seu
1533 942 1729 984 activum

241 1006 383 1047 influit
418 1007 462 1047 in
498 1006 591 1047 tale
628 1007 852 1059 passivum
889 1007 1009 1060 quod
1046 1007 1182 1047 etiam
1219 1014 1289 1046 est
1325 1005 1586 1054 reactivum,
1618 1014 1726 1048 tunc

238 1069 534 1122 applicantur,
571 1076 617 1110 et
655 1075 843 1122 utraque
880 1075 1066 1109 manent
1103 1067 1367 1121 conjuncta:
1413 1070 1477 1110 ita
1518 1076 1588 1111 est
1627 1084 1728 1111 cum

238 1131 409 1172 influxu
441 1132 590 1172 Divini
628 1132 741 1172 Boni
776 1138 823 1172 et
856 1131 1006 1172 Divini
1037 1131 1145 1172 Veri
1182 1132 1226 1172 in
1257 1132 1542 1172 voluntatem
1575 1146 1653 1173 Seu
1684 1134 1728 1173 in

239 1207 438 1235 amorem
459 1195 679 1245 hominis;
712 1201 986 1248 quapropter
1003 1207 1104 1235 cum
1127 1194 1340 1235 Divinum
1362 1194 1504 1235 influit
1527 1195 1571 1235 in
1593 1196 1728 1237 intel-

231 1255 405 1298 *leaum
431 1257 591 1305 solum,
618 1264 726 1298 tunc
752 1259 914 1298 transit
941 1265 987 1299 et
1013 1258 1269 1310 dissipatur,
1297 1265 1344 1299 at
1377 1271 1479 1299 cum
1504 1259 1548 1298 in
1570 1259 1730 1299 volun-

241 1326 399 1368 tatem,
426 1321 499 1360 ubi
525 1327 595 1361 est
619 1321 812 1375 hominis
838 1322 1077 1373 proprium,
1105 1327 1213 1361 tunc
1246 1327 1402 1362 manet
1428 1319 1730 1374 conjunctum.

241 1381 317 1422 Ex
353 1382 421 1423 his
456 1389 665 1423 constare
703 1390 855 1436 potest
892 1384 997 1436 quid
1033 1383 1238 1432 involvit,
1276 1384 1396 1437 quod
1432 1384 1503 1424 hic
1541 1385 1731 1437 primum

241 1446 428 1494 dicatur,
464 1445 607 1494 “Abi,
645 1447 799 1498 accipe
836 1446 1036 1486 libellum
1074 1453 1280 1499 apertum
1322 1447 1368 1487 in
1408 1460 1542 1487 manu
1579 1447 1731 1500 angeli

238 1509 403 1549 stantis
438 1522 570 1561 super
605 1510 715 1549 mari
752 1516 798 1549 et
834 1509 993 1556 terra,”
1024 1515 1071 1550 et
1110 1516 1217 1550 tunc
1255 1510 1375 1563 quod
1410 1510 1637 1551 “abiverit
1674 1510 1730 1551 ad

241 1570 468 1623 angelum,
506 1571 675 1620 dicens,
713 1571 784 1612 Da
819 1572 926 1612 mihi
964 1571 1204 1620 libellum,”
1241 1572 1360 1625 quod
1397 1579 1504 1613 tunc
1542 1573 1731 1626 angelus

244 1634 423 1682 dixerit,
448 1633 659 1687 “Accipe
684 1641 730 1675 et
756 1634 923 1675 devora
940 1633 973 1684 ;'’
997 1635 1061 1674 ita
1086 1634 1352 1675 describitur
1377 1633 1622 1675 reaffivum
1649 1649 1727 1676 seu

242 1697 544 1748 reciprocum:
583 1697 686 1737 inde
719 1710 834 1737 nunc
866 1704 935 1737 est
968 1697 1087 1750 quod
1120 1710 1199 1749 per
1230 1697 1305 1737 illa
1335 1698 1472 1737 verba
1502 1697 1727 1751 significe-

241 1765 313 1800 tur
337 1758 526 1799 facultas
556 1759 799 1811 recipiendi
829 1773 854 1798 a
880 1759 1078 1799 Domino
1103 1759 1234 1812 quale
1266 1767 1335 1800 est
1358 1759 1575 1801 Verbum.
1636 1760 1728 1801 Re-

241 1822 392 1874 ceptio
414 1821 564 1861 Divini
585 1821 778 1861 influxus
800 1822 936 1861 etiam
962 1821 1067 1862 alibi
1092 1822 1136 1862 in
1159 1821 1314 1862 Verbo
1336 1822 1541 1863 similiter
1562 1823 1731 1864 descri-

241 1885 374 1926 bitur.

304 1949 528 2004 v(31¹7[a].
567 1951 646 1991 “Et
675 1951 776 1991 dixit
807 1951 916 1997 mihi,
948 1951 1096 2004 Accipe
1130 1955 1174 1992 et
1204 1952 1354 1992 devora
1386 1952 1730 2006 illum.”—Quod

242 2012 465 2065 significet
492 2018 539 2052 ut
569 2012 741 2064 legeret,
762 2012 1009 2065 perciperet
1037 2019 1079 2053 et
1102 2013 1356 2065 exploraret
1388 2014 1574 2054 Verbum
1604 2015 1733 2067 quale

240 2081 308 2115 est
327 2075 448 2115 intra
468 2081 510 2115 et
530 2074 658 2126 quale
677 2081 744 2115 est
764 2081 909 2123 extra,
928 2082 1110 2116 constat
1133 2090 1192 2116 ex
1215 2076 1542 2129 significatione
1562 2081 1587 2097 “
1602 2077 1731 2118 Dixit

243 2138 363 2186 mihi,
391 2137 564 2190 Accipe
597 2137 835 2186 libellum‚”
861 2138 980 2191 quod
1012 2139 1070 2178 sit
1102 2138 1291 2179 facultas
1322 2140 1431 2180 data
1457 2141 1731 2193 percipiendi

242 2199 374 2254 quale
409 2206 479 2240 est
517 2200 732 2248 Verbum,
772 2201 857 2241 hoc
895 2207 979 2249 est,
1017 2201 1160 2254 qualis
1195 2209 1266 2242 est
1302 2201 1560 2244 intellectus
1591 2203 1732 2244 Verbi

243 2274 361 2302 nunc
390 2261 435 2301 in
465 2261 660 2302 ecclesia
690 2273 745 2308 (de
764 2281 829 2309 qua
847 2273 880 2301 in
899 2273 1033 2301 articulo
1053 2282 1128 2301 mox
1146 2275 1368 2311 praecedente,
1383 2283 1415 2304 n.
1430 2263 1530 2312 616)
1548 2279 1557 2314 ;
1594 2271 1640 2306 et
1670 2279 1731 2305 CX

242 2322 569 2375 significatione
598 2323 849 2363 “devorare
865 2323 884 2337 ”
910 2337 986 2363 seu
1018 2324 1269 2372 comedere,
1302 2324 1422 2378 quod
1455 2326 1512 2366 sit
1544 2326 1730 2379 conjun-

243 2398 350 2438 gere
397 2391 443 2426 et
487 2387 772 2438 appropriare
815 2386 922 2435 sibi;
968 2393 1014 2426 et
1060 2387 1161 2439 quia
1201 2386 1402 2427 Verbum
1448 2388 1732 2441 conjungitur

243 2448 413 2489 homini
444 2461 522 2501 per
552 2447 792 2490 lectionem
819 2456 864 2489 et
892 2450 1244 2502 perceptionem,
1271 2451 1373 2491 ideo
1404 2452 1475 2492 hic
1508 2465 1587 2504 per
1614 2453 1731 2492 “de-

243 2510 432 2552 vorare‘’
471 2525 549 2551 seu
590 2512 826 2552 comedere
868 2511 1144 2564 significatur
1186 2512 1337 2566 legere
1383 2520 1429 2554 et
1474 2515 1729 2567 percipere:

244 2574 364 2627 quod
395 2575 531 2615 etiam
566 2575 819 2615 “devorare
832 2574 851 2589 ”
882 2575 950 2615 hic
983 2575 1207 2628 significet
1238 2577 1493 2629 explorare,
1527 2584 1596 2618 est
1629 2579 1732 2631 quia

245 2637 443 2690 sequitur
482 2637 602 2690 quod
642 2637 859 2677 “libellus
897 2638 1206 2679 amaricaverit
1247 2646 1452 2680 ventrem
1494 2640 1649 2688 illius,”
1684 2649 1731 2682 et

246 2699 365 2752 quod
393 2700 474 2739 “in
506 2714 581 2740 ore
614 2701 805 2740 sentitus
837 2701 893 2740 sit
926 2700 1068 2740 dulcis
1099 2701 1213 2742 sicut
1246 2702 1374 2747 mel,'’
1400 2701 1478 2755 p'er
1509 2717 1621 2756 quae
1648 2718 1730 2744 ex-

247 2760 471 2813 ploratum
498 2769 567 2803 est
593 2762 724 2815 quale
747 2762 948 2802 Verbum
971 2769 1041 2804 est
1067 2764 1214 2816 quoad
1237 2763 1516 2805 intellectum
1544 2767 1660 2806 intra
1684 2774 1731 2808 et

246 2823 375 2876 quale
402 2830 471 2864 est
503 2832 660 2873 extra;
698 2826 814 2864 intra
845 2824 1120 2877 significatur
1152 2839 1229 2878 per
1256 2828 1529 2868 “ventrem’'
1557 2836 1602 2868 et
1634 2828 1726 2880 ejus

247 2887 598 2936 maricationem,
636 2895 681 2928 et
719 2895 851 2928 extra
887 2901 965 2941 per
1002 2893 1090 2930 “os
1105 2890 1124 2904 ”
1155 2891 1197 2930 in
1236 2905 1323 2944 quo
1360 2893 1551 2932 sentitus
1589 2892 1730 2932 dulcis
