1962 3334
283 324 299 354 1
309 324 392 366 340
692 323 1023 356 APOCALYPSlS
1055 324 1353 357 EXPLICATA.

279 435 351 475 ubi
383 441 428 476 et
461 435 578 476 unde
605 435 722 476 mala
755 442 800 476 et
832 436 956 485 falsa,
984 436 1086 477 ideo
1112 437 1273 477 dicitur
1298 436 1418 490 quod
1447 436 1687 490 “projiciet
1718 437 1762 476 in

278 498 607 551 profunditates
625 499 758 539 maris
777 500 927 539 omnia
948 505 1139 552 peccata
1154 499 1172 514 ''
1190 505 1358 540 nostra.
1419 498 1555 552 Apud
1578 498 1762 539 Ezechi-

277 560 394 609 elem,

348 650 471 682 “Cum
492 651 624 682 dedero
648 658 682 683 te
706 653 830 683 urbem
851 651 1061 689 desolatam,
1082 652 1172 683 sicut
1196 653 1303 683 urbes
1324 662 1415 692 quae
1439 662 1512 682 non
1536 651 1763 688 habitantur:

452 705 531 726 cum
552 696 745 726 ascendere
769 696 887 726 fecero
909 702 1034 726 contra
1057 701 1090 726 te
1111 697 1292 735 abyssum,
1314 701 1350 726 et
1374 695 1576 726 obtexerint
1596 700 1631 726 te
1651 705 1764 736 aquae

452 739 606 775 multae:
632 746 667 770 et
691 739 808 770 fecero
833 739 1049 770 descendere
1074 745 1107 770 te
1133 749 1212 770 cum
1238 739 1536 770 descendentibus
1559 738 1596 769 in
1620 738 1764 770 foveam

452 782 496 813 ad
521 783 691 822 populum
717 783 870 819 saeculi;
895 788 930 813 et
947 782 1106 813 habitare
1130 787 1164 813 te
1184 782 1303 813 fecero
1324 782 1359 812 in
1379 788 1475 813 terra
1494 781 1703 813 inferiorum
1728 782 1764 814 in

453 826 737 857 desolationibus
757 836 778 856 a
797 826 952 863 saeculo,
976 835 1055 856 curn
1077 826 1377 857 descendentibus
1402 826 1437 856 in
1457 826 1613 863 foveam,
1632 832 1672 857 ut
1691 836 1764 857 non

452 869 591 900 habites
603 869 620 880 ”
638 870 745 908 (xxvi.
763 878 812 909 19,
829 870 900 909 20):

277 950 390 991 haec
419 952 476 992 de
501 951 638 1005 Tyro,
665 966 743 1005 per
764 966 896 1005 quam
920 951 1197 1004 significatur
1218 951 1410 992 ecclesia
1433 951 1580 1004 quoad
1607 951 1764 1003 cogni-

278 1015 426 1054 tiones
444 1015 536 1055 veri
559 1021 604 1055 et
627 1015 731 1055 boni
751 1029 758 1064 ;
792 1029 869 1055 seu
893 1015 1039 1068 quoad
1063 1028 1167 1055 vera
1190 1014 1406 1054 naturalis
1428 1013 1635 1062 hominis,
1656 1019 1764 1054 'nam

277 1090 383 1117 vera
409 1077 624 1117 naturalis
656 1078 850 1117 hominis
882 1084 987 1118 sunt
1019 1078 1306 1130 cognitiones
1332 1077 1424 1117 veri
1456 1083 1502 1117 et
1527 1077 1657 1117 boni:
1692 1076 1764 1117 hic

279 1140 428 1192 agitur
460 1140 514 1180 de
546 1141 804 1180 vastatione
839 1140 1057 1181 ecclesiae
1089 1140 1237 1193 quoad
1274 1139 1376 1190 illa3
1417 1139 1563 1180 “dare
1594 1139 1764 1192 Tyrum

279 1202 433 1242 urbem
457 1202 725 1249 desolatam,
751 1204 865 1244 sicut
889 1203 1020 1243 urbes
1042 1217 1156 1256 quae
1183 1216 1273 1242 non
1300 1202 1602 1251 habitantur,''
1626 1202 1764 1255 signi-

278 1264 384 1305 ficat
417 1263 666 1305 doctrinam
701 1266 792 1318 ejus
824 1266 993 1319 absque
1020 1266 1135 1306 veris
1167 1272 1213 1305 et
1246 1265 1360 1305 sicut
1393 1263 1620 1305 doctrinas
1651 1278 1766 1318 quae

279 1334 383 1368 sunt
415 1328 583 1382 absque
616 1329 752 1376 bono,
787 1342 891 1368 nam
923 1342 1028 1369 vera
1060 1326 1290 1369 doctrinae
1322 1328 1491 1381 absque
1522 1328 1643 1368 bono
1675 1341 1765 1368 non

280 1397 384 1431 sunt
412 1405 530 1440 vera,
559 1393 660 1445 quia
687 1393 838 1432 omnia
864 1406 970 1432 vera
1002 1398 1105 1432 sunt
1138 1392 1272 1440 boni·,
1306 1391 1589 1431 “ascendere
1619 1390 1766 1431 facere

278 1460 438 1493 contra
461 1454 629 1507 Tyrum
658 1455 884 1507 abyssum,
910 1461 958 1495 ut
986 1455 1209 1507 obtegant
1236 1453 1360 1494 illam
1387 1468 1528 1507 aquae
1555 1453 1766 1501 multae,”

278 1516 501 1569 significat
534 1518 867 1558 immersionem
899 1519 943 1558 in
975 1518 1086 1558 falsa
1118 1517 1175 1558 ab
1206 1518 1378 1559 inferno
1409 1518 1453 1557 in
1491 1516 1604 1569 pluri
1637 1517 1766 1569 copia

282 1579 561 1633 (“abyssus''
579 1587 648 1622 est
667 1581 900 1630 infernum,
920 1585 1100 1634 “aquae
1119 1580 1290 1622 multae
1303 1581 1322 1596 ''
1341 1587 1444 1621 sunt
1462 1579 1574 1620 falsa
1591 1580 1634 1620 in
1653 1579 1766 1633 pluri

278 1643 455 1696 copia):
492 1647 631 1684 “cum
658 1644 1037 1685 descendentibus
1063 1645 1107 1684 in
1133 1644 1310 1684 foveam
1337 1643 1393 1684 ad
1426 1642 1639 1696 populum
1666 1656 1766 1683 sae-

279 1705 396 1746 culi'’
422 1706 645 1759 significat
672 1708 728 1747 ad
755 1707 855 1748 illos
882 1708 924 1747 in
952 1708 1122 1748 inferno
1149 1708 1222 1761 qui
1253 1707 1311 1747 ibi
1342 1707 1518 1747 fuerunt
1545 1706 1602 1746 ab
1628 1705 1766 1746 Anti-

278 1768 490 1820 quissima
504 1768 712 1809 Ecclesia
728 1782 836 1809 mox
851 1775 959 1809 ante
973 1769 1187 1809 diluvium
1205 1783 1214 1819 3
1233 1768 1296 1808 illi
1311 1767 1766 1820 vocantur“populus

279 1831 475 1871 saeculi”
507 1833 608 1885 quia
640 1833 696 1872 ab
728 1833 930 1886 antiquo,
964 1838 1010 1872 et
1043 1833 1086 1872 in
1118 1832 1223 1872 diris
1256 1831 1377 1872 salsis
1409 1845 1514 1888 prae
1546 1830 1668 1870 aliis:
1706 1844 1766 1871 ex

279 1894 436 1947 quibus
459 1902 587 1948 patet
610 1896 714 1949 quid
738 1895 1016 1949 significatur
1037 1910 1116 1949 per
1140 1895 1326 1936 “facere
1346 1895 1552 1935 habitare
1578 1895 1622 1934 in
1648 1899 1767 1935 terra

278 1957 533 1998 inferiorum
556 1959 599 1998 in
622 1959 978 1999 desolationibus
1000 1973 1025 1999 a
1048 1958 1244 2005 saeculo,
1265 1971 1366 1998 cum
1385 1952 1766 1998 descendentibus

280 2020 324 2059 in
352 2019 541 2068 foveam,
571 2027 618 2062 ut
651 2035 741 2062 non
768 2022 946 2062 habites
967 2021 1000 2072 ;”
1029 2026 1155 2062 “non
1182 2021 1387 2061 habitare
1399 2020 1419 2035 ‘’
1445 2020 1515 2060 hic
1543 2018 1766 2072 significat

281 2095 371 2123 non
394 2083 437 2123 in
460 2083 678 2137 aliquibus
696 2086 810 2125 veris
829 2099 943 2133 esse,
962 2085 1063 2138 quia
1086 2098 1175 2124 non
1194 2085 1238 2124 in
1260 2084 1408 2134 bono3
1441 2082 1503 2123 illi
1521 2083 1657 2123 etiam
1676 2095 1766 2122 non

280 2145 490 2186 habitant
517 2147 560 2186 in
587 2147 806 2195 domibus,
832 2148 909 2188 sed
937 2148 979 2187 in
1006 2147 1159 2187 foveis.

365 2206 447 2259 [b.]
491 2206 663 2247 Similia
688 2207 1000 2260 significantur
1025 2208 1144 2260 apud
1171 2206 1453 2255 Samariam,

347 2297 365 2310 ‘⁴
377 2296 465 2327 Ecce
484 2294 678 2337 [¹]Jehovah
696 2297 950 2336 depauperabit
966 2297 1112 2337 Tyrum,
1129 2302 1164 2327 et
1180 2295 1333 2327 excutiet
1353 2295 1388 2326 in
1406 2305 1503 2326 mare
1523 2304 1610 2335 opes
1628 2293 1715 2335 ejus,
1733 2300 1769 2325 et

456 2340 532 2379 ipsa
549 2341 630 2380 igne
647 2341 891 2372 comederetur
904 2340 921 2352 ''
941 2340 998 2381 (ix.
1011 2341 1064 2380 4):

284 2431 537 2468 “excutere
563 2428 607 2468 in
634 2441 755 2468 mare
782 2442 892 2481 opes
918 2428 1040 2481 ejus”
1062 2427 1285 2481 significat
1312 2426 1532 2479 conjicere
1563 2427 1607 2466 in
1633 2425 1766 2466 infer-

283 2504 389 2530 num
415 2490 551 2540 salsa;
588 2494 747 2531 “mare
760 2491 778 2505 ”
801 2497 871 2531 est
897 2491 1114 2532 infernum
1137 2491 1210 2531 ubi
1235 2489 1346 2531 salsa
1373 2489 1492 2538 mali,
1516 2494 1562 2530 et
1588 2492 1735 2542 “opes
1748 2487 1767 2503 ”

283 2560 396 2593 sunt.
414 2554 509 2606 ipsa
535 2554 658 2594 falsa.
720 2554 858 2607 Apud
883 2554 1165 2602 Ezechielem,

349 2643 367 2656 ‘⁴
380 2642 419 2673 In
434 2652 543 2683 aquas
557 2642 685 2674 multas
699 2643 921 2674 deduxerunt
934 2649 967 2674 te
981 2647 1253 2674 contemnentes
1267 2647 1311 2679 te,
1325 2648 1453 2673 ventus
1467 2641 1649 2672 orientalis
1663 2640 1769 2680 fregit

458 2692 491 2717 te
512 2687 546 2717 in
564 2687 669 2717 corde
686 2687 835 2717 marium
852 2695 859 2723 ;
884 2696 971 2726 opes
986 2693 1078 2723 tuae,
1097 2686 1358 2725 negotiationes
1376 2692 1466 2722 tuae,
1485 2690 1660 2716 mercatus
1677 2689 1768 2722 tuus,

459 2736 587 2761 nautae
599 2730 648 2760 tui
662 2736 696 2760 et
710 2730 865 2761 naucleri
879 2731 926 2761 tui
942 2730 1192 2760 confirmantes
1207 2729 1369 2760 fissuram
1383 2734 1488 2766 tuam,
1499 2734 1534 2759 et
1545 2728 1769 2768 negotiantes

460 2773 738 2812 negotiationem
759 2779 865 2811 tuam,
886 2780 920 2804 et
944 2783 1069 2804 omnes
1089 2773 1155 2804 viri
1178 2772 1261 2803 belli
1285 2773 1335 2803 tui
1355 2772 1412 2812 qui
1437 2772 1472 2802 in
1493 2777 1537 2809 te,
1557 2777 1592 2802 et
1616 2771 1651 2802 in
1671 2771 1769 2801 omni

458 2817 733 2856 congregatione
751 2823 820 2852 tua,
838 2827 927 2857 quae
948 2817 983 2848 in
1001 2817 1119 2848 medio
1136 2816 1197 2853 tui,
1214 2816 1340 2847 cadent
1359 2816 1394 2846 in
1412 2824 1473 2846 cor
1488 2814 1640 2846 marium
1659 2815 1695 2845 in
1713 2814 1769 2845 die

458 2870 560 2891 casus
577 2861 626 2891 tui
638 2860 655 2872 ”
673 2860 792 2900 (xxvii.
805 2861 856 2898 26,
869 2860 942 2899 27):

286 2948 398 2990 haec
426 2949 563 2989 etiam
590 2948 645 2990 de
672 2948 809 3002 Tyro,
838 2954 883 2989 et
910 2946 1030 2990 dicta
1061 2953 1164 2989 sunt
1194 2948 1249 2988 de
1278 2946 1532 2988 “navibus”
1558 2945 1664 2999 ejus,
1691 2958 1771 3000 per
