1962 3334
245 293 351 345 1518
658 300 992 335 APOCALYPSIS
1024 302 1324 336 EXPLICATA.

305 412 429 444 “Num
447 423 572 445 servus
591 412 726 446 Israel?
749 424 834 446 num
853 421 958 447 natus
976 415 1103 447 domus
1121 415 1202 449 ille?
1248 416 1365 458 Quare
1380 414 1495 448 faetus
1513 411 1567 448 est
1584 416 1620 448 in
1634 426 1735 458 prae·

414 458 521 489 dam?
566 457 703 489 Contra
726 468 807 489 eum
832 459 976 499 rugiunt
1004 459 1127 491 leones
1150 460 1312 500 juvenes,
1337 460 1448 491 edunt
1472 470 1595 491 vocem
1621 469 1733 498 suam,

413 501 578 541 redIgunt
598 508 728 532 terram
750 502 828 541 ejus
852 502 888 533 in
913 503 1129 542 vastitatem,
1149 505 1254 534 urbes
1275 504 1353 543 ejus
1377 504 1626 542 incenduntur,
1645 504 1735 535 adeo

412 551 450 575 ut
467 554 540 575 non
558 545 603 576 sit
622 545 802 577 habitator
814 545 832 557 ¹’
850 545 898 584 (ii.
918 554 967 585 14,
989 546 1041 587 15)
1056 558 1062 578 ε

240 632 397 673 “Num
434 647 588 673 servus
627 633 800 674 Israel?
842 647 948 674 num
986 640 1117 675 natus
1150 635 1310 675 domus
1342 634 1418 675 ille
1434 634 1473 675 ?'’
1512 633 1735 687 significat

237 695 475 737 ecclesiam
502 710 616 749 quae
648 697 691 736 in
718 697 834 737 veris
871 703 917 738 et
950 697 1079 738 bonis
1104 697 1261 746 suerat,
1289 704 1335 738 et
1367 697 1487 750 quod
1519 695 1736 738 haetenus

237 772 328 800 non
360 760 443 800 sit:
481 759 660 800 “Israel
673 759 691 774 ”
723 759 951 813 significat
989 760 1242 809 ecclesiam,
1277 760 1498 801 “servus'’
1530 759 1632 801 illos
1663 761 1736 814 qui

236 823 280 862 in
306 823 435 871 veris,
463 829 509 863 et
536 826 713 863 “natus
740 823 903 863 domus
916 823 935 838 ''
960 823 1061 864 illos
1087 825 1159 877 qui
1186 825 1229 864 in
1257 824 1411 864 bonis:
1448 827 1621 877 “quare
1644 824 1734 865 fac-

236 892 310 925 tus
331 892 400 925 est
426 885 470 925 in
494 885 711 937 praedam
729 885 767 925 ?”
800 885 1024 938 significat
1048 886 1412 926 devastationem
1435 885 1555 938 ejus;
1590 890 1734 927 “con-

237 955 307 988 tra
351 961 451 988 eum
497 949 679 1001 rugiunt
730 948 885 989 leones
925 949 1126 1002 juvenes,
1173 949 1313 989 edunt
1361 962 1521 989 vocem
1571 948 1736 997 suam‚'’

237 1010 460 1064 significat
497 1012 540 1051 in
579 1011 654 1051 illa
693 1011 1024 1052 desolationem
1058 1011 1207 1051 Divini
1238 1011 1348 1052 Veri
1384 1025 1410 1052 a
1445 1011 1565 1052 falsis
1596 1011 1734 1062 .mali;

238 1078 264 1093 “
280 1074 490 1126 redigunt
513 1080 679 1114 terram
713 1074 805 1127 ejus
837 1075 882 1115 in
904 1074 1202 1116 vastitatem”
1224 1073 1448 1127 significat
1471 1072 1736 1115 destruetio-

236 1149 339 1176 nem
376 1137 511 1189 ipsius
551 1136 767 1177 ecclesiae
816 1151 842 1177 a
881 1137 1036 1187 malis;
1082 1137 1250 1177 “urbes
1288 1136 1380 1190 ejus
1417 1137 1731 1185 incenduntur,

236 1199 351 1240 adeo
373 1206 421 1240 ut
449 1213 542 1240 non
569 1200 626 1240 sit
653 1199 922 1248 habitator‚”
945 1199 1168 1253 significat
1193 1198 1546 1240 destruetionem
1569 1198 1734 1240 doetri-

236 1261 403 1302 nalium
430 1261 523 1315 ejus
557 1263 695 1303 etiam
728 1276 754 1303 a
785 1262 929 1311 malis,
958 1276 1095 1316 usque
1130 1269 1177 1303 ut
1210 1276 1300 1303 non
1331 1263 1523 1315 supersit
1554 1262 1735 1316 aliquod

235 1325 403 1365 bonum
430 1325 665 1366 ecclesiae.
729 1325 868 1378 Apud
894 1325 1181 1374 Ezechielem,

303 1413 490 1445 “Surrexit
509 1424 600 1445 unus
620 1414 663 1446 de
684 1414 809 1445 catulis
823 1414 841 1425 '¹
861 1415 1017 1452 leaenae,
1041 1414 1211 1454 “juvenis
1232 1414 1289 1445 leo
1309 1412 1424 1446 faetus
1455 1414 1518 1446 sed
1541 1414 1662 1446 didicit
1683 1425 1735 1446 ra-

411 1467 494 1498 pere
513 1458 686 1498 rapinam,
705 1458 870 1489 homines
888 1458 1077 1489 devoravit
1092 1468 1115 1495 ;.
1130 1483 1137 1490 .
1152 1483 1159 1490 .
1174 1458 1366 1498 .stupravit
1382 1439 1517 1496 viduas,
1532 1464 1566 1489 et
1584 1459 1705 1490 urbes.
1720 1483 1727 1490 .

410 1502 692 1584 {iJszs-tavjtdcett
711 1499 939 1585 z[gldlejvastata.
958 1509 1013 1533 est
1033 1508 1127 1533 terra
1143 1507 1178 1533 et
1198 1502 1381 1542 plenitudo
1399 1501 1476 1542 ejus
1496 1511 1518 1533 a
1535 1511 1623 1533 voce
1641 1502 1735 1542 rugi-

505 1555 561 1586 Jus
647 1556 656 1575 i
685 1569 691 1576 .
733 1570 740 1583 ,
805 1556 811 1577 z

235 1634 346 1676 haec
370 1635 425 1676 de
449 1635 662 1676 Ecclesia
683 1635 884 1688 Judaica,
906 1649 1019 1689 quae
1042 1636 1101 1676 ibi
1123 1635 1394 1688 intelligitur
1408 1647 1487 1688 per
1506 1638 1734 1675 “matrem

236 1698 417 1740 leonum
435 1698 468 1739 :’'
505 1712 584 1751 per
617 1697 864 1751 “juvenem
897 1698 1107 1739 leonem'’
1133 1698 1408 1751 significatur
1438 1697 1596 1738 falsum
1629 1697 1734 1738 mali

235 1763 279 1802 in
317 1762 476 1802 ardore
508 1761 773 1802 destruendi
805 1775 962 1802 verum
994 1761 1240 1811 ecclesiae;
1284 1774 1362 1813 per
1395 1765 1586 1813 “rapere
1618 1761 1733 1812 rapi-

236 1838 340 1865 nam
353 1824 371 1839 ”
398 1823 676 1877 significatur
708 1822 961 1865 destrudfio
993 1825 1085 1865 veri
1116 1831 1163 1864 et
1195 1824 1300 1864 boni
1332 1823 1574 1864 ecclesiae:
1615 1823 1733 1863 “ho-

236 1889 378 1928 mines
421 1888 672 1936 devoravit,
710 1888 867 1928 viduas
908 1888 1144 1940 stupravit,
1180 1894 1226 1927 et
1268 1887 1398 1927 urbes
1440 1885 1734 1943 devastavit,”

235 1949 491 2003 significant
529 1948 888 1991 destru&ionem
930 1951 1075 1991 omnis
1114 1947 1370 1990 intelleftus
1407 1949 1512 1997 veri,
1545 1954 1592 1989 et
1627 1949 1734 1989 boni

235 2013 532 2054 desiderantis
558 2026 726 2061 verum,
757 2019 854 2054 tum
883 2011 1227 2063 do&rina1ium;
1263 2011 1538 2053 “homines”
1563 2011 1732 2065 signifi-

236 2082 341 2117 cant
367 2074 649 2116 intelle&um
675 2077 782 2124 veri,
813 2080 838 2096 ‘⁶
861 2077 1019 2117 viduae
1033 2075 1052 2091 ’'
1081 2076 1247 2116 bonum
1275 2075 1536 2115 desiderans
1561 2087 1730 2121 verum,

234 2153 286 2180 ac
312 2140 480 2180 “urbes
495 2139 514 2154 ’'
533 2138 829 2180 doetrinalia:
866 2137 1176 2180 ‘⁴1¹³devastata
1198 2145 1268 2179 est
1293 2146 1411 2179 terra
1429 2145 1474 2178 et
1497 2137 1733 2191 plenitudo

235 2202 327 2254 ejus
353 2216 378 2242 a
399 2216 510 2243 voce
533 2204 707 2255 rugitus
727 2201 851 2255 ejus''
868 2201 1095 2255 significat
1115 2202 1478 2242 devastationem
1497 2200 1730 2249 ecclesiae,

236 2273 282 2306 et
319 2263 671 2306 exstinffionem
707 2266 852 2305 omnis
891 2266 983 2306 veri
1020 2278 1078 2305 ex
1107 2264 1260 2305 Verbo
1298 2277 1376 2316 per
1407 2263 1566 2304 falsum
1598 2263 1730 2312 mali;

238 2328 423 2369 “terra''
446 2335 516 2368 est
538 2328 744 2376 ecclesia,
776 2331 800 2348 “
815 2327 1083 2380 plenitudo”
1105 2334 1209 2367 sunt
1232 2340 1336 2366 vera
1362 2325 1454 2379 ejus
1477 2340 1534 2366 ex
1561 2325 1729 2375 Verbo,

236 2398 283 2432 et
310 2394 438 2431 “vox
470 2391 643 2444 rugitus
656 2390 674 2405 ”
698 2397 767 2431 est
799 2390 959 2431 falsum
993 2390 1097 2430 mali
1124 2390 1374 2430 destruens.
1434 2388 1573 2441 Apud
1598 2388 1730 2436 Jere-

235 2468 388 2503 mmm,

301 2543 499 2575 “Gladium
520 2543 596 2583 Ego
613 2553 703 2574 voco
721 2553 827 2583 super
844 2553 971 2574 omnes
988 2543 1208 2573 habitatores
1226 2547 1340 2573 terrae
1357 2551 1379 2577 ;.
1394 2566 1401 2573 .
1416 2565 1423 2573 .
1438 2551 1561 2581 ,quare
1579 2547 1616 2572 tu
1633 2541 1729 2572 dices

409 2588 453 2618 ad
466 2597 539 2624 eos,
551 2587 712 2628 Jehovah
726 2597 769 2618 ex
782 2587 855 2618 alto
869 2587 995 2627 rugiet,
1013 2593 1046 2618 et
1060 2597 1105 2618 ex
1118 2586 1320 2616 habitaculo
1334 2583 1535 2616 sancstitatis
1549 2594 1634 2616 suae
1647 2585 1730 2615 edet

409 2641 533 2662 vocem
549 2641 648 2661 suam
666 2641 672 2662 ;
697 2631 870 2670 rugiendo
885 2631 999 2671 rugiet
1010 2637 1135 2661 contra
1148 2629 1349 2660 habitacula
1363 2639 1435 2666 sua,
1445 2629 1543 2659 venit
1558 2628 1728 2659 tumultus

408 2685 520 2715 usque
537 2675 581 2705 ad
599 2674 705 2705 finem
724 2682 848 2712 terrae,
867 2674 949 2715 quia
965 2675 1008 2705 lis
1025 2673 1184 2715 Jehovae
1201 2679 1325 2703 contra
1338 2679 1474 2712 gentes,
1491 2671 1661 2712 judicium
1676 2673 1730 2703 in-

409 2719 515 2750 trabit
532 2728 611 2749 cum
629 2719 728 2749 omni
746 2729 862 2757 carne,
881 2718 1010 2758 impios
1028 2718 1142 2749 tradet
1159 2717 1278 2757 gladio
1290 2715 1308 2727 ''
1325 2716 1420 2756 (xxv.
1442 2716 1564 2756 29-31)
1579 2726 1586 2748 :

235 2806 444 2847 tribuitur
475 2805 545 2846 hic
576 2805 777 2858 jehovae
809 2804 1007 2845 vastatio
1039 2802 1272 2851 ecclesiae,
1307 2802 1491 2842 tametsi
1522 2801 1727 2841 homines

235 2870 280 2909 in
312 2882 444 2909 causa
475 2875 604 2909 sunt:
645 2868 884 2921 “gladium
918 2867 1019 2920 Ego
1051 2880 1166 2907 voco
1198 2879 1330 2918 super
1361 2878 1518 2905 omnes
1550 2865 1725 2905 habita-

236 2939 358 2973 tores
391 2932 569 2974 terrae'''
601 2931 823 2985 significat
861 2931 1019 2972 falsum
1053 2931 1288 2972 destruens
1322 2942 1455 2970 omne
1491 2940 1644 2970 verum
1681 2928 1724 2968 in
