1962 3334
282 254 386 306 1738
692 263 1024 295 APOCALYPSIS
1056 263 1355 295 EXPLICATA.

278 388 390 428 quae
418 375 658 416 naturalis:
698 389 777 428 per
805 375 1145 429 “Aegyptum''
1172 389 1284 429 quae
1315 375 1528 415 “vanitas
1554 381 1600 416 et
1627 375 1768 416 inani-

277 438 388 486 taS,’'
420 438 697 491 significatur
729 445 966 492 utrumque
1003 445 1097 479 tarn
1136 438 1342 479 sensuale
1378 452 1511 491 quam
1549 438 1766 486 naturale,

278 514 390 553 quae
428 501 470 541 in
508 515 556 542 se
594 500 803 554 spectata
840 502 1008 555 absque
1049 502 1170 542 bono
1210 508 1256 543 et
1294 501 1463 554 absque
1500 501 1614 541 veris
1651 507 1769 542 sunt.

279 563 418 616 Apud
445 564 653 613 eundem,

345 659 450 691 “Vae
470 660 769 691 descendentibus
790 661 826 691 in
845 660 1051 701 Aegyptum
1072 671 1135 701 pro
1153 660 1294 698 auxilio,
1313 666 1348 690 et
1367 669 1474 699 super
1494 659 1593 700 equis
1613 659 1772 690 innitun-

452 709 517 741 tur,
535 710 570 734 et
587 704 771 735 confidunt
788 714 894 744 super
913 714 1017 735 curru
1037 705 1129 744 quod
1150 704 1293 741 multus,
1310 709 1345 734 et
1362 713 1468 743 super
1485 703 1660 743 equitibus
1678 703 1771 743 quod

452 747 559 778 validi
578 747 650 778 sint
662 747 766 778 valde
781 758 787 779 :
813 748 876 778 sed
895 758 967 778 non
986 748 1181 787 respiciunt
1198 747 1241 778 ad
1259 745 1427 777 Sanctum
1448 746 1600 784 Israelis,
1614 752 1648 777 et
1665 746 1772 787 Jeho-

453 800 534 820 vam
556 800 628 821 non
649 797 824 831 quaerunt
838 801 861 826 :-
876 816 883 822 .
899 816 905 823 .
922 801 1021 822 ‚nam
1040 792 1227 831 Aegyptus
1247 790 1356 821 homo
1374 796 1409 821 et
1429 799 1502 820 non
1522 790 1620 827 deus,
1638 795 1673 820 et
1692 789 1771 830 equi

452 833 529 874 ejus
547 844 631 865 caro
648 841 683 865 et
702 844 774 865 non
794 834 967 875 spiritus’'
985 835 1093 874 (xxxi.
1114 843 1140 872 1,
1159 835 1211 874 3):

281 940 360 979 per
385 927 495 968 haec
524 928 790 969 describitur
814 934 961 969 status
986 928 1163 969 illorum
1196 928 1269 981 qui
1301 942 1359 968 ex
1393 941 1439 968 se
1470 927 1590 980 ipsis,
1618 927 1682 967 ita
1712 940 1771 967 ex

281 991 461 1042 propria
492 991 811 1044 intelligentia,
839 992 882 1031 in
915 991 1001 1031 illis
1035 1005 1150 1044 quae
1183 990 1295 1031 caeli
1326 996 1372 1031 et
1404 990 1621 1030 ecclesiae
1652 996 1770 1037 sunt,

278 1053 439 1094 volunt
477 1067 647 1107 sapere,
687 1060 733 1095 et
775 1068 865 1094 non
906 1067 965 1095 ex
1005 1054 1228 1104 Domin0;
1274 1060 1320 1094 et
1361 1054 1462 1106 quia
1499 1052 1614 1093 tales
1653 1066 1773 1093 mere

279 1113 543 1156 “luaturales
569 1124 688 1165 sunt,
717 1124 762 1158 et
795 1117 896 1158 ideo
923 1131 981 1157 ex
1009 1117 1195 1157 fallaciis
1222 1129 1434 1157 sensuum
1461 1122 1507 1156 et
1539 1130 1597 1156 ex
1626 1116 1771 1156 scien-

279 1178 409 1219 tificis
436 1179 552 1220 male
584 1180 822 1232 applicatis
854 1181 1005 1220 omnia
1037 1180 1293 1228 desumunt,
1323 1185 1587 1232 pervertunt
1618 1185 1664 1219 et
1695 1178 1774 1219 fal-

281 1240 457 1283 sificant
479 1257 585 1282 vera
610 1249 655 1283 et
682 1243 802 1283 bona
823 1243 1056 1291 ecclesiae,
1082 1256 1217 1295 quare
1241 1242 1296 1282 de
1324 1241 1409 1282 illis
1433 1242 1606 1290 dicitur,
1634 1241 1774 1282 “Vae

280 1305 662 1346 descendentibus
684 1307 728 1346 in
748 1306 1015 1359 Aegyptum
1038 1320 1119 1359 pro
1142 1305 1324 1353 auxilio,
1346 1311 1392 1345 et
1417 1318 1505 1345 non
1530 1305 1773 1357 respiciunt

281 1367 338 1408 ad
371 1367 586 1409 Sanctum
619 1369 813 1418 Israelis,
848 1376 893 1409 et
923 1369 1142 1421 Jehovam
1180 1382 1269 1409 non
1303 1374 1522 1422 quaerunt
1541 1367 1574 1408 :''
1615 1369 1773 1421 imagi-

283 1431 405 1471 naria
436 1445 549 1484 quae
581 1445 640 1471 ex
674 1432 858 1472 fallaciis
888 1445 1112 1480 sensuum,
1142 1430 1453 1484 significantur
1485 1444 1563 1483 per
1597 1434 1775 1484 “equos

281 1493 518 1546 Aegypti”
541 1494 701 1547 quibus
723 1495 1000 1545 innituntur3
1034 1494 1143 1534 falsa
1169 1492 1402 1534 doctrinae
1426 1493 1691 1534 confirmata
1716 1507 1775 1534 ex

281 1556 537 1597 scientificis
569 1558 612 1598 in
650 1557 793 1598 multa
824 1558 966 1610 copia,
1001 1555 1346 1610 [²]significantu1·
1378 1570 1455 1608 per
1490 1556 1773 1597 “Confidunt

281 1632 413 1671 super
444 1633 571 1660 curru
604 1620 726 1673 quod
759 1620 925 1661 multus
944 1619 977 1670 ;”
1022 1634 1072 1660 ac
1106 1621 1338 1660 ratiocinia
1369 1620 1472 1660 inde
1504 1619 1662 1672 quibus
1694 1619 1776 1658 im-

281 1690 487 1735 pugnant
514 1697 619 1723 vera
644 1683 953 1736 significantur
980 1697 1058 1736 per
1088 1687 1112 1703 “
1129 1682 1333 1737 equites”
1360 1682 1517 1736 quibus
1545 1682 1776 1723 confidunt

282 1745 401 1798 quod
439 1745 573 1785 validi
614 1745 777 1796 valde3
821 1746 941 1799 quod
984 1746 1200 1786 naturalis
1241 1746 1378 1786 homo
1420 1759 1509 1786 non
1551 1745 1777 1798 intelligat

283 1809 446 1849 Divina
477 1823 536 1849 ex
575 1823 637 1858 se,
673 1808 949 1862 significatur
982 1823 1060 1862 per
1093 1809 1213 1862 quod
1249 1809 1532 1862 “Aegyptus
1564 1809 1701 1849 homo
1732 1815 1777 1849 et

282 1885 372 1912 non
404 1872 567 1922 deus;'’
610 1873 729 1925 quod
763 1872 1066 1925 intelligentia
1098 1873 1155 1913 sit
1189 1886 1247 1912 ex
1281 1873 1461 1925 proprio
1492 1873 1536 1912 in
1568 1885 1656 1925 quo
1688 1885 1777 1912 non

282 1936 388 1984 vita,
414 1935 692 1988 significatur
714 1948 794 1987 per
819 1936 939 1989 quod
969 1937 1106 1988 “'equi
1133 1935 1225 1988 ejus
1253 1937 1341 1975 sint
1369 1949 1473 1976 caro
1499 1941 1545 1976 et
1572 1948 1662 1975 non
1689 1935 1777 1987 spi-

282 2000 393 2039 ritus
410 1999 443 2049 ;'’
478 1999 618 2052 “equi
641 1998 847 2052 Aegypti
862 1999 880 2013 ’'
903 2005 1007 2039 sunt
1030 2000 1292 2052 imaginaria
1318 2013 1430 2052 quae
1457 1999 1500 2038 in
1527 2012 1574 2038 se
1602 2005 1778 2038 mortua

287 2064 389 2116 quia
415 2062 630 2111 fallaciae,
661 2061 836 2102 “caro”
861 2068 931 2103 est
963 2063 1190 2114 proprium
1216 2061 1421 2110 hominis,
1451 2075 1500 2102 ac
1531 2060 1778 2113 “spiritus”

283 2132 353 2167 est
379 2126 473 2166 vita
498 2139 523 2165 a
549 2125 763 2165 Domino.

367 2192 457 2246 [h.]
505 2192 645 2245 Apud
670 2192 941 2241 Jeremz‘am,

351 2287 515 2318 “Contra
543 2288 759 2327 Aegyptum,
785 2293 910 2318 contra
938 2288 1130 2318 exercitum
1163 2287 1501 2326 Pharaonis..regis
1530 2286 1696 2327 Aegypti,
1722 2286 1779 2327 qui

459 2331 526 2362 fuit
549 2331 643 2371 apud
667 2330 812 2361 fluvium
836 2331 1068 2370 Euphratem.
1083 2355 1090 2362 .
1105 2356 1129 2368 .,
1151 2340 1256 2371 quem
1281 2330 1456 2370 percussit
1477 2330 1780 2361 Nebuchadnezar

460 2384 521 2405 rex
543 2374 684 2405 Babelis
699 2385 723 2406 z.
738 2399 745 2405 .
760 2399 767 2405 .
782 2374 886 2415 ,Quis
907 2375 962 2405 hic
982 2375 1073 2406 sicut
1093 2375 1226 2405 flumen
1246 2374 1416 2411 ascendit,
1439 2373 1538 2414 cujus
1559 2383 1670 2414 aquae
1690 2373 1780 2404 sicut

458 2418 606 2448 flumina
616 2419 912 2450 commoventur?
943 2418 1130 2458 Aegyptus
1143 2419 1233 2448 sicut
1245 2417 1376 2448 flumen
1389 2417 1559 2454 ascendit,
1571 2423 1606 2447 et
1617 2417 1706 2447 sicut
1718 2417 1781 2447 flu-

459 2462 557 2492 mina
570 2467 841 2492 commoventur
854 2471 965 2502 aquae
980 2471 987 2498 ;
1009 2462 1092 2492 dicit
1106 2462 1213 2498 enim,
1227 2461 1442 2498 Ascendam,
1457 2462 1622 2500 obtegam
1638 2467 1778 2497 terram,

460 2505 604 2544 perdam
623 2506 745 2535 urbem
763 2510 798 2535 et
814 2506 1016 2536 habitantes
1034 2505 1069 2535 in
1088 2515 1150 2536 ea:
1176 2504 1357 2535 ascendite
1374 2504 1464 2544 equi,
1482 2510 1517 2534 et
1533 2503 1688 2535 insanite
1707 2513 1781 2534 cur-

459 2558 529 2586 rus,
547 2555 582 2579 et
601 2549 694 2579 exite
714 2548 825 2579 fortes
839 2558 861 2586 ;.
877 2573 884 2580 .
898 2572 905 2580 .
921 2549 1098 2580 ,comedet
1115 2548 1253 2588 gladius
1275 2554 1310 2578 et
1329 2548 1554 2584 saturabitur,
1572 2553 1607 2578 et
1627 2547 1781 2577 inebria-

459 2592 553 2622 bitur
581 2592 755 2632 sanguine
783 2602 905 2622 eorum
922 2592 1173 2623 :....ascende
1202 2591 1338 2628 Gilead,
1371 2598 1405 2622 et
1437 2600 1538 2622 sume
1570 2590 1779 2627 balsamum,

459 2636 561 2674 virgo
582 2635 652 2666 filia
671 2635 849 2675 Aegypti:
875 2636 910 2666 in
932 2645 1063 2666 vanum
1084 2635 1329 2674 multiplicasti
1351 2635 1623 2669 medicamenta,
1640 2633 1780 2664 sanatio

460 2689 531 2709 non
550 2678 643 2709 tibi’‘
660 2679 757 2718 (xlvi.
776 2687 805 2717 2,
825 2677 915 2720 7-9[,
936 2676 990 2719 11]
1011 2688 1018 2716 ;
1043 2685 1078 2709 et
1095 2688 1200 2718 porro
1222 2678 1359 2717 14—26):

286 2774 405 2828 quod
450 2774 520 2815 hic
567 2787 644 2826 per
688 2773 1032 2826 “Aegyptum’'
1073 2774 1209 2813 etiam
1250 2772 1525 2825 significetur
1565 2771 1779 2813 naturalis

286 2838 422 2877 homo
453 2850 554 2877 cum
587 2836 678 2889 ejus
710 2836 971 2877 scientificis
998 2843 1231 2888 separatus
1261 2850 1287 2875 a
1318 2835 1549 2887 spirituali,
1578 2834 1697 2896 quod
1729 2833 1778 2874 fit

290 2914 368 2954 per
399 2900 563 2941 fastum
595 2901 800 2953 propriae
829 2899 1172 2952 intelligentiae,
1200 2912 1312 2952 quae
1346 2912 1423 2951 per
1454 2898 1685 2939 ratiocinia
1716 2911 1774 2938 ex
