1962 3334
598 261 704 294 CAP.
728 261 789 302 x.,
811 261 950 294 VERs.
971 261 1118 306 9.—N.
1139 251 1306 306 619[b].
1586 252 1689 306 1565

213 382 287 418 tur
310 375 491 417 flumina
513 375 782 417 torrentium
804 374 950 416 mellis
976 381 1023 417 et
1045 375 1227 428 butyri?
1288 374 1442 416 Simile
1468 375 1589 428 quod
1615 389 1695 428 per

215 431 466 492 “butyrum
498 445 544 479 et
575 437 706 486 mel,'’
737 438 876 478 etiam
908 437 1187 491 significatur
1218 452 1297 491 per
1330 437 1438 478 “lac
1471 444 1518 478 et
1550 437 1640 478 mel
1660 437 1695 477 :’'

213 508 260 543 et
285 503 497 555 quoniam
519 515 598 555 per
621 505 646 521 ‘⁶
662 500 763 542 lac”
786 500 1065 554 significatur
1081 500 1326 553 jucundum
1352 501 1459 541 boni
1485 498 1708 554 spiritua--v

213 565 281 613 lis,
306 570 353 605 et
375 578 455 618 per
474 564 602 605 “mel
613 563 633 579 '’
649 563 894 617 jucundum
916 564 1022 604 boni
1044 563 1278 612 naturalis,
1297 570 1344 604 et
1366 563 1479 604 haec
1498 563 1697 616 jucunda

213 633 318 668 sunt
344 626 431 667 illis
457 628 531 681 qui
556 627 614 667 ab
639 626 832 668 ecclesia
858 627 1042 667 Domini
1067 633 1188 674 sunt,
1216 627 1319 667 ideo
1347 633 1468 667 terra
1493 625 1695 675 canaan,

213 703 292 743 per
316 703 450 744 quam
476 689 755 743 significatur
779 689 988 738 ecclesia,
1016 687 1136 730 dicta
1166 689 1247 730 suit

278 792 420 824 “Terra
435 792 550 824 fluens
567 791 660 824 lacte
676 798 711 824 et
728 792 835 824 melle
846 791 866 804 ”
882 791 1004 831 (Exod.
1022 792 1070 823 iii.
1088 792 1117 830 8,
1138 800 1176 830 17
1190 803 1197 824 :
1218 791 1327 823 Levit.
1344 802 1400 824 xx.
1419 799 1480 830 24:
1500 792 1611 823 Num.
1626 791 1698 822 xiii.

387 843 428 874 27
442 846 449 871 2
470 846 545 876 cap.
559 836 628 868 xiv.
644 836 680 868 8:
700 836 822 867 Deutr.
836 836 882 867 vi.
898 844 916 874 3
930 845 938 873 ;
963 845 1039 876 cap.
1052 835 1098 867 xi.
1112 845 1154 876 9;
1173 845 1250 876 cap.
1263 836 1356 867 xxvi.
1373 845 1404 875 9,
1421 843 1459 874 15
1474 845 1481 870 ;
1501 845 1576 875 cap.
1591 835 1699 866 xxvii.
1725 874 1731 878 .

387 887 434 954 {1}
452 889 528 963 cgp.
545 880 639 911 xxxi.
657 888 716 911 20:
744 880 818 921 Jos.
838 889 870 911 v.
888 880 927 911 6:
956 880 1084 921 Jerem.
1106 878 1151 910 xi.
1171 887 1188 918 5
1205 889 1212 918 ;
1237 888 1313 920 cap.
1332 878 1441 911 xxxii.
1459 876 1552 911 [¹122:
1577 878 1698 910 Ezech.

214 1016 333 1070 quod
356 1030 436 1070 per
459 1020 663 1058 “terram
686 1015 980 1058 Canaanem”
1000 1017 1045 1057 in
1068 1016 1224 1057 Verbo
1246 1016 1529 1069 intelligatur
1550 1016 1699 1058 eccle-

215 1079 295 1126 sia,
322 1092 456 1132 supra
481 1089 526 1127 (n.
543 1089 608 1131 29.
627 1087 1003 1130 3o4[bg]‚121431[b])
1025 1085 1260 1119 ostensum
1282 1085 1353 1119 est
1372 1092 1381 1128 ;
1418 1085 1464 1119 et
1486 1078 1698 1126 ecclesia,

218 1140 364 1180 solum
395 1146 466 1181 est
497 1140 615 1193 apud
646 1139 749 1180 illos
780 1140 853 1193 qui
884 1140 928 1180 in
951 1139 1072 1180 bono
1095 1140 1314 1193 spirituali
1346 1146 1392 1180 et
1425 1139 1555 1180 simul
1578 1140 1701 1181 bono

215 1202 410 1244 naturali
442 1210 573 1244 sunt:
619 1203 663 1243 in
700 1203 769 1243 his
809 1203 1026 1243 formatur
1067 1216 1094 1243 a
1134 1203 1333 1243 Domino
1364 1202 1583 1252 ecclesia;
1629 1209 1700 1244 est

217 1266 337 1306 enim
382 1265 574 1307 ecclesia
618 1266 660 1306 in
707 1266 891 1306 homine
931 1272 978 1306 et
1020 1278 1111 1306 non
1152 1272 1287 1306 extra
1328 1265 1468 1313 illum,
1513 1265 1701 1318 proinde

217 1341 307 1368 non
333 1329 452 1382 apud
482 1329 583 1369 illos
616 1329 734 1382 apud
761 1326 873 1381 quos
904 1328 981 1368 illa
1006 1328 1126 1369 bona
1151 1342 1241 1369 non
1269 1335 1400 1369 sunt:
1434 1328 1547 1369 haec
1579 1328 1700 1369 bona

216 1404 318 1432 cum
340 1391 517 1432 illorum
535 1391 740 1444 jucundis
762 1390 1075 1444 significantur
1096 1405 1174 1444 per
1199 1395 1224 1411 ‘⁴
1245 1390 1314 1431 lac
1341 1398 1388 1432 et
1412 1390 1539 1431 mel.'’

304 1460 389 1514 [b.]
434 1459 567 1513 Quod
598 1461 642 1501 in
675 1467 794 1502 terra
826 1460 1038 1502 Canaane
1071 1461 1209 1501 etiam
1241 1460 1432 1501 multum
1466 1460 1613 1501 mellis
1645 1473 1700 1500 eo

217 1529 423 1577 tempore
453 1523 598 1571 fuerit,
631 1537 690 1565 ex
722 1536 858 1564 causa
888 1524 990 1576 quia
1020 1523 1079 1564 ibi
1111 1530 1218 1564 tunc
1251 1530 1348 1564 erat
1380 1522 1573 1564 ecclesia
1605 1522 1700 1563 Do·

218 1586 340 1635 mini,
363 1591 547 1627 constat
570 1599 629 1626 ex
654 1585 793 1626 Libro
812 1585 969 1626 Primo
992 1585 1227 1635 Samuelis,
1255 1586 1328 1626 ubi
1354 1586 1516 1626 dicitur

283 1685 389 1727 Quod
407 1685 573 1717 venerint
593 1685 629 1718 in
650 1685 789 1721 silvam.
807 1685 867 1717 ubi
887 1692 964 1717 erat
984 1685 1054 1716 mel
1074 1695 1183 1726 super
1202 1685 1361 1717 faciebus
1381 1691 1507 1723 terrae,
1528 1691 1563 1716 et
1586 1685 1636 1717 ibi
1655 1685 1702 1716 ri-

391 1738 458 1760 vus
481 1729 610 1766 mellis,
631 1735 667 1760 et
690 1729 786 1769 quod
808 1729 1004 1770 Jonathani
1029 1739 1075 1760 ex
1097 1729 1304 1769 gustatione
1324 1729 1443 1760 mellis
1467 1729 1562 1760 oculi
1585 1729 1702 1769 aperti

389 1772 524 1804 fuerint
539 1773 622 1812 (xiv.
640 1780 757 1811 25-27,
775 1775 848 1813 29):

217 1864 338 1918 quod
355 1864 638 1917 “Jonathani
660 1878 720 1905 ex
742 1864 1005 1917 gustatione
1027 1864 1174 1905 mellis
1197 1864 1314 1905 oculi
1331 1865 1475 1917 aperti
1497 1864 1702 1913 fuerint,”

219 1932 317 1968 erat
352 1927 455 1980 quia
487 1926 649 1967 “mel'’
680 1927 1006 1980 correspondet
1043 1927 1165 1967 bono
1197 1926 1390 1967 naturali
1426 1932 1472 1967 et
1509 1926 1602 1978 ejus
1629 1925 1700 1979 ju-

218 1989 381 2038 cundo,
406 1996 452 2030 et
478 1989 565 2030 hoc
588 1990 755 2030 bonum
779 1989 858 2029 dat
881 1989 1234 2042 intelligentiam
1257 1996 1302 2030 et
1325 1989 1550 2039 illustrat;
1582 1989 1700 2029 unde

218 2052 258 2092 ei
294 2052 496 2104 cognitio
532 2051 612 2092 fuit
648 2052 768 2105 quod
805 2052 973 2092 malurn
1004 2052 1185 2103 secerit;
1228 2053 1344 2092 sicut
1381 2051 1546 2104 legitur
1582 2051 1700 2104 apud

217 2113 419 2163 Esaiam,
447 2114 566 2168 quod
594 2115 844 2155 “comedet
870 2115 1083 2167 butyrum
1115 2120 1161 2155 et
1194 2113 1297 2162 mel,
1325 2121 1374 2155 ut
1406 2115 1520 2155 sciat
1546 2127 1700 2167 repro—

217 2177 324 2218 bare
347 2177 514 2218 malum
536 2182 582 2218 et
609 2177 776 2230 eligere
802 2178 970 2218 bonum
987 2177 1021 2217 :'’
1046 2178 1474 2231 correspondentiae
1500 2179 1618 2218 enim
1646 2191 1702 2218 eo

218 2246 424 2294 tempore
453 2241 677 2281 sistebant
709 2254 835 2281 suum
862 2238 1083 2288 effectum,
1112 2241 1322 2294 quoniam
1354 2242 1506 2282 omnia
1538 2241 1700 2282 Eccle-

218 2303 310 2344 siae
337 2303 614 2344 Israeliticae
641 2303 916 2343 constabant
943 2317 1003 2343 ex
1034 2304 1459 2357 correspondentiis,
1488 2318 1567 2357 per
1592 2318 1703 2357 quas

217 2366 674 2419 repraesentabantur
699 2372 746 2406 et
779 2365 1148 2418 significabantur
1174 2366 1391 2407 caelestia
1416 2373 1462 2407 et
1492 2368 1702 2420 spiritua-

218 2427 290 2470 lia.
351 2428 503 2469 Simile
528 2429 648 2482 quod
675 2442 753 2482 per
778 2429 1027 2480 “butyrum
1049 2435 1096 2470 et
1122 2429 1243 2469 mel”
1264 2429 1541 2483 significatur
1563 2430 1702 2481 etiam

218 2504 298 2544 per
320 2491 508 2532 “oleum
534 2497 580 2532 et
607 2491 727 2531 mel''
753 2492 796 2533 in
824 2491 1116 2544 sequentibus
1142 2491 1252 2532 locis
1269 2492 1478 2545 :—Apud
1503 2492 1672 2539 Mosen,

285 2587 304 2600 ¹¹
315 2585 481 2627 Equitare
497 2586 582 2618 fecit
599 2596 679 2618 eum
697 2596 805 2626 super
818 2586 968 2618 excelsis
986 2593 1111 2625 terrae,
1125 2593 1160 2618 et
1176 2587 1310 2619 cibavit
1326 2594 1503 2628 proventu
1521 2598 1702 2627 agrorum,

391 2640 518 2670 sugere
531 2630 616 2662 fecit
632 2640 713 2662 eum
727 2631 797 2662 mel
811 2640 830 2661 e
844 2640 940 2670 rupe,
955 2636 990 2661 et
1006 2630 1125 2662 oleum
1139 2641 1159 2662 e
1176 2641 1265 2662 saxo
1279 2638 1401 2672 petrae
1412 2631 1430 2643 '’
1443 2631 1579 2670 (Deutr.
1592 2632 1701 2663 xxxii.

394 2674 465 2714 13):

219 2765 331 2806 haec
370 2766 413 2806 in
446 2765 638 2807 Cantico
669 2766 823 2814 Mosis,
857 2767 900 2807 in
932 2780 1020 2820 quo
1051 2753 1200 2820 agitur
1231 2767 1287 2809 de
1319 2767 1511 2809 ecclesia
1543 2769 1586 2809 in
1619 2782 1701 2809 suo

220 2829 451 2883 principio,
471 2837 518 2871 et
541 2837 703 2884 postea
720 2830 775 2871 de
798 2830 875 2871 illa
897 2831 940 2870 in
959 2844 1214 2884 progressu,
1234 2839 1280 2873 et
1307 2833 1492 2873 tandem
1520 2833 1563 2873 in
1587 2831 1698 2873 fine:

221 2891 284 2932 illi
319 2893 392 2947 qui
429 2892 684 2936 Ecclesiam
723 2893 974 2948 Antiquam
1012 2895 1347 2937 constituerunt
1385 2896 1702 2937 describuntur
