1962 3334
298 241 404 296 1736
706 251 1039 284 APOCALYPSIS
1071 251 1370 286 EXPLICATA.

289 365 505 406 tiatorum
533 364 736 406 cubueris
763 365 879 406 inter
905 365 1138 407 confossos
1164 365 1317 419 gladio
1336 366 1369 417 ;‘’
1407 380 1486 420 per
1515 367 1786 409 “confossos

287 426 471 479 gladio’'
497 427 814 481 intelliguntur
846 429 889 468 in
918 428 1073 470 Verbo
1100 430 1173 482 qui
1199 443 1305 470 vera
1336 430 1455 482 apud
1488 444 1534 471 se
1567 444 1646 483 per
1677 430 1787 471 salsa

287 491 610 532 exstinxerunt
629 505 637 531 :
666 491 785 544 quod
809 491 884 532 illa
902 493 1052 532 omnia
1070 491 1190 533 dicta
1208 493 1297 533 sint
1320 493 1376 533 de
1395 493 1586 534 naturali
1605 493 1786 534 homine

288 553 524 605 deprivato
557 554 655 595 luce
694 568 720 594 a
756 555 974 607 spirituali
1007 556 1203 604 homine,
1238 555 1516 608 significatur
1547 570 1625 609 per
1659 557 1785 597 “Hic

288 623 358 656 est
386 617 558 658 Pharao
585 624 631 658 et
659 619 804 658 omnis
831 618 1075 659 multitudo
1102 619 1194 671 ejus
1212 619 1245 669 ;”
1285 619 1526 660 “Pharao’'
1552 626 1621 660 est
1654 626 1786 660 natu-

287 679 390 719 ralis
417 680 567 728 homo,
597 687 642 721 et
672 681 955 722 “multitudo
982 681 1105 734 ejus’'
1133 688 1202 722 est
1230 695 1364 722 omne
1391 682 1687 723 scientificum
1713 682 1786 724 ibi.

288 742 427 795 Apud
455 744 663 792 eundem,

353 842 447 874 “Fili
471 843 639 881 hominis,
665 844 839 884 propheta
863 851 898 875 et
921 845 1004 882 dic„
1019 869 1027 876 .
1041 870 1048 876 .
1064 844 1232 885 ,Ejulate‚
1261 845 1331 876 heu
1361 845 1455 876 diem
1470 855 1494 882 ;.
1510 870 1517 877 .
1531 870 1538 877 .
1553 845 1644 877 .dies
1670 845 1785 884 nubis,

461 893 601 927 tempus
619 888 779 927 gentium
800 888 875 926 erit,
895 898 964 928 quo
982 889 1102 919 veniet
1121 889 1260 928 gladius
1281 889 1316 919 in
1335 889 1568 929 Aegyptum„
1583 914 1590 920 .
1604 914 1611 920 .
1627 895 1677 920 .et
1696 889 1785 920 acci·

461 931 561 971 pient
589 931 852 962 multitudinem
886 931 974 971 ejus,
1004 938 1039 963 et
1071 938 1278 963 evertentur
1305 932 1540 964 fundamenta
1568 932 1646 972 ejus
1651 957 1742 969 .....
1751 935 1784 963 et

462 975 587 1006 oedent
604 975 847 1006 suffulcientes
863 975 1078 1015 Aegyptum,
1094 982 1129 1006 et
1146 976 1339 1007 descendet
1356 976 1522 1016 superbia
1539 977 1678 1007 roboris
1696 975 1784 1016 ejus.

460 1028 482 1049 a
498 1018 585 1049 turri
603 1018 740 1050 Sevene
754 1019 874 1058 gladio
886 1019 1014 1050 cadent
1033 1020 1068 1050 in
1087 1019 1162 1051 illa.
1178 1045 1184 1051 .
1199 1045 1206 1051 .
1222 1045 1230 1051 .
1250 1029 1256 1055 ς
1275 1026 1358 1051 tunc
1371 1021 1651 1051 devastabuntur
1664 1019 1700 1050 in
1713 1029 1786 1050 me-

460 1062 519 1093 dio
536 1068 709 1093 terrarum
727 1063 1005 1100 devastatarum,
1023 1069 1058 1094 et
1078 1064 1183 1094 urbes
1201 1063 1279 1103 ejus
1300 1064 1335 1094 in
1354 1064 1472 1094 medio
1489 1064 1628 1095 urbium
1646 1063 1786 1094 desola-

460 1111 575 1137 tarum
593 1112 718 1141 erunt:
743 1112 781 1137 ut
798 1113 1019 1146 cognoscant
1037 1107 1131 1147 quod
1154 1107 1229 1147 Ego
1252 1107 1318 1138 sim
1337 1107 1510 1148 Jehovah,
1528 1117 1607 1138 cum
1626 1107 1783 1138 dederim

460 1150 580 1189 ignem
599 1150 633 1180 in
653 1150 868 1190 Aegyptum,
883 1157 921 1181 ut
939 1150 1151 1190 frangantur
1168 1161 1294 1182 omnes
1314 1151 1543 1182 auxiliatores
1561 1151 1638 1191 ejus
1653 1160 1676 1187 ;.
1691 1176 1698 1182 .
1713 1176 1720 1182 .
1736 1157 1786 1182 .et

459 1193 587 1224 faciam
603 1203 743 1224 cessare
756 1194 1021 1225 multitudinem
1038 1194 1194 1234 Aegypti
1211 1204 1272 1234 per
1286 1204 1432 1225 manum
1450 1194 1784 1225 Nebuchadnezaris

460 1237 554 1276 regis
574 1237 727 1274 Babelis,
747 1235 876 1268 [Uillius
894 1244 929 1268 et
947 1238 1068 1278 populi
1087 1238 1165 1278 ejus
1184 1248 1263 1269 cum
1282 1238 1354 1276 illo,
1373 1238 1519 1269 violenti
1537 1238 1706 1277 gentium.
1725 1239 1784 1279 iqui

458 1281 678 1312 adducentur
697 1281 742 1312 ad
767 1282 988 1321 perdendum
1010 1288 1152 1318 terram,
1177 1289 1212 1313 et
1236 1282 1479 1321 evaginabunt
1499 1282 1654 1322 gladium
1681 1291 1783 1312 suum

459 1331 584 1355 contra
601 1324 815 1365 Aegyptum,
834 1331 873 1356 ut
890 1325 1062 1365 impleant
1080 1332 1209 1356 terram
1228 1326 1398 1356 confosso
1414 1337 1420 1358 :
1447 1332 1530 1357 tunc
1547 1326 1639 1357 dabo
1657 1325 1783 1357 fluvios

458 1368 604 1405 aridam,
623 1375 658 1399 et
676 1368 829 1399 vendam
849 1374 979 1399 terram
1001 1369 1036 1399 in
1058 1379 1203 1400 manum
1225 1369 1411 1407 malorum,
1430 1376 1465 1400 et
1482 1370 1631 1400 vastabo
1649 1375 1780 1400 terram

459 1418 494 1443 et
515 1411 771 1451 plenitudinem
797 1412 876 1451 ejus
901 1422 964 1452 per
988 1422 1133 1444 manum
1154 1413 1352 1444 alienorum
1370 1423 1392 1448 ;.
1408 1438 1415 1444 .
1429 1438 1436 1445 .
1452 1414 1632 1453 ,princeps
1653 1423 1671 1444 e
1692 1418 1785 1444 terra

458 1455 615 1496 Aegypti
631 1465 703 1486 non
723 1456 788 1486 erit
802 1456 954 1496 amplius
970 1466 992 1492 ;.
1008 1481 1015 1487 .
1030 1481 1036 1487 .
1052 1456 1160 1487 .dabo
1176 1457 1295 1496 ignem
1315 1457 1349 1487 in
1366 1457 1582 1497 Aegyptum,
1597 1462 1632 1487 et
1649 1456 1785 1496 disper-

457 1509 539 1538 gam
558 1499 763 1539 Aegyptum
782 1499 874 1530 inter
891 1506 1028 1539 gentes,
1043 1506 1078 1531 et
1095 1500 1271 1540 disjiciam
1289 1510 1351 1531 eos
1370 1501 1405 1531 in
1424 1507 1536 1532 terras
1548 1499 1565 1512 ’'
1583 1500 1679 1540 (xxx.
1703 1508 1717 1531 1
1741 1501 1785 1532 ad

458 1542 531 1582 fin.)
549 1553 555 1574 :

282 1639 392 1680 haec
421 1638 680 1678 summatim
709 1653 767 1678 ex
801 1653 855 1679 eo
888 1639 1036 1692 capite
1064 1639 1305 1692 desumpta
1333 1646 1464 1689 sunt;
1503 1645 1573 1680 est
1607 1639 1781 1679 lamen-

283 1703 400 1743 tatio
437 1716 570 1755 super
607 1702 863 1742 vastatione
901 1702 1120 1742 ecclesiae
1160 1716 1238 1755 per
1274 1701 1385 1742 falsa
1422 1701 1619 1742 faventia
1653 1700 1782 1741 malis

285 1779 398 1818 quae
423 1779 480 1805 ex
505 1765 697 1805 naturali
721 1765 929 1815 homine;
965 1778 1068 1805 nam
1095 1779 1153 1805 ex
1181 1765 1258 1805 illo
1281 1771 1492 1818 separato
1515 1778 1540 1804 a
1566 1763 1782 1817 spirituali

282 1828 532 1868 scaturiunt
565 1829 716 1868 omnia
748 1828 867 1868 mala
900 1835 945 1868 et
984 1828 1088 1868 inde
1120 1827 1246 1876 falsa,
1281 1842 1394 1881 quae
1427 1827 1645 1868 ecclesiae
1677 1840 1783 1867 vera
1817 1869 1819 1872 ,

282 1898 328 1932 et
359 1891 479 1931 bona
505 1898 768 1944 pervertunt
798 1898 844 1932 et
872 1891 1138 1931 destruunt:
1179 1891 1448 1931 lamentatio
1474 1904 1605 1943 super
1621 1897 1781 1934 ⁴vasta-

283 1955 406 1995 tione
438 1953 515 1994 illa
546 1953 826 2007 significatur
858 1968 936 2008 per
964 1954 1199 2007 “Ejulate‚
1227 1955 1313 1995 heu
1345 1955 1479 2002 diem,
1507 1954 1603 1994 dies
1635 1954 1778 1999 nubis,

282 2024 460 2070 tempus
493 2019 697 2070 gentium
736 2018 819 2058 erit
839 2017 873 2067 ;''
917 2017 1051 2058 “dies
1085 2017 1245 2058 nubis”
1277 2024 1346 2058 est
1384 2024 1531 2057 status
1563 2016 1781 2057 ecclesiae

282 2095 341 2121 ex
362 2094 452 2121 non
468 2079 712 2121 intellectis
729 2081 858 2128 veris,
877 2081 1064 2134 proinde
1080 2095 1139 2121 ex
1158 2080 1292 2128 falsis,
1312 2084 1336 2100 ‘⁶
1351 2087 1529 2133 tempus
1545 2080 1749 2133 gentium
1762 2079 1781 2094 ”
1825 2088 1829 2092 ’

282 2151 350 2185 est
377 2151 522 2184 status
549 2143 767 2184 ecclesiae
795 2157 853 2184 ex
881 2143 1038 2193 malis;
1072 2144 1192 2197 quod
1218 2143 1377 2183 falsum
1402 2143 1606 2184 destruet
1630 2148 1779 2182 totum

284 2206 535 2248 naturalem
564 2207 806 2254 hominem,
835 2212 880 2246 et
908 2207 1057 2246 omnia
1083 2220 1196 2259 quae
1224 2206 1296 2254 ibi,
1321 2220 1400 2259 per
1426 2205 1778 2259 applicationem

284 2271 340 2312 ad
374 2270 506 2318 mala,
535 2269 812 2322 significatur
839 2283 917 2322 per
945 2270 1102 2323 “quod
1128 2270 1280 2310 veniet
1307 2269 1485 2322 gladius
1511 2269 1554 2309 in
1588 2268 1780 2321 Aegyp-

283 2337 400 2382 tum‚‘
421 2340 467 2374 et
499 2333 722 2385 accipient
755 2332 1091 2373 multitudinem
1123 2331 1230 2385 ejus,
1257 2338 1302 2372 et
1334 2338 1596 2372 evertentur
1621 2330 1779 2371 sunda-

286 2403 441 2438 menta
466 2396 557 2449 ejus
580 2396 612 2446 ;''
649 2396 768 2449 quod
796 2409 886 2436 non
914 2395 1280 2436 confirmationes
1312 2402 1357 2435 et
1390 2394 1780 2435 corroborationes

286 2461 378 2501 veri
405 2473 483 2513 per
510 2458 757 2499 scientifica
784 2458 999 2499 naturalis
1025 2459 1231 2507 hominis,
1256 2458 1531 2511 significatur
1553 2471 1631 2511 per
1654 2456 1778 2498 “Ca-

285 2523 396 2563 dent
415 2522 718 2562 suffulcientes
742 2521 1024 2575 Aegyptum,
1049 2528 1094 2562 et
1118 2521 1365 2562 descendet
1381 2521 1587 2574 superbia
1606 2520 1779 2561 roboris

285 2585 378 2638 ejus
396 2585 429 2635 ;‘'
471 2585 590 2638 quod
629 2584 741 2624 salsa
773 2585 1009 2625 destruent
1046 2582 1328 2624 intellectum
1361 2585 1467 2632 veri,
1501 2582 1779 2636 significatur

282 2662 359 2701 per
393 2647 476 2687 “A
509 2648 615 2688 turri
649 2646 822 2687 Sevene
854 2647 1007 2699 gladio
1039 2647 1205 2687 cadent
1237 2648 1280 2687 in
1314 2646 1389 2686 illa
1407 2646 1439 2697 ;”
1472 2647 1591 2700 quod
1624 2647 1774 2686 omnia

283 2710 501 2751 ecclesiae
529 2723 579 2750 ac
608 2711 757 2749 omnia
783 2706 1014 2750 doetrinae
1041 2709 1259 2750 ecclesiae
1287 2710 1484 2762 peritura
1510 2710 1613 2757 sint,
1642 2710 1778 2761 signi-

283 2772 441 2813 ficatur
464 2786 541 2825 per
566 2772 731 2812 “Tunc
757 2772 1114 2812 devastabuntur
1137 2773 1180 2812 in
1207 2772 1355 2812 medio
1377 2778 1594 2812 terrarum
1618 2771 1776 2812 devas-

282 2842 493 2883 tatarum,
540 2841 586 2875 et
629 2835 759 2874 urbes
801 2835 893 2887 ejus
935 2836 976 2875 in
1020 2836 1168 2875 medio
1210 2835 1381 2875 urbium
1424 2834 1727 2874 desolatarum
1746 2834 1778 2883 ;‘'

283 2898 554 2952 cupiditates
580 2897 740 2957 *malae
787 2911 845 2938 ex
892 2897 1083 2939 naturali
1129 2898 1308 2939 homine
1350 2897 1658 2950 significantur
1698 2910 1777 2950 per
