1962 3334
263 283 368 335 1758
673 291 1004 324 APOCALYPSIS
1036 292 1336 325 EXPLICATA.

258 404 378 458 quod
410 418 489 458 per
517 404 759 458 “panem,'’
786 411 832 445 et
865 419 944 458 per
973 405 1271 459 “pincernam
1284 405 1304 420 ’'
1330 419 1484 447 verum
1517 405 1748 448 doctrinae

257 466 401 508 simile
428 467 548 521 quod
575 482 654 521 per
683 468 915 517 “vinum,’'
941 469 1044 509 ideo

324 562 443 594 Pistor
457 569 603 603 propter
621 563 755 594 crimen
774 570 901 595 contra
917 574 1038 604 regem
1059 564 1286 596 Pharaonem
1304 574 1500 605 suspensus
1518 571 1573 597 est
1589 565 1685 604 (Gen.
1702 566 1748 598 xl.

435 615 561 647 19—22;
593 617 668 647 cap.
686 607 744 638 xli.
769 608 831 646 13).

256 698 364 735 <Quae
393 698 425 727 in
444 699 583 728 Arcanis
607 699 802 733 Caelestibus,
826 709 857 729 n.
882 701 1074 737 5139—5169,
1095 701 1253 737 explicata
1275 700 1468 739 videantur.)
1526 690 1644 742 Quia
1669 704 1749 743 per

257 749 543 790 “Moabum”
565 750 883 803 intelliguntur
900 750 963 790 illi
987 751 1060 804 qui
1083 751 1344 791 adulterant
1367 751 1487 791 bona
1510 751 1746 798 ecclesiae,

256 819 303 852 et
341 813 444 866 quia
481 826 560 866 per
599 817 624 833 “
639 812 970 866 Baalpeorem''
1003 813 1282 866 significatur
1313 814 1587 855 adulteratio
1623 814 1744 862 boni,

254 875 359 915 inde
385 873 551 916 factum
578 882 647 916 est

321 971 427 1012 Quod
445 973 568 1003 omnia
586 973 705 1013 capita
726 973 848 1013 populi
867 973 1033 1013 suspensi
1051 973 1124 1004 sint
1140 983 1260 1004 coram
1282 973 1369 1011 sole,
1384 973 1467 1013 quia
1489 973 1640 1013 populus
1654 982 1748 1004 scor-

429 1021 524 1047 tatus
553 1022 609 1048 est
640 1026 719 1047 cum
749 1016 889 1047 filiabus
921 1017 1055 1054 Moabi,
1086 1023 1121 1048 et
1152 1017 1354 1048 incurvavit
1388 1027 1426 1048 se
1454 1017 1522 1048 diis
1551 1027 1684 1054 earum,
1713 1022 1748 1048 et

428 1059 594 1100 adjunxit
613 1070 651 1091 se
674 1060 865 1100 Baalpeori
885 1060 1009 1100 (Num.
1027 1070 1108 1092 xxv.
1130 1060 1224 1100 1—4):

253 1161 332 1200 per
366 1149 592 1188 “scortari
625 1161 726 1189 cum
759 1148 931 1188 filiabus
965 1148 1150 1189 Moabi’'
1182 1148 1460 1202 significatur
1490 1148 1747 1190 adulterare

253 1210 373 1251 bona
404 1210 638 1259 ecclesiae,
668 1218 714 1251 et
747 1225 825 1264 per
853 1212 1107 1264 “suspendi
1134 1225 1287 1252 coram
1319 1211 1415 1252 sole
1428 1212 1447 1227 ”
1469 1211 1747 1264 significatur

253 1273 578 1314 condemnatio
601 1280 647 1314 et
675 1273 935 1315 maledictio
962 1281 1148 1328 propter
1170 1273 1449 1316 destructum
1476 1276 1644 1316 bonum
1671 1289 1745 1316 ec-

253 1335 430 1376 clesiae.
471 1335 588 1389 Quia
606 1350 685 1389 per
702 1340 727 1356 “
742 1336 877 1389 Ajam
894 1337 913 1352 ’'
932 1337 1304 1392 significabantur
1319 1339 1606 1391 cognitiones
1624 1339 1743 1386 boni,

252 1406 299 1440 et
325 1400 369 1439 in
392 1400 604 1453 opposito
630 1413 767 1440 sensu·
791 1399 1160 1441 confirmationes
1187 1400 1306 1450 mali,
1335 1401 1436 1442 ideo

319 1495 396 1526 Rex
407 1494 499 1535 Ajae
513 1505 710 1535 suspensus
724 1501 778 1527 est
792 1505 900 1536 super
910 1496 1020 1535 ligno,
1033 1506 1073 1528 ac
1085 1503 1212 1536 postea
1225 1495 1407 1537 projectus
1418 1497 1463 1528 ad
1474 1498 1607 1529 ostium
1621 1505 1745 1538 portae

425 1539 534 1576 urbis,
553 1545 588 1570 et
606 1539 685 1579 ipsa
702 1540 787 1570 urbs
806 1541 995 1571 combusta
1012 1546 1067 1571 est
1083 1541 1174 1582 (Jos.
1192 1541 1264 1572 viii.
1286 1541 1415 1582 26-29).

255 1623 318 1664 Et
345 1624 447 1678 quia
479 1638 558 1678 per
589 1625 784 1678 quinque
810 1628 980 1678 “reges
1013 1625 1396 1667 Emorraeorum'’
1406 1626 1743 1681 significaban-

252 1693 325 1727 tur
350 1686 470 1727 mala
498 1693 546 1760 et
570 1687 676 1728 inde
701 1688 814 1728 falsa
840 1689 1126 1729 destruentia
1152 1689 1272 1730 bona
1298 1696 1344 1730 et
1369 1703 1478 1730 vera
1505 1689 1741 1737 ecclesiae.

252 1750 354 1790 ideo

319 1838 377 1870 Illi
405 1848 508 1879 reges
532 1850 553 1870 a
576 1839 734 1880 Joschua
758 1839 921 1880 suspensi
954 1847 1047 1879 sunt,
1073 1847 1108 1872 et
1137 1847 1265 1882 postea
1293 1840 1444 1882 projecti
1473 1842 1509 1873 in
1534 1842 1742 1882 speluncam

427 1882 608 1914 Makkeda
625 1883 715 1925 (Jos.
733 1894 765 1915 x.
785 1885 835 1922 26,
855 1885 927 1923 27).

255 1982 334 2022 per
367 1969 669 2023 “speluncam
708 1970 969 2012 Makkeda'’
1001 1971 1282 2025 significatur
1312 1973 1456 2013 dirum
1487 1972 1648 2014 falsum
1683 1987 1741 2015 ex

254 2031 388 2072 malo.

336 2091 421 2146 [b.]
465 2093 549 2133 Per
576 2096 830 2147 “suspendi
861 2095 1028 2148 ligno,”
1054 2110 1131 2136 seu
1159 2096 1436 2149 “crucifigi,”
1461 2096 1738 2149 significatur

252 2169 402 2209 poena
428 2157 534 2198 mali
560 2158 835 2199 destruentis
859 2160 1026 2200 bonum
1053 2160 1286 2209 ecclesiae,
1312 2162 1448 2201 etiam
1474 2161 1592 2214 apud
1613 2161 1737 2202 Mat·

250 2218 439 2269 thaeum,

317 2305 450 2347 “Jesus
468 2306 566 2344 dixit,
586 2306 694 2338 Mitto
711 2308 756 2338 ad
774 2317 839 2339 vos
861 2308 1066 2348 prophetas,
1085 2309 1277 2348 sapientes,
1292 2315 1327 2340 et
1345 2309 1480 2340 scribas
1495 2318 1502 2347 ;
1527 2319 1571 2340 ex
1589 2309 1631 2341 iis
1649 2310 1741 2341 occi-

425 2350 527 2388 detis,
543 2351 769 2390 crucifigetis,
784 2357 819 2382 et
835 2351 1066 2391 flagellabitis
1084 2353 1119 2383 in
1136 2353 1343 2393 synagogis,
1359 2358 1394 2384 et
1411 2353 1677 2394 persequemini
1695 2355 1740 2384 ab

424 2394 509 2424 urbe
527 2394 563 2424 in
581 2395 707 2425 urbem
719 2394 737 2405 ''
755 2395 863 2434 (xxiii.
880 2395 953 2435 34):

250 2483 401 2522 omnia
433 2497 546 2536 quae
574 2484 796 2524 Dominus
829 2484 1007 2526 locutus
1034 2492 1117 2534 est,
1148 2500 1206 2526 ex
1235 2486 1399 2526 Divino
1432 2486 1612 2527 locutus
1638 2493 1736 2538 est;

250 2546 329 2586 sed
354 2546 517 2586 Divina
541 2561 599 2587 ex
622 2548 779 2601 quibus
803 2548 982 2589 locutus
1005 2555 1088 2596 est,
1110 2550 1355 2590 secundum
1374 2550 1736 2603 corresponden-

251 2609 352 2658 tias,
381 2609 425 2649 in
458 2610 675 2650 naturalis
707 2612 1002 2663 cogitationis
1034 2612 1158 2652 ideas
1190 2618 1237 2653 et
1269 2613 1373 2653 inde
1405 2626 1556 2662 voceS‚
1581 2612 1737 2666 quales

251 2671 322 2712 hic
355 2678 401 2712 et
434 2672 538 2712 alibi
571 2674 689 2727 apud
720 2673 1042 2726 Evangelz'stas
1074 2681 1192 2724 sunt,
1228 2675 1518 2726 ceciderunt;
1557 2682 1603 2716 et
1635 2676 1738 2729 quia

250 2742 320 2775 est
358 2735 602 2788 spiritualis
639 2751 797 2777 sensus
829 2739 1029 2778 omnium
1062 2739 1316 2787 verborum,
1349 2739 1451 2779 ideo
1484 2753 1562 2792 per
1595 2742 1736 2792 “pro—

250 2799 427 2851 phetaS‚
457 2799 701 2852 sapientes,
730 2807 776 2840 et
810 2793 1014 2841 scribas'”
1039 2801 1083 2841 in
1109 2815 1163 2842 eo
1190 2815 1323 2842 sensu
1351 2816 1440 2843 non
1472 2802 1535 2842 illi
1566 2802 1734 2843 intelli-

249 2867 428 2914 guntur,
457 2862 536 2902 sed
569 2875 648 2915 pro
680 2862 766 2902 illis
789 2877 943 2904 verum
970 2870 1016 2904 et
1048 2864 1215 2904 bonurn
1242 2863 1472 2905 doctrinae
1498 2871 1544 2905 et
1567 2864 1734 2915 Verbi;

250 2924 490 2976 spiritualis
509 2925 627 2965 enim
647 2926 875 2978 cogitatio
889 2932 934 2967 et
957 2926 1061 2967 inde
1080 2926 1273 2980 loquela,
1294 2927 1436 2981 qualis
1455 2933 1524 2968 est
1543 2927 1732 2981 angelis,
