1962 3334
582 278 689 311 CAP.
712 277 776 318 x.,
797 277 936 309 VERs.
964 276 1132 309 10.—N.
1153 265 1322 321 622[a].
1584 275 1689 320 1573

210 392 382 433 tionem
408 389 680 438 intellec‘tus‚
709 396 756 431 et
787 403 878 430 non
910 389 953 430 in
985 387 1268 430 affectionem
1300 387 1393 441 ejus
1424 387 1690 435 voluntatis,

210 467 302 495 non
327 454 526 495 afficiant
551 460 597 494 et
623 452 823 494 inficiant
849 453 1107 503 hominem;
1138 452 1352 506 quoniam
1377 451 1599 504 cogitatio
1625 452 1693 491 in-

211 515 423 558 tellectus
462 509 678 564 hominis‚'
713 522 936 569 quatenus
977 528 1067 555 non
1109 515 1315 568 procedit
1355 528 1415 555 ex
1455 512 1692 554 affectione

213 578 467 620 voluntatis
488 578 595 631 ejus,
619 591 710 618 non
736 584 806 618 est
832 579 876 618 in
902 577 1085 618 homine
1107 578 1187 618 sed
1213 584 1347 618 extra
1372 577 1524 627 illum;
1557 590 1694 629 quare

211 655 303 682 non
322 642 635 695 appropriatur
656 642 720 682 ei:
754 641 960 681 similiter
976 640 1026 681 fit
1044 654 1145 681 cum
1163 654 1271 681 vero
1293 647 1339 681 et
1365 640 1499 681 bono.
1564 639 1691 680 Haec

214 704 436 745 Dominus
472 705 608 744 docet
644 717 723 757 per
758 703 1199 757 correspondentias,
1233 703 1426 744 dicendo
1461 702 1582 756 quod
1610 702 1694 742 “id

211 767 333 820 quod
373 781 452 820 per
490 781 539 807 os
579 768 718 807 intrat
758 767 802 807 in
841 773 1049 807 ventrem
1089 779 1180 806 non
1216 766 1496 806 immundum
1533 765 1695 806 reddat

211 829 457 877 hominem,
476 830 686 883 quoniam
705 842 795 869 non
813 830 953 870 intrat
970 830 1014 869 in
1035 842 1125 877 cor,
1145 828 1255 869 illud
1273 830 1393 869 enim
1411 828 1531 881 quod
1554 827 1695 868 intrat

213 892 259 932 in
276 898 483 932 ventrem
505 893 549 932 in
568 892 778 932 latrinam
797 891 970 944 ejicitur
985 891 1020 942 ;’'
1050 905 1129 945 per
1145 891 1266 945 quod
1287 890 1560 944 intelligitur
1574 890 1695 944 quod

210 954 256 994 id
274 955 394 1008 quod
416 955 474 995 ab
495 961 629 995 extra
651 969 730 995 seu
751 955 1049 1002 extrinsecus,
1074 955 1168 995 sive
1190 955 1248 995 sit
1270 968 1330 995 ex
1353 952 1540 1006 objectis
1558 954 1692 998 visus,

210 1016 283 1057 vel
314 1031 374 1058 ex
400 1016 587 1069 objectis
614 1017 835 1071 loquelae.
862 1016 935 1058 vel
968 1031 1028 1058 ex
1054 1015 1241 1069 objectis
1268 1017 1526 1064 memoriae,
1554 1017 1694 1056 intrat

210 1079 254 1120 in
287 1080 616 1132 cogitationem
643 1078 901 1121 intelleEtus
927 1079 1136 1127 hominis,
1165 1093 1255 1120 non
1287 1080 1566 1119 immundum
1593 1079 1695 1119 red-

210 1143 290 1184 dat
326 1143 478 1193 illum;
521 1144 600 1183 sed
636 1143 695 1191 id,
729 1150 953 1196 quatenus
985 1157 1076 1184 non
1108 1149 1178 1184 est
1214 1142 1307 1196 ejus
1338 1141 1586 1183 affectionis
1618 1157 1696 1183 seu

210 1205 474 1254 voluntatis,
509 1213 743 1259 separatur
774 1212 821 1246 et
852 1205 1039 1258 ejicitur,
1073 1207 1188 1246 sicut
1220 1212 1504 1259 assumptum
1535 1212 1696 1245 ventre

211 1269 256 1309 in
279 1267 503 1309 latrinam.
562 1268 688 1309 Haec
713 1269 962 1322 spiritualia
983 1270 1195 1322 exposuit
1219 1268 1439 1309 Dominus
1462 1282 1540 1321 per
1562 1274 1695 1308 natu-

211 1331 348 1382 ralia;
385 1332 595 1385 quoniam
622 1332 708 1373 cibi
734 1333 808 1385 qui
833 1339 1120 1373 assumuntur
1142 1346 1232 1379 ore,
1258 1338 1304 1372 et
1327 1332 1631 1372 demittuntur
1651 1332 1695 1371 in

210 1400 432 1443 ventrem,
452 1393 710 1447 significant
734 1394 843 1435 talia
865 1408 979 1447 quae
1001 1394 1139 1435 homo
1162 1394 1455 1448 spiritualiter
1476 1394 1624 1434 haurit
1647 1400 1694 1434 et

212 1456 371 1510 quibus
393 1458 534 1497 nutrit
556 1458 752 1497 animam
771 1471 780 1507 ;
812 1457 916 1497 inde
939 1464 1008 1498 est
1033 1457 1152 1511 quod
1178 1461 1377 1497 “venter
1388 1456 1407 1471 ''
1429 1469 1695 1509 correspon-

211 1519 319 1560 deat
356 1521 626 1572 cogitationi
668 1518 941 1568 intellectus,
980 1527 1026 1560 et
1063 1534 1241 1574 quoque
1278 1519 1501 1572 significet
1543 1519 1693 1559 illam:

211 1583 334 1636 quod
351 1583 495 1624 “cor'’
509 1582 734 1636 significet
755 1582 1039 1624 affectionem
1061 1583 1313 1624 voluntatis
1335 1583 1543 1630 hominis,
1564 1596 1697 1635 supra

214 1653 447 1687 ostensum
462 1653 532 1687 est
550 1660 559 1696 ;
587 1654 683 1687 tum
698 1647 817 1700 quod
835 1647 878 1686 id
897 1646 1042 1687 solum
1061 1647 1374 1700 approprietur
1388 1646 1558 1686 homini
1575 1645 1695 1699 quod

211 1707 262 1749 fit
288 1708 380 1761 ejus
411 1708 658 1750 affectionis
689 1723 767 1749 seu
793 1709 1070 1749 voluntatis:
1104 1709 1225 1762 quod
1252 1708 1500 1761 spiritualia
1526 1707 1695 1748 intelli-

212 1778 391 1824 gantur,
415 1778 461 1812 et
487 1785 577 1812 non
604 1770 840 1819 naturalia,
865 1779 1021 1825 patet;
1059 1785 1164 1811 nam
1191 1772 1300 1811 dicit
1328 1771 1549 1811 Dominus
1575 1770 1696 1823 quod

214 1838 309 1876 “ex
331 1835 466 1875 corde
493 1835 782 1887 egrediantur
804 1835 1109 1886 cogitationes
1136 1834 1295 1881 malae,
1321 1834 1497 1880 caedes,
1522 1833 1698 1874 adulte-

211 1898 290 1950 ria,
308 1903 477 1950 stupra,
497 1897 627 1945 furta,
646 1896 757 1937 salsa
779 1898 1055 1945 testimonia,
1071 1896 1418 1950 blasphemiae.”
1471 1895 1696 1949 Quoniam

212 1959 325 2000 salsa
349 1966 396 2000 et
422 1959 555 2007 mala,
580 1973 693 2013 quae
719 1961 1004 2000 extrinsecus
1030 1960 1074 1999 in
1097 1960 1402 2012 cogitationes
1424 1960 1610 2007 intrant,
1636 1973 1695 2000 ex

213 2022 395 2063 infernis
420 2023 607 2069 intrant,
635 2029 681 2063 et
708 2023 743 2062 si
770 2035 860 2062 non
886 2023 1160 2075 recipiuntur
1184 2020 1419 2063 affectione
1445 2021 1695 2062 voluntatis

214 2085 273 2126 ab
297 2085 493 2133 homine,
521 2085 777 2138 rejiciuntur
802 2086 845 2125 in
872 2085 1055 2131 inferna,
1084 2098 1220 2138 quare
1242 2085 1405 2126 dicitur
1430 2086 1549 2138 quod
1579 2085 1695 2138 “eji-

213 2148 390 2189 ciantur
419 2149 463 2188 in
491 2147 741 2196 latrinam‚’'
767 2161 870 2188 nam
902 2161 981 2200 per
1010 2147 1258 2187 “latrinam
1271 2147 1291 2162 '³
1316 2147 1595 2200 significatur
1626 2149 1695 2188 in-

216 2210 415 2262 fernum3
452 2225 512 2252 ex
544 2224 679 2251 causa
709 2212 824 2264 quia.
843 2211 886 2250 in
918 2210 1100 2250 infernis
1132 2211 1283 2250 omnia
1315 2211 1546 2251 immunda
1572 2218 1692 2258 sunt,

216 2280 263 2314 et
294 2273 358 2314 illi
384 2275 457 2327 qui
482 2274 541 2314 ibi
567 2272 695 2326 ejecti
727 2279 832 2314 sunt
864 2287 888 2313 e
920 2273 1061 2321 caelo,
1085 2273 1205 2326 quod
1231 2273 1275 2312 in
1306 2273 1448 2313 forma
1479 2280 1548 2314 est
1580 2275 1696 2314 sicut

213 2335 353 2376 homo
383 2343 430 2377 et
462 2337 566 2377 inde
592 2343 780 2377 vocatur
807 2335 1034 2376 Maximus
1068 2335 1235 2380 Homo.
1263 2342 1309 2376 et
1342 2350 1519 2389 quoque
1545 2349 1695 2377 corre-

217 2399 412 2451 spondet
439 2400 647 2439 omnibus
673 2399 894 2447 hominis;
932 2404 978 2438 at
1011 2398 1182 2438 inferna
1206 2398 1310 2438 inde
1337 2399 1694 2451 correspondent

213 2459 505 2513 ejefitionibus
545 2476 604 2502 ex
644 2469 802 2502 ventre
844 2461 1033 2501 Maximi
1075 2460 1284 2501 Hominis
1327 2475 1405 2501 seu
1447 2461 1560 2501 caeli
1582 2475 1591 2511 ;
1638 2475 1696 2502 ex

214 2537 269 2564 eo
300 2530 370 2564 est
402 2524 522 2577 quod
564 2524 781 2564 infernum
815 2537 893 2576 per
921 2523 1203 2563 “latrinam''
1234 2525 1278 2563 in
1310 2537 1444 2564 sensu
1476 2524 1695 2576 spirituali

213 2585 510 2638 intelligatur.
573 2585 707 2638 Quod
743 2586 970 2626 “venter”
1001 2586 1178 2626 dicatur
1211 2590 1502 2639 “expurgare
1539 2600 1697 2627 omnes

215 2647 379 2695 cibos,”
405 2655 474 2688 est
506 2649 607 2702 quia
639 2662 717 2702 per
751 2653 776 2668 “
797 2655 1003 2689 ventrem
1018 2647 1038 2662 ''
1063 2648 1341 2701 significatur
1372 2650 1596 2701 cogitatio
1627 2651 1694 2689 in-

214 2708 439 2758 tellectus,
464 2717 512 2751 ut
538 2725 670 2764 supra
693 2709 862 2751 dietum
885 2717 969 2759 est,
994 2716 1039 2751 et
1067 2724 1145 2764 per
1169 2711 1363 2751 ‘·cibos'’
1386 2710 1697 2763 significantur

216 2785 373 2812 omnes
405 2774 674 2814 nutritiones
708 2773 976 2826 spirituales,
1004 2780 1050 2814 et
1082 2774 1303 2826 cogitatio
1335 2772 1592 2814 intellectus
1623 2780 1694 2814 est

214 2847 328 2887 quae
354 2842 532 2888 separat
561 2836 790 2876 immunda
816 2850 841 2876 a
867 2836 1059 2885 mundis,
1087 2842 1134 2877 et
1160 2837 1222 2876 sic
1254 2843 1494 2890 expurgat.
1558 2836 1695 2889 Apud

214 2895 473 2946 Jercmiam,
