1962 3334
319 276 334 306 1
344 266 424 306 802
731 274 1062 308 APOCALYPSIS
1094 276 1392 309 EXPLICATA.

312 386 433 440 quod
466 387 557 427 sint
588 387 662 440 qui
693 400 785 427 non
816 400 939 428 mere
965 389 1146 429 externi
1172 395 1218 430 et
1244 390 1476 430 naturales
1501 390 1696 441 fuerunt,
1724 393 1802 433 sed

310 451 449 490 etiam
473 450 758 502 aliquantum
780 450 948 490 interni
970 457 1016 491 et
1038 452 1297 504 spirituales
1320 463 1374 501 (de
1385 464 1613 502 quasequitur)
1632 469 1641 504 ;
1673 461 1719 495 et
1742 469 1801 495 ex

310 511 647 565 significatione
690 512 928 561 “terreri,'’
968 514 1089 566 quod
1133 515 1191 554 sit
1235 515 1388 555 animo
1432 518 1711 557 commoveri
1755 525 1801 558 et

308 575 516 615 converti
551 575 609 614 ab
644 574 733 615 illis
769 575 844 628 qui
880 588 1002 615 mere
1038 577 1272 617 naturales
1307 577 1503 626 fuerunt,
1537 585 1583 619 et
1618 579 1723 619 inde
1759 581 1801 619 in

308 650 431 677 mere
457 637 581 676 falsis
608 646 654 677 et
681 637 839 687 malis;
871 638 992 690 quod
1021 638 1251 678 “terreri’'
1274 639 1500 691 significet
1525 642 1800 681 commotio-

308 712 413 739 nem
440 706 486 739 et
512 700 861 739 conversionem
887 699 1028 748 illam,
1055 701 1285 741 videbitur
1309 701 1435 742 infra.
1495 702 1691 742 Primum
1718 703 1799 743 ali-

305 762 411 814 quid
444 762 622 802 dicetur
652 762 708 801 de
740 762 831 802 illis
862 763 935 815 qui
967 763 1288 815 intelliguntur
1319 778 1398 816 per
1431 765 1668 818 “reliquos
1682 765 1701 780 '’
1726 767 1800 819 qui

304 825 451 864 territi
473 824 579 864 sacti
601 831 721 872 sunt,
746 830 793 864 et
819 824 1047 865 dederunt
1070 825 1264 877 gloriam
1288 826 1388 866 Deo
1411 827 1541 875 caeli,
1565 828 1685 880 quod
1710 841 1799 869 non

303 886 467 927 suerint
494 900 617 927 mere
643 887 893 935 naturales,
921 888 1001 927 sed
1033 889 1173 928 etiam
1199 888 1484 941 aliquantum
1511 890 1797 942 spirituales;

303 950 377 1003 qui
403 951 522 990 enim
546 963 669 991 mere
693 950 926 990 naturales
953 957 1073 999 sunt,
1097 950 1176 999 illi,
1201 952 1384 1004 quando
1407 966 1513 993 vera
1539 953 1659 1002 boni,
1684 967 1798 1007 quae

302 1013 421 1065 apud
452 1013 556 1052 illos
591 1014 635 1053 in
672 1013 878 1053 externis
909 1014 1193 1062 resederunt,
1226 1014 1385 1054 ablata
1415 1021 1535 1064 sunt,
1567 1021 1674 1062 tunc
1707 1030 1797 1057 non

301 1082 653 1116 commoventur
674 1071 733 1116 ex
761 1075 933 1115 influxu
955 1075 1172 1117 salsorum
1200 1083 1246 1117 et
1273 1077 1495 1117 malorum
1522 1092 1581 1118 ex
1607 1078 1795 1125 inferno,

302 1138 449 1178 minus
489 1152 536 1178 se
572 1144 879 1188 convertunt;
925 1152 1031 1178 nam
1072 1140 1254 1192 propria
1295 1153 1450 1184 eorum
1491 1142 1716 1193 cogitatio
1750 1149 1796 1182 et

299 1201 532 1250 voluntas,
560 1215 674 1255 quae
702 1202 892 1242 interius
923 1216 972 1242 se
1003 1203 1123 1255 apud
1154 1202 1259 1242 illos
1285 1204 1558 1252 recondidit,
1585 1205 1796 1245 consistit

301 1278 360 1304 ex
393 1278 515 1305 mere
546 1264 669 1305 falsis
701 1270 747 1304 et
779 1265 885 1305 inde
916 1265 1063 1314 malis,
1097 1271 1142 1306 et
1178 1279 1238 1306 ex
1271 1267 1400 1306 malis
1430 1273 1477 1307 et
1508 1267 1612 1308 inde
1641 1267 1795 1317 falsis;

299 1340 437 1380 quare
463 1340 565 1367 cum
596 1328 640 1367 in
671 1327 740 1367 his
772 1333 893 1376 sunt,
921 1334 1031 1368 tunc
1059 1328 1398 1369 exacerbantur
1423 1335 1586 1369 contra
1611 1343 1718 1370 vera
1749 1337 1795 1370 et

299 1389 435 1438 bona,
459 1395 506 1429 et
529 1390 635 1429 inde
658 1390 877 1430 ardenter
899 1390 1087 1442 cupiunt
1110 1392 1406 1444 exstinguere
1430 1391 1532 1431 illa:
1565 1406 1625 1432 ex
1648 1406 1702 1432 eo
1724 1400 1794 1432 est

299 1452 421 1504 quod
447 1452 593 1500 malis,
618 1452 802 1505 quando
829 1465 920 1492 non
946 1453 1140 1505 amplius
1165 1453 1209 1493 in
1236 1454 1442 1493 externis
1468 1460 1589 1502 sunt,
1618 1467 1707 1494 non
1736 1456 1792 1495 sit

299 1520 446 1554 terror
468 1528 549 1567 pro
571 1514 702 1554 malis
725 1521 771 1555 et
794 1514 933 1563 falsis,
957 1515 1097 1555 immo
1120 1529 1202 1556 nec
1229 1529 1309 1569 pro
1331 1516 1521 1564 inferno,
1545 1523 1649 1557 sunt
1672 1518 1791 1557 enim

299 1577 379 1617 illa
401 1578 567 1617 amoris
593 1577 790 1625 illorum,
813 1584 1150 1631 consequenter
1167 1577 1365 1630 jucunda
1386 1579 1508 1619 vitae
1531 1593 1685 1619 eorum
1704 1593 1711 1619 :
1745 1586 1791 1620 at

296 1653 421 1688 vero,
453 1640 527 1693 qui
563 1641 702 1680 etiam
735 1640 996 1693 spirituales
1027 1647 1146 1688 sunt,
1180 1641 1224 1680 hi
1259 1642 1412 1681 animo
1443 1649 1792 1682 commoventur

298 1709 345 1743 et
376 1709 607 1757 terrentur
642 1703 826 1756 quando
867 1717 926 1743 ex
962 1703 1093 1743 malis
1130 1710 1175 1744 et
1211 1704 1314 1744 inde
1347 1703 1472 1744 falsis
1502 1704 1788 1752 infestantur,

297 1766 419 1819 quod
449 1765 498 1806 fit
529 1766 713 1819 quando
743 1766 862 1806 inter
888 1766 1034 1806 malos
1061 1772 1195 1816 sunt;
1232 1767 1398 1807 timent
1424 1767 1544 1807 enim
1566 1766 1788 1819 jacturam

295 1829 419 1869 vitae
450 1842 556 1868 suae
587 1828 850 1881 spiritualis,
878 1823 1158 1882 quapropter
1184 1836 1534 1870 commoventur
1565 1831 1717 1870 animo
1742 1837 1788 1871 et

296 1891 546 1944 trepidant,
575 1898 620 1931 et
649 1891 897 1931 Dominum
929 1891 985 1931 de
1017 1905 1103 1944 ope
1135 1891 1412 1944 supplicant,
1441 1898 1486 1931 et
1518 1906 1565 1932 se
1596 1905 1787 1933 conver-

295 1959 400 1994 tunt
436 1954 494 1993 ab
529 1953 631 1994 illis.
691 1953 888 2006 Quando
924 1954 1174 1994 societates
1211 1954 1502 2006 purificantur
1537 1955 1580 1994 in
1617 1956 1787 1996 mundo

295 2016 533 2069 spirituali,
579 2018 701 2070 quod
747 2016 796 2057 fit
844 2018 1025 2070 quoties
1073 2017 1195 2064 mali,
1241 2018 1459 2069 imprimis
1503 2017 1785 2070 hypocritae,

294 2079 639 2119 insinuaverunt
670 2093 717 2119 se
754 2079 796 2119 in
828 2079 945 2127 illas,
978 2085 1024 2119 et
1055 2080 1440 2119 commiscuerunt
1471 2093 1518 2119 se
1550 2080 1681 2120 bonis
1710 2081 1784 2128 ibi,

298 2140 450 2193 (signa
466 2142 754 2193 praesentiae
770 2141 930 2181 talium
947 2147 1050 2181 sunt
1067 2141 1329 2181 obscuratio
1344 2141 1621 2190 intellectuS,
1635 2143 1784 2195 depri-

292 2205 418 2244 vatio
445 2204 754 2257 perceptionis
779 2204 901 2251 boni,
925 2204 1163 2244 hebetatio
1188 2203 1438 2244 affeffitionis
1460 2205 1567 2252 veri,
1591 2211 1637 2244 et
1663 2206 1784 2245 simi-

295 2266 391 2319 lia,)
429 2272 536 2306 tunc
577 2267 840 2306 immittitur
879 2266 1075 2306 influxus
1120 2280 1179 2306 ex
1219 2266 1408 2315 inferno,
1450 2280 1509 2306 ex
1549 2281 1638 2320 quo
1678 2267 1784 2307 mali

293 2329 514 2381 gaudent,
542 2334 589 2369 at
620 2329 728 2368 boni
754 2335 1106 2369 commoventur
1131 2329 1299 2376 animo,
1327 2335 1372 2368 et
1404 2342 1452 2368 se
1481 2335 1782 2379 convertunt;

292 2392 398 2431 inde
423 2398 720 2444 separantur3
752 2392 825 2444 qui
851 2393 1004 2444 itaque
1027 2392 1173 2432 territi
1197 2391 1302 2432 sacti
1328 2406 1376 2432 se
1402 2398 1694 2440 convertunt,
1718 2392 1783 2432 illi

293 2460 641 2502 conservantur,
679 2454 839 2507 reliqui
874 2461 1028 2494 autem
1065 2454 1327 2506 ejiciuntur:
1370 2469 1429 2494 ex
1465 2454 1534 2494 his
1569 2461 1782 2495 constare

294 2523 468 2569 potest,
496 2518 615 2557 unde
646 2523 718 2557 est
749 2517 869 2570 quod
901 2517 1078 2557 dicatur
1103 2517 1224 2570 quod
1252 2517 1435 2570 quidam
1465 2518 1649 2557 “territi
1679 2518 1783 2559 faeti

292 2579 423 2627 sint‚”
450 2585 496 2619 et
523 2580 644 2632 quod
676 2580 762 2620 hoc
790 2579 1015 2632 significet
1042 2580 1403 2620 commotionem
1430 2580 1567 2620 animi
1598 2587 1644 2621 et
1671 2594 1780 2621 con-

291 2643 549 2683 versionem
590 2643 771 2683 illorum
807 2643 881 2696 qui
921 2643 1206 2695 aliquantum
1243 2643 1501 2695 spirituales
1536 2650 1655 2684 sunt.
1729 2645 1780 2684 In

291 2704 450 2745 Verbo
481 2705 647 2757 pluries
678 2706 842 2745 dicitur
871 2705 992 2758 quod
1022 2704 1289 2745 “terrefaffi
1320 2705 1452 2753 sint,'’
1477 2706 1597 2758 quod
1631 2709 1779 2746 “con-

291 2766 527 2815 sternati,”
553 2774 598 2807 et
630 2767 807 2816 similia,
839 2780 890 2807 ac
921 2767 985 2807 ita
1016 2767 1072 2807 de
1103 2767 1234 2807 bonis
1264 2772 1310 2807 et
1342 2768 1398 2807 de
1430 2768 1588 2818 malis;
1625 2774 1670 2808 et
1701 2782 1780 2820 per

293 2833 319 2850 “
333 2835 553 2869 terrorem
566 2829 586 2844 '’
604 2836 650 2870 et
670 2833 695 2850 “
709 2829 1134 2869 consternationem
1147 2829 1166 2844 ’'
1182 2828 1462 2882 significatur
1479 2835 1627 2869 status
1642 2831 1777 2870 animi

291 2893 511 2932 commoti
538 2898 583 2932 et
612 2892 777 2932 mutati
803 2905 862 2932 ex
889 2892 1157 2932 imminente
1183 2898 1259 2932 aut
1289 2892 1385 2931 viso
1411 2891 1612 2944 periculo
1637 2892 1774 2941 vitae,

1949 1919 1962 1959 53

1952 1969 1962 2017 l

1947 2020 1962 2083 ᾖ
