1962 3334
286 317 396 368 1484
698 325 1031 360 APOCALYPSIS
1062 328 1362 362 EXPLICATA.

278 438 405 479 tione
434 438 851 488 “scortationum,’'
877 439 998 493 quod
1029 440 1121 482 sint
1151 441 1495 483 falsificationes
1519 443 1613 484 veri
1644 454 1698 492 (de
1711 463 1775 492 qua

275 518 426 547 supra,n.
446 509 535 550 141,
555 498 662 548 161).
722 499 858 552 Quod
883 500 1261 547 “incantationes
1280 501 1300 516 ''
1321 503 1365 543 in
1390 516 1528 543 sensu
1549 504 1773 556 spirituali

277 559 535 612 significent
563 562 875 614 perversiones
901 561 1022 611 boni,
1051 570 1263 604 constare
1290 570 1446 617 potest
1474 578 1532 605 ex
1560 579 1628 614 eo,
1653 566 1772 619 quod

276 621 551 675 conjunctim
574 624 783 665 dicantur
805 637 906 665 cum
931 626 1301 675 scortationibus,
1326 633 1372 667 et
1398 628 1740 669 “scortationes
1753 628 1774 643 ”

276 684 536 737 significant
562 685 901 728 falsificationes
927 689 1047 739 veri;
1086 702 1137 730 ac
1170 689 1214 729 in
1241 689 1398 730 Verbo
1429 689 1502 731 ubi
1528 691 1692 731 dicitur
1716 691 1773 732 de

276 761 398 797 vero,
429 749 568 789 etiarn
600 750 763 791 dicitur
794 750 850 791 de
882 751 1016 801 bono,
1045 751 1104 792 ob
1135 752 1392 805 conjugium
1425 752 1637 794 Divinum
1668 767 1772 796 cae·

276 810 394 852 leste
429 812 474 852 in
511 813 700 866 singulis
738 815 857 871 ejus:
901 820 948 855 et
987 828 1165 868 quoque
1202 816 1366 856 dicitur
1404 817 1771 869 “paenitentiam

275 887 412 927 agere
450 875 508 916 ab
548 875 816 925 homicidiis,
855 877 1242 919 incantationibus
1280 885 1326 919 et
1367 880 1720 920 scortationibus
1737 880 1772 930 ;”

275 944 323 978 et
356 951 435 991 per
469 938 783 980 “homicidia‘’
814 939 1128 993 significantur
1159 939 1492 983 exstinctiones
1524 940 1771 984 affectionis

275 999 382 1041 boni
414 1015 528 1055 quae
554 1002 806 1043 voluntatis
839 1009 886 1044 et
913 1005 1219 1057 perceptionis
1245 1005 1339 1045 veri
1370 1018 1486 1058 quae
1511 1003 1771 1046 intellectus

274 1073 435 1112 (videatur
449 1083 525 1103 mox
539 1083 645 1112 supra,
661 1084 693 1104 n.
713 1065 824 1117 589),
849 1071 896 1105 et
921 1063 1102 1106 affetstio
1128 1065 1236 1106 boni
1262 1079 1378 1119 quae
1403 1066 1660 1107 voluntatis
1686 1080 1770 1107 ex·

274 1125 523 1178 stinguitur
548 1125 655 1166 dum
677 1127 952 1179 pervertitur
976 1126 1145 1167 bonum
1168 1127 1323 1175 Verbi,
1348 1141 1400 1168 ac
1424 1129 1658 1181 perceptio
1679 1129 1772 1169 veri

275 1201 390 1241 quae
416 1187 677 1230 intellectus
700 1189 806 1230 dum
834 1188 1096 1230 falsificatur
1122 1203 1277 1231 verum
1300 1190 1468 1241 Verbi3
1501 1191 1606 1231 inde
1632 1191 1771 1232 etiam

277 1258 491 1293 constare
517 1258 673 1306 potest
700 1253 806 1306 quid
838 1253 910 1294 hic
938 1267 1017 1307 per
1045 1253 1452 1295 “incantationes’‘
1478 1253 1770 1307 significatur.

275 1314 494 1369 Antiquis
517 1316 798 1369 temporibus
817 1315 945 1369 plura
967 1329 1136 1369 genera
1159 1317 1322 1357 artium
1340 1316 1637 1366 infernalium,
1657 1331 1772 1370 quae

276 1379 455 1431 magiae
487 1385 722 1426 vocantur,
756 1379 801 1418 in
838 1393 918 1419 usu
955 1379 1148 1428 suerunt,
1182 1393 1369 1433 quarum
1406 1379 1582 1433 aliquae
1614 1393 1770 1420 recen·

275 1447 433 1482 sentur
464 1441 507 1481 in
535 1440 691 1482 Verbo
721 1439 790 1494 (ut
814 1441 971 1482 Deutr.
1000 1442 1122 1482 xviii.
1151 1441 1311 1496 9—11);
1349 1443 1468 1483 inter
1498 1441 1599 1483 illas
1632 1443 1771 1483 etiam

274 1504 453 1545 fuerunt
485 1505 838 1553 incantationes,
872 1519 951 1558 per
981 1519 1092 1558 quas
1123 1505 1399 1546 inducebant
1432 1503 1692 1546 affectiones
1723 1512 1770 1546 et

275 1568 540 1622 voluptates
571 1569 730 1622 quibus
763 1568 880 1609 alter
917 1582 1007 1609 non
1041 1569 1190 1622 potuit
1222 1569 1447 1618 resistere,
1481 1569 1601 1622 quod
1632 1567 1769 1610 fiebat

273 1646 353 1686 per
379 1645 515 1673 sonos
541 1639 587 1673 et
615 1633 781 1673 tacitas
803 1646 955 1681 voces,
980 1646 1090 1686 quas
1116 1633 1189 1674 vel
1212 1633 1525 1686 producebant
1551 1632 1624 1674 vel
1648 1646 1769 1673 mus-

273 1695 504 1747 sitabant;
546 1709 661 1749 quae
699 1709 777 1749 per
808 1695 1235 1749 correspondentias
1267 1695 1487 1749 analogas
1518 1696 1769 1736 communi-

274 1759 503 1799 cationem
536 1758 768 1800 habebant
802 1771 904 1799 cum
930 1758 1170 1800 voluntate
1196 1758 1396 1807 alterius,
1426 1765 1472 1799 et
1499 1759 1767 1800 excitabant

273 1821 367 1876 ejus
389 1819 688 1870 affectionem,
713 1828 759 1863 et
785 1822 1070 1863 fascinabant
1096 1822 1154 1862 ad
1180 1823 1245 1863 ita
1267 1828 1313 1863 et
1341 1835 1431 1862 non
1455 1821 1588 1863 aliter
1609 1821 1767 1863 volen-

274 1885 395 1934 dum,
413 1885 709 1938 cogitandum
728 1891 774 1926 et
792 1884 1059 1926 faciendum.
1122 1884 1260 1926 Tales
1276 1885 1611 1926 incantationes
1629 1886 1767 1926 etiam

272 1948 504 1989 callebant
533 1948 800 2002 prophetae,
828 1954 875 1989 et
902 1962 1080 2002 quoque
1106 1948 1349 1997 faciebant,
1375 1955 1422 1989 et
1449 1962 1527 2002 per
1558 1948 1659 1989 illas
1685 1962 1767 1990 ex-

271 2011 478 2052 citabant
501 2009 763 2052 affectiones
786 2011 943 2060 bonas,
968 2011 1351 2052 auscultationem
1374 2017 1420 2052 et
1443 2011 1765 2059 obedientiam,

272 2088 387 2128 quae
413 2075 750 2115 incantationes
776 2074 820 2114 in
847 2074 968 2115 bono
991 2087 1125 2115 sensu
1151 2074 1443 2115 nominantur
1459 2075 1504 2114 in
1531 2073 1686 2115 Verbo

343 2173 451 2213 Apud
467 2172 624 2211 Esaiam,
643 2182 720 2213 cap.
737 2172 786 2205 iii.
809 2181 880 2211 1-3,
899 2181 961 2210 2o;
986 2182 1061 2213 cap.
1078 2172 1173 2204 xxvi.
1194 2173 1253 2205 16:
1274 2182 1295 2204 a
1321 2172 1368 2204 ud
1386 2171 1583 2214 Jeremiam,
1598 2182 1673 2213 cap.
1690 2172 1764 2204 viii.

449 2224 508 2255 17:
534 2222 569 2248 et
587 2217 683 2257 apud
700 2216 881 2254 Davidem,
900 2216 936 2248 in
954 2216 1094 2257 psalmo
1112 2216 1196 2248 lviii.
1217 2224 1244 2255 5,
1263 2216 1283 2247 6
1318 2216 1361 2248 B.
1375 2217 1420 2247 Α.
1437 2225 1467 2255 4,
1487 2213 1536 2257 5].

271 2309 360 2351 Sed
388 2310 491 2363 quia
516 2323 595 2363 per
621 2309 738 2350 tales
765 2309 969 2364 loquelas
995 2315 1041 2351 et
1065 2310 1407 2351 mussitationes
1433 2324 1459 2350 a
1485 2309 1615 2350 malis
1638 2310 1764 2351 exci-

271 2373 488 2414 tabantur
509 2371 770 2413 affectiones
792 2372 954 2422 malae,
973 2379 1020 2414 et
1043 2373 1105 2414 sic
1129 2373 1466 2414 incantationes
1488 2371 1632 2414 factae
1656 2379 1761 2413 sunt

270 2437 490 2489 magicae,
524 2436 627 2476 ideo
663 2437 782 2477 inter
818 2442 939 2477 artes
972 2437 1172 2489 magicas
1205 2437 1343 2477 etiam
1374 2442 1682 2485 recensentur,
1715 2442 1762 2476 et

271 2513 426 2540 severe
453 2499 750 2552 prohibentur

341 2595 406 2636 (Ut
422 2596 543 2628 Deutr.
561 2596 656 2628 xviii.
674 2605 758 2638 9—11
773 2607 780 2629 :
805 2596 903 2629 Esai.
921 2596 1019 2629 xlvii.
1039 2607 1068 2638 9,
1086 2606 1124 2629 12
1140 2608 1147 2630 z
1168 2598 1268 2639 Apoc.
1288 2597 1385 2630 xviii.
1401 2606 1441 2637 23
1458 2607 1465 2637 ;
1486 2608 1562 2639 cap.
1579 2598 1662 2630 xxii.
1680 2596 1764 2638 15⁴⁶).

348 2709 480 2754 591.
519 2700 682 2753 “Meque
707 2713 762 2740 ex
783 2700 907 2741 furtis
929 2700 1253 2753 suis.''—Quod
1284 2701 1512 2754 significet
1539 2701 1594 2742 ab
1626 2690 1763 2756 eripi-

268 2761 376 2802 endo
400 2760 663 2814 cognitiones
684 2761 785 2802 veri
810 2768 853 2802 et
882 2761 993 2811 boni,
1018 2768 1060 2802 et
1088 2762 1152 2803 sic
1181 2762 1325 2803 media
1354 2763 1646 2815 comparandi
1672 2763 1766 2804 sibi

269 2824 409 2864 vitam
448 2823 742 2876 spiritualem,
783 2830 968 2865 constat
1014 2839 1074 2865 ex
1121 2824 1453 2878 significatione
1497 2825 1671 2868 “furti‘’
1711 2832 1758 2867 et

523 2969 545 2990 ’θ
565 2969 693 3014 [NOTA
716 2969 1049 3015 AUCTOR1s:—]De
1068 2971 1243 3012 Bileamo,
1261 2972 1304 3004 de
1319 2972 1496 3015 Jesabele.
