1962 3334
280 242 387 296 1776
689 251 1023 286 APOCALYPSIS
1055 254 1355 287 EXPLICATA.

274 366 454 414 trinam,
483 366 587 407 inde
620 367 759 407 etiam
792 366 892 408 loca
924 368 983 408 ibi
1015 368 1071 408 ad
1104 368 1278 422 plagas,
1307 375 1353 410 et
1387 370 1443 410 ad
1471 370 1713 412 distantias
1741 386 1765 413 a

274 427 469 481 Templo
487 435 533 469 et
551 443 576 469 a
596 429 745 478 Sione‚
766 431 1199 483 repraesentabant:
1229 446 1287 472 ex
1306 446 1374 481 eo,
1395 433 1497 485 quia
1515 433 1765 487 Thopheth

275 497 321 531 et
362 491 494 531 vallis
536 484 755 533 Hinnomi
796 501 950 534 essent
998 494 1084 534 loci
1125 495 1470 535 immundissimi
1509 502 1555 536 et
1601 497 1766 537 nefarie

272 553 561 603 idololatrici,
587 556 994 608 repraesentabant
1022 563 1067 596 et
1094 557 1198 596 inde
1226 556 1543 609 significabant
1567 558 1763 599 inferna:

272 630 330 656 ex
364 616 433 656 his
466 624 595 670 patet
628 618 733 671 quid
766 618 992 671 significat
1028 619 1244 672 “sepeliri
1277 621 1320 660 in
1354 620 1605 673 Thopheth
1638 628 1683 662 et
1721 623 1765 662 in

271 679 390 719 valle
415 680 671 720 Hinnomi.”

352 758 496 798 660.
528 768 634 806 [Vers.
654 769 715 807 10.]
748 758 826 798 “Et
846 759 1076 799 habitantes
1105 772 1231 811 supet-
1254 763 1370 799 tet'ra
1389 760 1627 813 gaudebunt
1642 774 1769 813 super

270 815 350 856 illis
366 821 410 856 et
421 818 918 871 laetabuntur.”——Quod
937 818 1161 871 significet
1169 820 1371 872 jucunda
1386 834 1443 859 ex
1457 834 1606 860 amore
1621 821 1763 872 infer-

271 877 368 918 nali
388 879 515 930 apud
530 879 630 920 illos
656 879 736 932 qui
753 886 904 920 contra
932 880 1040 920 bona
1065 887 1107 920 et
1131 895 1237 920 vera
1258 881 1468 929 ecclesiae,
1494 888 1677 922 constat
1704 896 1763 922 ex

270 941 601 994 significatione
631 942 975 983 “habitantium
1003 957 1135 996 super
1162 943 1323 991 terra‚'’
1349 944 1469 997 quod
1497 945 1587 984 sint
1620 945 1692 997 qui
1719 945 1763 984 in

270 1004 488 1056 ecclesia;
527 1006 598 1046 hic
626 1007 699 1059 qui
731 1007 774 1046 in
802 1006 931 1046 malis
958 1012 1004 1046 et
1031 1007 1135 1046 inde
1162 1006 1285 1046 falsis
1311 1007 1384 1054 ibi,
1413 1008 1478 1047 ita
1504 1009 1764 1060 quicontra

269 1068 389 1108 bona
420 1075 465 1108 et
498 1083 604 1109 vera
636 1069 752 1121 ejus:
793 1076 838 1109 et
872 1084 931 1109 ex
964 1069 1297 1122 significatione
1327 1071 1562 1122 “gaudere
1595 1078 1641 1111 et
1669 1071 1762 1112 lae-

269 1131 394 1180 tari‚”
417 1133 536 1185 quod
564 1133 634 1172 hic
659 1133 717 1173 sit
736 1132 982 1185 jucundum
1005 1133 1171 1172 amoris
1194 1133 1449 1184 infernalis;
1484 1148 1617 1175 omne
1644 1136 1762 1175 enim

269 1195 483 1246 gaudium
511 1202 556 1236 et
590 1197 735 1236 omnis
763 1195 940 1236 laetitia
972 1202 1043 1236 est
1075 1196 1255 1243 amoris,
1282 1197 1468 1249 quisque
1500 1199 1619 1238 enim
1651 1211 1762 1251 gau-

269 1258 347 1298 det
388 1265 434 1298 et
480 1258 679 1299 laetatur
719 1258 901 1312 quando
942 1258 1117 1298 favetur
1162 1258 1255 1310 ejus
1296 1260 1451 1308 amori,
1495 1267 1540 1301 et
1582 1261 1763 1314 quando

270 1323 524 1374 assequitur
556 1329 602 1362 et
641 1322 819 1362 obtinet
852 1322 971 1374 quod
1005 1328 1156 1371 amat;
1195 1322 1348 1370 verbo,
1383 1336 1516 1363 omne
1549 1324 1762 1376 gaudium

269 1385 464 1425 hominis
486 1386 692 1438 procedit
717 1399 775 1425 ex
799 1398 952 1425 amore
976 1384 1083 1437 ejus,
1109 1392 1154 1425 et
1179 1386 1324 1425 omnis
1348 1386 1534 1426 tristitia
1561 1393 1607 1427 et
1634 1386 1764 1427 dolor

269 1448 405 1488 animi
438 1462 495 1488 ex
529 1449 872 1501 oppugnatione
905 1449 1082 1488 amoris.
1147 1447 1280 1500 Quod
1318 1449 1493 1488 dicatur
1528 1450 1763 1502 “gaudere

268 1516 314 1550 et
339 1510 538 1559 laetari,'’
557 1518 627 1551 est
651 1518 836 1564 propter
855 1510 1112 1563 conjugium
1131 1510 1237 1550 boni
1261 1517 1306 1550 et
1327 1512 1417 1550 veri
1439 1525 1448 1561 ;
1479 1512 1730 1564 “gaudium
1744 1511 1763 1526 ''

269 1574 387 1614 enim
420 1574 706 1627 praedicatur
738 1574 794 1614 de
826 1574 947 1614 bono
978 1574 1081 1626 quia
1113 1574 1169 1613 de
1201 1586 1369 1622 amore,
1404 1581 1474 1614 est
1506 1576 1625 1615 enim
1658 1589 1761 1629 pro-

267 1637 361 1689 prie
385 1637 532 1677 cordis
555 1643 601 1677 et
625 1636 891 1685 voluntatis,
917 1643 963 1676 et
990 1635 1206 1676 “laetitia
1222 1636 1241 1650 ''
1264 1638 1552 1689 praedicatur
1573 1638 1629 1678 de
1656 1652 1763 1679 vero

268 1701 370 1753 quia
397 1700 454 1740 de
486 1699 579 1753 ejus
606 1714 773 1748 amore,
803 1707 873 1740 est
906 1700 1025 1740 enim
1053 1699 1230 1752 proprie
1263 1700 1399 1740 animi
1432 1707 1478 1740 et
1511 1700 1603 1753 ejus
1636 1702 1761 1755 cogi-

268 1764 484 1814 tationis;
517 1778 654 1817 quare
681 1764 844 1804 dicitur
870 1763 1122 1815 “gaudium
1151 1762 1329 1801 cordis”
1353 1769 1399 1802 et
1426 1762 1639 1804 “laetitia
1666 1765 1761 1804 ani-

269 1828 328 1867 mi
345 1826 379 1867 :”
411 1833 515 1867 sunt
535 1828 654 1867 enirn
673 1827 816 1866 ubivis
835 1827 878 1866 in
897 1825 1052 1865 Verbo
1071 1825 1203 1864 binae
1223 1826 1555 1877 expressiones,
1576 1840 1761 1879 quarum

268 1903 356 1930 una
388 1905 436 1930 se
467 1890 600 1930 refert
634 1890 691 1929 ad
723 1890 891 1929 bonum
924 1895 970 1929 et
1003 1888 1149 1928 altera
1181 1887 1237 1927 ad
1265 1902 1434 1937 verum,
1463 1895 1508 1929 et
1542 1890 1627 1930 hoc
1660 1891 1762 1943 quia

269 1951 525 2005 conjunctio
552 1953 657 1992 boni
684 1959 730 1992 et
753 1953 846 1992 veri
872 1952 978 1991 facit
1006 1957 1051 1991 et
1079 1950 1255 1991 caelum
1282 1958 1327 1991 et
1357 1951 1624 2002 ecclesiam;
1658 1953 1761 1993 inde

270 2023 365 2056 tam
404 2015 580 2056 caelum
618 2029 752 2069 quam
790 2014 984 2055 ecclesia
1016 2020 1305 2066 comparatur
1337 2014 1561 2067 conjugio,
1595 2029 1653 2055 ex
1691 2030 1759 2063 eo,

269 2079 389 2133 quod
418 2079 639 2119 Dominus
666 2079 843 2118 dicatur
876 2077 1077 2130 Sponsus
1111 2083 1156 2117 et
1190 2076 1395 2126 Maritus,
1424 2084 1469 2117 et
1503 2078 1677 2119 caelum
1710 2093 1760 2119 ac

269 2142 463 2184 ecclesia
486 2156 652 2196 sponsa
680 2149 726 2182 et
750 2155 892 2191 uxor3
927 2147 1203 2194 quapropter
1226 2141 1371 2179 omnis
1398 2142 1471 2193 qui
1498 2154 1587 2181 non
1614 2142 1657 2181 in
1684 2142 1762 2183 illo

269 2205 480 2258 conjugio
512 2211 597 2253 est,
628 2218 718 2244 non
751 2211 821 2244 est
855 2203 1046 2256 angelus
1079 2202 1205 2251 caeli,
1234 2216 1315 2243 nec
1348 2210 1418 2243 est
1451 2204 1588 2244 homo
1615 2205 1760 2246 eccle-

270 2270 388 2309 siae:
428 2282 564 2309 causa
595 2269 734 2308 etiam
767 2274 852 2315 est,
887 2267 989 2320 quia
1021 2267 1188 2306 bonum
1222 2266 1340 2318 apud
1373 2267 1598 2307 neminem
1630 2268 1762 2308 datur

270 2333 354 2372 nisi
376 2332 618 2372 formatum
642 2345 720 2384 per
744 2344 864 2378 vera,
886 2343 967 2370 nec
987 2342 1140 2369 verum
1165 2329 1283 2382 apud
1307 2328 1500 2382 aliquem
1524 2330 1657 2370 datur
1680 2332 1762 2371 nisi

270 2395 390 2449 quod
417 2395 528 2435 vivit
552 2408 610 2434 ex
638 2394 785 2443 bono;
820 2406 954 2433 omne
981 2393 1100 2432 enim
1123 2405 1279 2432 verum
1306 2398 1376 2432 est
1404 2392 1545 2432 forma
1571 2393 1690 2441 boni,
1715 2401 1761 2435 et

270 2471 405 2499 omne
437 2458 606 2498 bonum
639 2463 709 2497 est
744 2470 843 2497 esse
875 2456 995 2506 veri;
1034 2462 1080 2496 et
1113 2456 1216 2508 quia
1248 2468 1383 2494 unum
1416 2455 1584 2508 absque
1617 2456 1763 2497 altero

270 2535 362 2562 non
388 2521 534 2569 datur,
564 2521 764 2573 sequitur
791 2519 910 2572 quod
937 2518 1195 2571 conjugium
1223 2518 1328 2557 boni
1361 2524 1406 2557 et
1434 2519 1525 2558 veri
1553 2531 1761 2559 necessa-

269 2585 335 2624 rio
361 2597 461 2624 esse
487 2583 653 2623 debeat
681 2582 800 2635 apud
827 2582 1056 2621 hominem
1083 2579 1303 2620 ecclesiae
1330 2580 1445 2619 sicut
1476 2580 1593 2632 apud
1620 2593 1760 2632 ange-

271 2648 363 2687 lum
395 2646 534 2687 caeli:
574 2647 720 2686 omnis
752 2646 891 2685 etiam
924 2643 1232 2696 intelligentia
1264 2649 1310 2683 et
1343 2643 1567 2695 sapientia
1599 2649 1669 2682 est
1702 2657 1761 2682 ex

271 2710 349 2751 illo
375 2709 611 2762 conjugio;
645 2722 749 2748 nam
776 2722 835 2749 ex
862 2708 940 2748 illo
963 2713 1209 2747 nascuntur
1231 2706 1397 2758 jugiter
1422 2719 1528 2745 vera
1555 2712 1600 2745 et
1627 2706 1760 2753 bona,

271 2788 331 2814 ex
368 2774 526 2826 quibus
558 2772 775 2812 formatur
811 2769 1072 2811 intelle6³ms
1110 2776 1155 2810 et
1188 2769 1413 2809 voluntas.
1478 2768 1604 2808 Haec
1642 2766 1762 2808 dicta

272 2843 376 2877 sunt
419 2842 467 2876 ut
509 2836 676 2875 sciatur
717 2848 793 2874 cur
834 2834 997 2874 dicitur
1040 2833 1276 2885 “gaudere
1317 2838 1362 2872 et
1406 2831 1604 2878 laetari,‘'
1641 2831 1760 2883 quod

273 2913 434 2953 nempe
461 2899 564 2952 quia
593 2896 859 2951 “gaudere‘’
886 2897 1049 2937 dicitur
1076 2897 1131 2937 de
1164 2896 1284 2936 bono
1317 2908 1367 2935 ac
1401 2895 1456 2935 de
1489 2894 1580 2947 ejus
1607 2906 1759 2934 amore
