<?xml version="1.0" encoding="UTF-8"?>
<!DOCTYPE html PUBLIC "-//W3C//DTD XHTML 1.0 Transitional//EN"
    "http://www.w3.org/TR/xhtml1/DTD/xhtml1-transitional.dtd">
<html xmlns="http://www.w3.org/1999/xhtml" xml:lang="en" lang="en">
 <head>
  <title>
</title>
<meta http-equiv="Content-Type" content="text/html;charset=utf-8" />
  <meta name='ocr-system' content='tesseract 3.04.00' />
  <meta name='ocr-capabilities' content='ocr_page ocr_carea ocr_par ocr_line ocrx_word'/>
</head>
<body>
  <div class='ocr_page' id='page_1' title='image "apocalypsisexpli03sweduoft_0238.png"; bbox 0 0 1962 3334; ppageno 0'>
   <div class='ocr_carea' id='block_1_1' title="bbox 259 274 1333 319">
    <p class='ocr_par' dir='ltr' id='par_1_1' title="bbox 259 274 1333 319">
     <span class='ocr_line' id='line_1_1' title="bbox 259 274 1333 319; baseline 0.006 -13"><span class='ocrx_word' id='word_1_1' title='bbox 259 274 365 319; x_wconf 78' lang='lat'>1552</span> <span class='ocrx_word' id='word_1_2' title='bbox 674 275 1007 311; x_wconf 85' lang='lat' dir='ltr'>APOCALYPSIS</span> <span class='ocrx_word' id='word_1_3' title='bbox 1034 279 1333 312; x_wconf 89' lang='lat' dir='ltr'>EXPLICATA.</span> 
     </span>
    </p>
   </div>
   <div class='ocr_carea' id='block_1_2' title="bbox 251 387 1767 2157">
    <p class='ocr_par' dir='ltr' id='par_1_2' title="bbox 251 387 1752 1951">
     <span class='ocr_line' id='line_1_2' title="bbox 252 387 1752 445; baseline 0.003 -16"><span class='ocrx_word' id='word_1_4' title='bbox 252 388 326 442; x_wconf 90' lang='lat' dir='ltr'>qui</span> <span class='ocrx_word' id='word_1_5' title='bbox 354 387 571 430; x_wconf 80' lang='lat' dir='ltr'>facultate</span> <span class='ocrx_word' id='word_1_6' title='bbox 601 389 787 431; x_wconf 91' lang='lat' dir='ltr'>interius</span> <span class='ocrx_word' id='word_1_7' title='bbox 813 391 1047 444; x_wconf 86' lang='lat' dir='ltr'>cogitandi</span> <span class='ocrx_word' id='word_1_8' title='bbox 1074 392 1259 445; x_wconf 84' lang='lat' dir='ltr'>gaudet,</span> <span class='ocrx_word' id='word_1_9' title='bbox 1287 392 1439 433; x_wconf 88' lang='lat' dir='ltr'>videre</span> <span class='ocrx_word' id='word_1_10' title='bbox 1467 397 1648 445; x_wconf 89' lang='lat' dir='ltr'>potest;</span> <span class='ocrx_word' id='word_1_11' title='bbox 1681 397 1752 433; x_wconf 88' lang='lat' dir='ltr'>est</span> 
     </span>
     <span class='ocr_line' id='line_1_3' title="bbox 252 452 1752 508; baseline 0.003 -17"><span class='ocrx_word' id='word_1_12' title='bbox 252 452 371 492; x_wconf 90' lang='lat' dir='ltr'>enim</span> <span class='ocrx_word' id='word_1_13' title='bbox 410 452 624 493; x_wconf 90' lang='lat' dir='ltr'>Divinum</span> <span class='ocrx_word' id='word_1_14' title='bbox 663 454 930 506; x_wconf 82' lang='lat' dir='ltr'>procedens,</span> <span class='ocrx_word' id='word_1_15' title='bbox 970 455 1090 508; x_wconf 91' lang='lat' dir='ltr'>quod</span> <span class='ocrx_word' id='word_1_16' title='bbox 1127 461 1197 496; x_wconf 88' lang='lat' dir='ltr'>est</span> <span class='ocrx_word' id='word_1_17' title='bbox 1239 455 1451 495; x_wconf 88' lang='lat' dir='ltr'>Divinum</span> <span class='ocrx_word' id='word_1_18' title='bbox 1488 455 1663 495; x_wconf 91' lang='lat' dir='ltr'>Bonum</span> <span class='ocrx_word' id='word_1_19' title='bbox 1705 460 1752 495; x_wconf 93' lang='lat' dir='ltr'>et</span> 
     </span>
     <span class='ocr_line' id='line_1_4' title="bbox 252 514 1751 571; baseline 0.003 -16"><span class='ocrx_word' id='word_1_20' title='bbox 252 514 467 556; x_wconf 89' lang='lat' dir='ltr'>Divinum</span> <span class='ocrx_word' id='word_1_21' title='bbox 506 515 693 566; x_wconf 89' lang='lat' dir='ltr'>Verum,</span> <span class='ocrx_word' id='word_1_22' title='bbox 734 531 848 571; x_wconf 90' lang='lat' dir='ltr'>quae</span> <span class='ocrx_word' id='word_1_23' title='bbox 886 518 1057 559; x_wconf 90' lang='lat' dir='ltr'>homini</span> <span class='ocrx_word' id='word_1_24' title='bbox 1096 519 1207 559; x_wconf 89' lang='lat' dir='ltr'>dant</span> <span class='ocrx_word' id='word_1_25' title='bbox 1244 520 1385 559; x_wconf 86' lang='lat' dir='ltr'>vitam</span> <span class='ocrx_word' id='word_1_26' title='bbox 1425 525 1673 567; x_wconf 83' lang='lat' dir='ltr'>aeternam,</span> <span class='ocrx_word' id='word_1_27' title='bbox 1700 531 1751 559; x_wconf 89' lang='lat' dir='ltr'>ac</span> 
     </span>
     <span class='ocr_line' id='line_1_5' title="bbox 251 578 1750 631; baseline 0.003 -13"><span class='ocrx_word' id='word_1_28' title='bbox 251 578 418 619; x_wconf 89' lang='lat' dir='ltr'>faciunt</span> <span class='ocrx_word' id='word_1_29' title='bbox 438 585 486 619; x_wconf 90' lang='lat' dir='ltr'>ut</span> <span class='ocrx_word' id='word_1_30' title='bbox 510 579 734 621; x_wconf 87' lang='lat' dir='ltr'>Dominus</span> <span class='ocrx_word' id='word_1_31' title='bbox 757 581 800 621; x_wconf 91' lang='lat' dir='ltr'>in</span> <span class='ocrx_word' id='word_1_32' title='bbox 823 581 1006 622; x_wconf 92' lang='lat' dir='ltr'>homine</span> <span class='ocrx_word' id='word_1_33' title='bbox 1032 588 1078 623; x_wconf 89' lang='lat' dir='ltr'>et</span> <span class='ocrx_word' id='word_1_34' title='bbox 1101 582 1239 622; x_wconf 90' lang='lat' dir='ltr'>homo</span> <span class='ocrx_word' id='word_1_35' title='bbox 1262 583 1306 622; x_wconf 89' lang='lat' dir='ltr'>in</span> <span class='ocrx_word' id='word_1_36' title='bbox 1332 582 1530 622; x_wconf 92' lang='lat' dir='ltr'>Domino</span> <span class='ocrx_word' id='word_1_37' title='bbox 1553 589 1750 631; x_wconf 89' lang='lat' dir='ltr'>maneat,</span> 
     </span>
     <span class='ocr_line' id='line_1_6' title="bbox 251 643 1751 695; baseline 0.003 -13"><span class='ocrx_word' id='word_1_38' title='bbox 251 643 462 695; x_wconf 91' lang='lat' dir='ltr'>quoniam</span> <span class='ocrx_word' id='word_1_39' title='bbox 488 643 710 684; x_wconf 83' lang='lat' dir='ltr'>Dominus</span> <span class='ocrx_word' id='word_1_40' title='bbox 736 645 779 685; x_wconf 91' lang='lat' dir='ltr'>in</span> <span class='ocrx_word' id='word_1_41' title='bbox 806 645 988 686; x_wconf 89' lang='lat' dir='ltr'>homine</span> <span class='ocrx_word' id='word_1_42' title='bbox 1015 653 1085 686; x_wconf 91' lang='lat' dir='ltr'>est</span> <span class='ocrx_word' id='word_1_43' title='bbox 1118 647 1162 686; x_wconf 90' lang='lat' dir='ltr'>in</span> <span class='ocrx_word' id='word_1_44' title='bbox 1190 660 1270 686; x_wconf 91' lang='lat' dir='ltr'>suo</span> <span class='ocrx_word' id='word_1_45' title='bbox 1298 646 1477 694; x_wconf 89' lang='lat' dir='ltr'>Divino,</span> <span class='ocrx_word' id='word_1_46' title='bbox 1506 652 1552 687; x_wconf 93' lang='lat' dir='ltr'>et</span> <span class='ocrx_word' id='word_1_47' title='bbox 1585 659 1675 686; x_wconf 89' lang='lat' dir='ltr'>non</span> <span class='ocrx_word' id='word_1_48' title='bbox 1707 646 1751 686; x_wconf 91' lang='lat' dir='ltr'>in</span> 
     </span>
     <span class='ocr_line' id='line_1_7' title="bbox 252 705 1751 762; baseline 0.003 -17"><span class='ocrx_word' id='word_1_49' title='bbox 252 706 432 757; x_wconf 87' lang='lat' dir='ltr'>proprio</span> <span class='ocrx_word' id='word_1_50' title='bbox 459 705 678 757; x_wconf 89' lang='lat' dir='ltr'>hominis;</span> <span class='ocrx_word' id='word_1_51' title='bbox 717 707 802 748; x_wconf 93' lang='lat' dir='ltr'>hoc</span> <span class='ocrx_word' id='word_1_52' title='bbox 830 709 950 748; x_wconf 91' lang='lat' dir='ltr'>enim</span> <span class='ocrx_word' id='word_1_53' title='bbox 977 722 1066 749; x_wconf 91' lang='lat' dir='ltr'>non</span> <span class='ocrx_word' id='word_1_54' title='bbox 1094 715 1163 749; x_wconf 85' lang='lat' dir='ltr'>est</span> <span class='ocrx_word' id='word_1_55' title='bbox 1197 709 1279 749; x_wconf 86' lang='lat' dir='ltr'>nisi</span> <span class='ocrx_word' id='word_1_56' title='bbox 1311 722 1444 762; x_wconf 88' lang='lat' dir='ltr'>quam</span> <span class='ocrx_word' id='word_1_57' title='bbox 1477 707 1672 759; x_wconf 90' lang='lat' dir='ltr'>malum;</span> <span class='ocrx_word' id='word_1_58' title='bbox 1705 715 1751 749; x_wconf 89' lang='lat' dir='ltr'>et</span> 
     </span>
     <span class='ocr_line' id='line_1_8' title="bbox 253 767 1749 825; baseline 0.003 -18"><span class='ocrx_word' id='word_1_59' title='bbox 253 767 474 809; x_wconf 85' lang='lat' dir='ltr'>Dominus</span> <span class='ocrx_word' id='word_1_60' title='bbox 500 770 544 809; x_wconf 92' lang='lat' dir='ltr'>in</span> <span class='ocrx_word' id='word_1_61' title='bbox 577 770 759 811; x_wconf 90' lang='lat' dir='ltr'>homine</span> <span class='ocrx_word' id='word_1_62' title='bbox 786 778 870 819; x_wconf 88' lang='lat' dir='ltr'>est,</span> <span class='ocrx_word' id='word_1_63' title='bbox 900 778 946 812; x_wconf 93' lang='lat' dir='ltr'>et</span> <span class='ocrx_word' id='word_1_64' title='bbox 979 772 1116 813; x_wconf 90' lang='lat' dir='ltr'>homo</span> <span class='ocrx_word' id='word_1_65' title='bbox 1148 773 1191 812; x_wconf 92' lang='lat' dir='ltr'>in</span> <span class='ocrx_word' id='word_1_66' title='bbox 1220 772 1432 821; x_wconf 91' lang='lat' dir='ltr'>Domino,</span> <span class='ocrx_word' id='word_1_67' title='bbox 1461 772 1643 825; x_wconf 90' lang='lat' dir='ltr'>quando</span> <span class='ocrx_word' id='word_1_68' title='bbox 1669 772 1749 812; x_wconf 89' lang='lat' dir='ltr'>Di-</span> 
     </span>
     <span class='ocr_line' id='line_1_9' title="bbox 251 832 1751 888; baseline 0.003 -17"><span class='ocrx_word' id='word_1_69' title='bbox 251 832 403 872; x_wconf 90' lang='lat' dir='ltr'>vinum</span> <span class='ocrx_word' id='word_1_70' title='bbox 446 833 699 885; x_wconf 81' lang='lat' dir='ltr'><strong>procedens</strong></span> <span class='ocrx_word' id='word_1_71' title='bbox 745 847 824 887; x_wconf 87' lang='lat' dir='ltr'>per</span> <span class='ocrx_word' id='word_1_72' title='bbox 864 834 1033 887; x_wconf 88' lang='lat' dir='ltr'>justam</span> <span class='ocrx_word' id='word_1_73' title='bbox 1079 836 1390 888; x_wconf 82' lang='lat' dir='ltr'>receptionem</span> <span class='ocrx_word' id='word_1_74' title='bbox 1437 836 1751 888; x_wconf 82' lang='lat' dir='ltr'>appropriatur</span> 
     </span>
     <span class='ocr_line' id='line_1_10' title="bbox 251 894 1750 951; baseline 0.003 -16"><span class='ocrx_word' id='word_1_75' title='bbox 251 894 446 936; x_wconf 86' lang='lat' dir='ltr'>homini:</span> <span class='ocrx_word' id='word_1_76' title='bbox 492 897 589 950; x_wconf 89' lang='lat' dir='ltr'>ipsa</span> <span class='ocrx_word' id='word_1_77' title='bbox 625 898 934 950; x_wconf 81' lang='lat' dir='ltr'>appropriatio</span> <span class='ocrx_word' id='word_1_78' title='bbox 970 898 1248 951; x_wconf 85' lang='lat' dir='ltr'>significatur</span> <span class='ocrx_word' id='word_1_79' title='bbox 1285 912 1364 951; x_wconf 89' lang='lat' dir='ltr'>per</span> <span class='ocrx_word' id='word_1_80' title='bbox 1397 899 1750 939; x_wconf 87' lang='lat' dir='ltr'>“manducatio-</span> 
     </span>
     <span class='ocr_line' id='line_1_11' title="bbox 252 958 1752 1015; baseline 0.003 -17"><span class='ocrx_word' id='word_1_81' title='bbox 252 971 355 998; x_wconf 90' lang='lat' dir='ltr'>nem</span> <span class='ocrx_word' id='word_1_82' title='bbox 373 958 407 1009; x_wconf 87' lang='lat'>;&#39;&#39;</span> <span class='ocrx_word' id='word_1_83' title='bbox 446 959 658 1000; x_wconf 89' lang='lat' dir='ltr'>Divinum</span> <span class='ocrx_word' id='word_1_84' title='bbox 693 960 869 1001; x_wconf 87' lang='lat' dir='ltr'>Bonum</span> <span class='ocrx_word' id='word_1_85' title='bbox 904 962 1170 1014; x_wconf 84' lang='lat' dir='ltr'>procedens.</span> <span class='ocrx_word' id='word_1_86' title='bbox 1205 975 1283 1014; x_wconf 90' lang='lat' dir='ltr'>per</span> <span class='ocrx_word' id='word_1_87' title='bbox 1311 962 1563 1002; x_wconf 87' lang='lat' dir='ltr'>“carnem’&#39;</span> <span class='ocrx_word' id='word_1_88' title='bbox 1595 968 1641 1002; x_wconf 90' lang='lat' dir='ltr'>et</span> <span class='ocrx_word' id='word_1_89' title='bbox 1673 975 1752 1015; x_wconf 92' lang='lat' dir='ltr'>per</span> 
     </span>
     <span class='ocr_line' id='line_1_12' title="bbox 253 1023 1749 1078; baseline 0.003 -16"><span class='ocrx_word' id='word_1_90' title='bbox 253 1024 455 1074; x_wconf 91' lang='lat' dir='ltr'>“panem</span> <span class='ocrx_word' id='word_1_91' title='bbox 473 1023 506 1073; x_wconf 90' lang='lat'>;&#39;&#39;</span> <span class='ocrx_word' id='word_1_92' title='bbox 538 1030 584 1064; x_wconf 92' lang='lat' dir='ltr'>et</span> <span class='ocrx_word' id='word_1_93' title='bbox 610 1024 821 1065; x_wconf 91' lang='lat' dir='ltr'>Divinum</span> <span class='ocrx_word' id='word_1_94' title='bbox 840 1024 1011 1065; x_wconf 89' lang='lat' dir='ltr'>Verum</span> <span class='ocrx_word' id='word_1_95' title='bbox 1031 1026 1295 1078; x_wconf 82' lang='lat' dir='ltr'>procedens,</span> <span class='ocrx_word' id='word_1_96' title='bbox 1316 1039 1394 1078; x_wconf 86' lang='lat' dir='ltr'>per</span> <span class='ocrx_word' id='word_1_97' title='bbox 1413 1029 1438 1045; x_wconf 89' lang='lat'>“</span> <span class='ocrx_word' id='word_1_98' title='bbox 1452 1024 1749 1078; x_wconf 84' lang='lat' dir='ltr'>sanguinem”</span> 
     </span>
     <span class='ocr_line' id='line_1_13' title="bbox 251 1086 1751 1142; baseline 0.003 -17"><span class='ocrx_word' id='word_1_99' title='bbox 251 1091 297 1125; x_wconf 92' lang='lat' dir='ltr'>et</span> <span class='ocrx_word' id='word_1_100' title='bbox 315 1098 394 1138; x_wconf 91' lang='lat' dir='ltr'>per</span> <span class='ocrx_word' id='word_1_101' title='bbox 410 1089 435 1105; x_wconf 88' lang='lat'>“</span> <span class='ocrx_word' id='word_1_102' title='bbox 448 1086 599 1127; x_wconf 90' lang='lat' dir='ltr'>vinum</span> <span class='ocrx_word' id='word_1_103' title='bbox 618 1086 652 1127; x_wconf 86' lang='lat'>:’&#39;</span> <span class='ocrx_word' id='word_1_104' title='bbox 674 1087 880 1128; x_wconf 90' lang='lat' dir='ltr'>similiter</span> <span class='ocrx_word' id='word_1_105' title='bbox 893 1089 1013 1142; x_wconf 92' lang='lat' dir='ltr'>quod</span> <span class='ocrx_word' id='word_1_106' title='bbox 1032 1089 1074 1128; x_wconf 90' lang='lat' dir='ltr'>in</span> <span class='ocrx_word' id='word_1_107' title='bbox 1094 1088 1331 1137; x_wconf 90' lang='lat' dir='ltr'>sacrificiis,</span> <span class='ocrx_word' id='word_1_108' title='bbox 1346 1090 1389 1129; x_wconf 91' lang='lat' dir='ltr'>in</span> <span class='ocrx_word' id='word_1_109' title='bbox 1404 1089 1563 1142; x_wconf 91' lang='lat' dir='ltr'>quibus</span> <span class='ocrx_word' id='word_1_110' title='bbox 1578 1091 1603 1109; x_wconf 87' lang='lat'><em>“</em></span> <span class='ocrx_word' id='word_1_111' title='bbox 1616 1087 1751 1129; x_wconf 87' lang='lat' dir='ltr'>caro&#39;’</span> 
     </span>
     <span class='ocr_line' id='line_1_14' title="bbox 251 1149 1749 1204; baseline 0.003 -16"><span class='ocrx_word' id='word_1_112' title='bbox 251 1154 296 1189; x_wconf 89' lang='lat' dir='ltr'>et</span> <span class='ocrx_word' id='word_1_113' title='bbox 322 1149 580 1198; x_wconf 91' lang='lat' dir='ltr'>“mincha‚”</span> <span class='ocrx_word' id='word_1_114' title='bbox 602 1164 716 1203; x_wconf 91' lang='lat' dir='ltr'>quae</span> <span class='ocrx_word' id='word_1_115' title='bbox 739 1157 835 1191; x_wconf 88' lang='lat' dir='ltr'>erat</span> <span class='ocrx_word' id='word_1_116' title='bbox 860 1152 1001 1204; x_wconf 88' lang='lat' dir='ltr'>panis,</span> <span class='ocrx_word' id='word_1_117' title='bbox 1026 1151 1344 1204; x_wconf 87' lang='lat' dir='ltr'>significabant</span> <span class='ocrx_word' id='word_1_118' title='bbox 1367 1152 1535 1192; x_wconf 92' lang='lat' dir='ltr'>bonum</span> <span class='ocrx_word' id='word_1_119' title='bbox 1559 1152 1749 1201; x_wconf 85' lang='lat' dir='ltr'>amoris;</span> 
     </span>
     <span class='ocr_line' id='line_1_15' title="bbox 251 1212 1750 1268; baseline 0.003 -17"><span class='ocrx_word' id='word_1_120' title='bbox 251 1225 302 1252; x_wconf 92' lang='lat' dir='ltr'>ac</span> <span class='ocrx_word' id='word_1_121' title='bbox 327 1212 580 1265; x_wconf 87' lang='lat' dir='ltr'>“sanguis&#39;’</span> <span class='ocrx_word' id='word_1_122' title='bbox 604 1220 650 1254; x_wconf 93' lang='lat' dir='ltr'>et</span> <span class='ocrx_word' id='word_1_123' title='bbox 679 1214 909 1263; x_wconf 86' lang='lat' dir='ltr'>“vinum,&#39;&#39;</span> <span class='ocrx_word' id='word_1_124' title='bbox 931 1215 1050 1268; x_wconf 91' lang='lat' dir='ltr'>quod</span> <span class='ocrx_word' id='word_1_125' title='bbox 1075 1222 1172 1255; x_wconf 87' lang='lat' dir='ltr'>erat</span> <span class='ocrx_word' id='word_1_126' title='bbox 1200 1215 1410 1264; x_wconf 88' lang='lat' dir='ltr'>libamen,</span> <span class='ocrx_word' id='word_1_127' title='bbox 1436 1213 1750 1267; x_wconf 86' lang='lat' dir='ltr'>significabant</span> 
     </span>
     <span class='ocr_line' id='line_1_16' title="bbox 251 1276 1752 1332; baseline 0.002 -17"><span class='ocrx_word' id='word_1_128' title='bbox 251 1289 406 1316; x_wconf 89' lang='lat' dir='ltr'>verum</span> <span class='ocrx_word' id='word_1_129' title='bbox 434 1290 493 1316; x_wconf 83' lang='lat' dir='ltr'>ex</span> <span class='ocrx_word' id='word_1_130' title='bbox 520 1276 599 1317; x_wconf 93' lang='lat' dir='ltr'>illo</span> <span class='ocrx_word' id='word_1_131' title='bbox 623 1277 775 1328; x_wconf 89' lang='lat' dir='ltr'>bono;</span> <span class='ocrx_word' id='word_1_132' title='bbox 814 1284 1051 1332; x_wconf 89' lang='lat' dir='ltr'>utrumque</span> <span class='ocrx_word' id='word_1_133' title='bbox 1085 1293 1110 1318; x_wconf 88' lang='lat' dir='ltr'>a</span> <span class='ocrx_word' id='word_1_134' title='bbox 1143 1279 1353 1319; x_wconf 91' lang='lat' dir='ltr'>Domino.</span> <span class='ocrx_word' id='word_1_135' title='bbox 1416 1277 1641 1331; x_wconf 80' lang='lat' dir='ltr'>Quoniam</span> <span class='ocrx_word' id='word_1_136' title='bbox 1673 1291 1752 1331; x_wconf 91' lang='lat' dir='ltr'>per</span> 
     </span>
     <span class='ocr_line' id='line_1_17' title="bbox 254 1339 1749 1394; baseline 0.002 -15"><span class='ocrx_word' id='word_1_137' title='bbox 254 1339 506 1380; x_wconf 77' lang='lat' dir='ltr'>“carnem”</span> <span class='ocrx_word' id='word_1_138' title='bbox 539 1346 585 1381; x_wconf 89' lang='lat' dir='ltr'>et</span> <span class='ocrx_word' id='word_1_139' title='bbox 620 1341 852 1394; x_wconf 85' lang='lat' dir='ltr'>“panem’&#39;</span> <span class='ocrx_word' id='word_1_140' title='bbox 877 1341 1156 1394; x_wconf 85' lang='lat' dir='ltr'>significatur</span> <span class='ocrx_word' id='word_1_141' title='bbox 1190 1342 1401 1382; x_wconf 90' lang='lat' dir='ltr'>Divinum</span> <span class='ocrx_word' id='word_1_142' title='bbox 1435 1342 1611 1382; x_wconf 90' lang='lat' dir='ltr'>Bonum</span> <span class='ocrx_word' id='word_1_143' title='bbox 1645 1355 1749 1394; x_wconf 88' lang='lat' dir='ltr'>pro-</span> 
     </span>
     <span class='ocr_line' id='line_1_18' title="bbox 253 1402 1751 1457; baseline 0.002 -15"><span class='ocrx_word' id='word_1_144' title='bbox 253 1402 434 1451; x_wconf 84' lang='lat' dir='ltr'>cedens,</span> <span class='ocrx_word' id='word_1_145' title='bbox 462 1417 513 1444; x_wconf 90' lang='lat' dir='ltr'>ac</span> <span class='ocrx_word' id='word_1_146' title='bbox 541 1417 623 1456; x_wconf 90' lang='lat' dir='ltr'>per</span> <span class='ocrx_word' id='word_1_147' title='bbox 651 1404 985 1457; x_wconf 84' lang='lat' dir='ltr'>“sanguinem”</span> <span class='ocrx_word' id='word_1_148' title='bbox 1011 1411 1057 1445; x_wconf 91' lang='lat' dir='ltr'>et</span> <span class='ocrx_word' id='word_1_149' title='bbox 1087 1405 1276 1445; x_wconf 88' lang='lat' dir='ltr'>“vinum</span> <span class='ocrx_word' id='word_1_150' title='bbox 1292 1405 1311 1419; x_wconf 91' lang='lat'><strong>”</strong></span> <span class='ocrx_word' id='word_1_151' title='bbox 1339 1405 1551 1445; x_wconf 88' lang='lat' dir='ltr'>Divinum</span> <span class='ocrx_word' id='word_1_152' title='bbox 1579 1404 1751 1445; x_wconf 90' lang='lat' dir='ltr'>Verum</span> 
     </span>
     <span class='ocr_line' id='line_1_19' title="bbox 252 1465 1752 1520; baseline 0.001 -15"><span class='ocrx_word' id='word_1_153' title='bbox 252 1465 518 1518; x_wconf 87' lang='lat' dir='ltr'>procedens,</span> <span class='ocrx_word' id='word_1_154' title='bbox 561 1467 663 1507; x_wconf 91' lang='lat' dir='ltr'>ideo</span> <span class='ocrx_word' id='word_1_155' title='bbox 704 1480 783 1519; x_wconf 89' lang='lat' dir='ltr'>per</span> <span class='ocrx_word' id='word_1_156' title='bbox 822 1467 1076 1508; x_wconf 85' lang='lat' dir='ltr'>“carnem”</span> <span class='ocrx_word' id='word_1_157' title='bbox 1117 1475 1163 1509; x_wconf 91' lang='lat' dir='ltr'>et</span> <span class='ocrx_word' id='word_1_158' title='bbox 1207 1468 1439 1520; x_wconf 83' lang='lat' dir='ltr'>“panem&#39;’</span> <span class='ocrx_word' id='word_1_159' title='bbox 1481 1467 1752 1520; x_wconf 86' lang='lat' dir='ltr'>intelligitur</span> 
     </span>
     <span class='ocr_line' id='line_1_20' title="bbox 253 1529 1751 1584; baseline 0.001 -15"><span class='ocrx_word' id='word_1_160' title='bbox 253 1529 356 1582; x_wconf 90' lang='lat' dir='ltr'>Ipse</span> <span class='ocrx_word' id='word_1_161' title='bbox 380 1529 602 1570; x_wconf 86' lang='lat' dir='ltr'>Dominus</span> <span class='ocrx_word' id='word_1_162' title='bbox 621 1531 771 1584; x_wconf 89' lang='lat' dir='ltr'>quoad</span> <span class='ocrx_word' id='word_1_163' title='bbox 795 1530 1008 1571; x_wconf 88' lang='lat' dir='ltr'>Divinum</span> <span class='ocrx_word' id='word_1_164' title='bbox 1029 1531 1221 1580; x_wconf 91' lang='lat' dir='ltr'>Bonum,</span> <span class='ocrx_word' id='word_1_165' title='bbox 1241 1544 1291 1571; x_wconf 87' lang='lat' dir='ltr'>ac</span> <span class='ocrx_word' id='word_1_166' title='bbox 1317 1545 1395 1583; x_wconf 90' lang='lat' dir='ltr'>per</span> <span class='ocrx_word' id='word_1_167' title='bbox 1414 1531 1718 1584; x_wconf 87' lang='lat' dir='ltr'>“sanguinem</span> <span class='ocrx_word' id='word_1_168' title='bbox 1732 1529 1751 1545; x_wconf 83' lang='lat'>’¹</span> 
     </span>
     <span class='ocr_line' id='line_1_21' title="bbox 252 1587 1751 1648; baseline 0.001 -15"><span class='ocrx_word' id='word_1_169' title='bbox 252 1600 298 1633; x_wconf 91' lang='lat' dir='ltr'>et</span> <span class='ocrx_word' id='word_1_170' title='bbox 333 1593 554 1633; x_wconf 85' lang='lat' dir='ltr'>“vinum’&#39;</span> <span class='ocrx_word' id='word_1_171' title='bbox 583 1594 684 1647; x_wconf 90' lang='lat' dir='ltr'>Ipse</span> <span class='ocrx_word' id='word_1_172' title='bbox 713 1594 935 1634; x_wconf 86' lang='lat' dir='ltr'>Dominus</span> <span class='ocrx_word' id='word_1_173' title='bbox 961 1594 1110 1648; x_wconf 90' lang='lat' dir='ltr'>quoad</span> <span class='ocrx_word' id='word_1_174' title='bbox 1145 1595 1360 1635; x_wconf 89' lang='lat' dir='ltr'>Divinum</span> <span class='ocrx_word' id='word_1_175' title='bbox 1393 1587 1591 1635; x_wconf 83' lang='lat' dir='ltr'>Verum:</span> <span class='ocrx_word' id='word_1_176' title='bbox 1630 1593 1751 1647; x_wconf 90' lang='lat' dir='ltr'>quod</span> 
     </span>
     <span class='ocr_line' id='line_1_22' title="bbox 252 1656 1751 1711; baseline 0.001 -15"><span class='ocrx_word' id='word_1_177' title='bbox 252 1656 356 1709; x_wconf 89' lang='lat' dir='ltr'>Ipse</span> <span class='ocrx_word' id='word_1_178' title='bbox 384 1656 608 1697; x_wconf 90' lang='lat' dir='ltr'>Dominus</span> <span class='ocrx_word' id='word_1_179' title='bbox 633 1657 918 1710; x_wconf 83' lang='lat' dir='ltr'>intelligatur</span> <span class='ocrx_word' id='word_1_180' title='bbox 949 1671 1028 1710; x_wconf 92' lang='lat' dir='ltr'>per</span> <span class='ocrx_word' id='word_1_181' title='bbox 1059 1657 1149 1705; x_wconf 91' lang='lat' dir='ltr'>illa,</span> <span class='ocrx_word' id='word_1_182' title='bbox 1178 1665 1247 1698; x_wconf 89' lang='lat' dir='ltr'>est</span> <span class='ocrx_word' id='word_1_183' title='bbox 1280 1659 1382 1711; x_wconf 90' lang='lat' dir='ltr'>quia</span> <span class='ocrx_word' id='word_1_184' title='bbox 1410 1658 1621 1698; x_wconf 89' lang='lat' dir='ltr'>Divinum</span> <span class='ocrx_word' id='word_1_185' title='bbox 1648 1671 1751 1710; x_wconf 88' lang='lat' dir='ltr'>pro-</span> 
     </span>
     <span class='ocr_line' id='line_1_23' title="bbox 253 1720 1752 1774; baseline 0.001 -14"><span class='ocrx_word' id='word_1_186' title='bbox 253 1720 419 1760; x_wconf 91' lang='lat' dir='ltr'>cedens</span> <span class='ocrx_word' id='word_1_187' title='bbox 452 1727 522 1769; x_wconf 87' lang='lat' dir='ltr'>est</span> <span class='ocrx_word' id='word_1_188' title='bbox 561 1720 663 1773; x_wconf 92' lang='lat' dir='ltr'>Ipse</span> <span class='ocrx_word' id='word_1_189' title='bbox 698 1721 921 1761; x_wconf 88' lang='lat' dir='ltr'>Dominus</span> <span class='ocrx_word' id='word_1_190' title='bbox 958 1722 1002 1761; x_wconf 91' lang='lat' dir='ltr'>in</span> <span class='ocrx_word' id='word_1_191' title='bbox 1035 1721 1164 1762; x_wconf 87' lang='lat' dir='ltr'>caelo</span> <span class='ocrx_word' id='word_1_192' title='bbox 1196 1728 1241 1762; x_wconf 91' lang='lat' dir='ltr'>et</span> <span class='ocrx_word' id='word_1_193' title='bbox 1280 1722 1323 1761; x_wconf 91' lang='lat' dir='ltr'>in</span> <span class='ocrx_word' id='word_1_194' title='bbox 1356 1721 1573 1772; x_wconf 88' lang='lat' dir='ltr'>ecclesia;</span> <span class='ocrx_word' id='word_1_195' title='bbox 1616 1735 1752 1774; x_wconf 92' lang='lat' dir='ltr'>quare</span> 
     </span>
     <span class='ocr_line' id='line_1_24' title="bbox 253 1783 1752 1837; baseline 0.001 -14"><span class='ocrx_word' id='word_1_196' title='bbox 253 1783 363 1824; x_wconf 93' lang='lat' dir='ltr'>dicit</span> <span class='ocrx_word' id='word_1_197' title='bbox 383 1783 605 1824; x_wconf 89' lang='lat' dir='ltr'>Dominus</span> <span class='ocrx_word' id='word_1_198' title='bbox 624 1784 680 1824; x_wconf 92' lang='lat' dir='ltr'>de</span> <span class='ocrx_word' id='word_1_199' title='bbox 701 1783 773 1832; x_wconf 85' lang='lat' dir='ltr'>Se,</span> <span class='ocrx_word' id='word_1_200' title='bbox 795 1788 820 1803; x_wconf 93' lang='lat'>“</span> <span class='ocrx_word' id='word_1_201' title='bbox 840 1783 926 1824; x_wconf 91' lang='lat' dir='ltr'>Hic</span> <span class='ocrx_word' id='word_1_202' title='bbox 946 1791 1016 1825; x_wconf 90' lang='lat' dir='ltr'>est</span> <span class='ocrx_word' id='word_1_203' title='bbox 1035 1785 1162 1836; x_wconf 90' lang='lat' dir='ltr'>panis</span> <span class='ocrx_word' id='word_1_204' title='bbox 1181 1785 1253 1837; x_wconf 88' lang='lat' dir='ltr'>qui</span> <span class='ocrx_word' id='word_1_205' title='bbox 1277 1799 1299 1824; x_wconf 93' lang='lat' dir='ltr'>e</span> <span class='ocrx_word' id='word_1_206' title='bbox 1319 1784 1446 1825; x_wconf 90' lang='lat' dir='ltr'>caelo</span> <span class='ocrx_word' id='word_1_207' title='bbox 1464 1784 1700 1824; x_wconf 90' lang='lat' dir='ltr'>descendit</span> <span class='ocrx_word' id='word_1_208' title='bbox 1719 1783 1752 1833; x_wconf 89' lang='lat'>;&#39;&#39;</span> 
     </span>
     <span class='ocr_line' id='line_1_25' title="bbox 253 1846 1750 1900; baseline 0.001 -14"><span class='ocrx_word' id='word_1_209' title='bbox 253 1853 363 1895; x_wconf 87' lang='lat' dir='ltr'>tum,</span> <span class='ocrx_word' id='word_1_210' title='bbox 394 1846 521 1899; x_wconf 77' lang='lat' dir='ltr'>“Qui</span> <span class='ocrx_word' id='word_1_211' title='bbox 548 1847 750 1888; x_wconf 89' lang='lat' dir='ltr'>comedit</span> <span class='ocrx_word' id='word_1_212' title='bbox 781 1853 829 1888; x_wconf 92' lang='lat' dir='ltr'>et</span> <span class='ocrx_word' id='word_1_213' title='bbox 861 1848 973 1888; x_wconf 89' lang='lat' dir='ltr'>bibit</span> <span class='ocrx_word' id='word_1_214' title='bbox 1005 1847 1096 1897; x_wconf 92' lang='lat' dir='ltr'>illa,</span> <span class='ocrx_word' id='word_1_215' title='bbox 1123 1848 1167 1888; x_wconf 92' lang='lat' dir='ltr'>in</span> <span class='ocrx_word' id='word_1_216' title='bbox 1201 1847 1276 1888; x_wconf 92' lang='lat' dir='ltr'>Me</span> <span class='ocrx_word' id='word_1_217' title='bbox 1309 1854 1462 1888; x_wconf 89' lang='lat' dir='ltr'>manet</span> <span class='ocrx_word' id='word_1_218' title='bbox 1493 1853 1539 1888; x_wconf 88' lang='lat' dir='ltr'>et</span> <span class='ocrx_word' id='word_1_219' title='bbox 1573 1846 1676 1900; x_wconf 87' lang='lat' dir='ltr'>Ego</span> <span class='ocrx_word' id='word_1_220' title='bbox 1708 1847 1750 1887; x_wconf 94' lang='lat' dir='ltr'>in</span> 
     </span>
     <span class='ocr_line' id='line_1_26' title="bbox 252 1909 369 1951; baseline 0.009 -1"><span class='ocrx_word' id='word_1_221' title='bbox 252 1909 369 1951; x_wconf 87' lang='lat' dir='ltr'>illo.&#39;&#39;</span> 
     </span>
    </p>

    <p class='ocr_par' dir='ltr' id='par_1_3' title="bbox 254 1977 1767 2157">
     <span class='ocr_line' id='line_1_27' title="bbox 337 1977 1750 2032; baseline -0.001 -13"><span class='ocrx_word' id='word_1_222' title='bbox 337 1977 427 2032; x_wconf 60' lang='grc' dir='ltr'>[ὠ]</span> <span class='ocrx_word' id='word_1_223' title='bbox 469 1978 697 2031; x_wconf 78' lang='lat' dir='ltr'>Quoniam</span> <span class='ocrx_word' id='word_1_224' title='bbox 727 1978 928 2032; x_wconf 81' lang='lat' dir='ltr'>“panis&#39;’</span> <span class='ocrx_word' id='word_1_225' title='bbox 953 1978 1180 2032; x_wconf 84' lang='lat' dir='ltr'>significat</span> <span class='ocrx_word' id='word_1_226' title='bbox 1212 1978 1460 2019; x_wconf 91' lang='lat' dir='ltr'>Dominum</span> <span class='ocrx_word' id='word_1_227' title='bbox 1487 1978 1636 2031; x_wconf 89' lang='lat' dir='ltr'>quoad</span> <span class='ocrx_word' id='word_1_228' title='bbox 1669 1978 1750 2018; x_wconf 90' lang='lat' dir='ltr'>Di-</span> 
     </span>
     <span class='ocr_line' id='line_1_28' title="bbox 254 2040 1767 2094; baseline 0 -14"><span class='ocrx_word' id='word_1_229' title='bbox 254 2041 408 2081; x_wconf 87' lang='lat' dir='ltr'>vinum</span> <span class='ocrx_word' id='word_1_230' title='bbox 442 2040 631 2089; x_wconf 89' lang='lat' dir='ltr'>Bonum,</span> <span class='ocrx_word' id='word_1_231' title='bbox 665 2047 711 2081; x_wconf 90' lang='lat' dir='ltr'>et</span> <span class='ocrx_word' id='word_1_232' title='bbox 740 2041 1018 2081; x_wconf 86' lang='lat' dir='ltr'>“comedere</span> <span class='ocrx_word' id='word_1_233' title='bbox 1031 2040 1050 2055; x_wconf 92' lang='lat'>“</span> <span class='ocrx_word' id='word_1_234' title='bbox 1077 2041 1201 2081; x_wconf 91' lang='lat' dir='ltr'>illum</span> <span class='ocrx_word' id='word_1_235' title='bbox 1235 2040 1458 2094; x_wconf 82' lang='lat' dir='ltr'>significat</span> <span class='ocrx_word' id='word_1_236' title='bbox 1490 2040 1767 2093; x_wconf 86' lang='lat' dir='ltr'>appropria--</span> 
     </span>
     <span class='ocr_line' id='line_1_29' title="bbox 254 2102 1036 2157; baseline 0 -13"><span class='ocrx_word' id='word_1_237' title='bbox 254 2104 426 2145; x_wconf 89' lang='lat' dir='ltr'>tionem</span> <span class='ocrx_word' id='word_1_238' title='bbox 453 2110 498 2144; x_wconf 91' lang='lat' dir='ltr'>et</span> <span class='ocrx_word' id='word_1_239' title='bbox 526 2102 906 2157; x_wconf 65' lang='lat' dir='ltr'>conjunctionem,</span> <span class='ocrx_word' id='word_1_240' title='bbox 933 2104 1036 2145; x_wconf 93' lang='lat' dir='ltr'>ideo</span> 
     </span>
    </p>
   </div>
   <div class='ocr_carea' id='block_1_3' title="bbox 321 2208 1754 2338">
    <p class='ocr_par' dir='ltr' id='par_1_4' title="bbox 321 2208 1754 2338">
     <span class='ocr_line' id='line_1_30' title="bbox 321 2208 1752 2250; baseline -0.001 -9"><span class='ocrx_word' id='word_1_241' title='bbox 321 2209 411 2242; x_wconf 91' lang='lat' dir='ltr'>Cum</span> <span class='ocrx_word' id='word_1_242' title='bbox 434 2210 612 2241; x_wconf 89' lang='lat' dir='ltr'>Dominus</span> <span class='ocrx_word' id='word_1_243' title='bbox 633 2210 677 2241; x_wconf 89' lang='lat' dir='ltr'>Se</span> <span class='ocrx_word' id='word_1_244' title='bbox 701 2220 820 2241; x_wconf 89' lang='lat' dir='ltr'>coram</span> <span class='ocrx_word' id='word_1_245' title='bbox 841 2210 1024 2250; x_wconf 87' lang='lat' dir='ltr'>discipulis</span> <span class='ocrx_word' id='word_1_246' title='bbox 1050 2216 1132 2250; x_wconf 86' lang='lat' dir='ltr'>post</span> <span class='ocrx_word' id='word_1_247' title='bbox 1156 2216 1309 2241; x_wconf 88' lang='lat' dir='ltr'>mortem</span> <span class='ocrx_word' id='word_1_248' title='bbox 1334 2209 1588 2246; x_wconf 78' lang='lat' dir='ltr'>manifestavit,</span> <span class='ocrx_word' id='word_1_249' title='bbox 1609 2208 1752 2250; x_wconf 91' lang='lat' dir='ltr'>quando</span> 
     </span>
     <span class='ocr_line' id='line_1_31' title="bbox 430 2254 1754 2294; baseline -0.002 -9"><span class='ocrx_word' id='word_1_250' title='bbox 430 2264 559 2294; x_wconf 89' lang='lat' dir='ltr'>panem</span> <span class='ocrx_word' id='word_1_251' title='bbox 581 2254 686 2294; x_wconf 83' lang='lat' dir='ltr'>fregit</span> <span class='ocrx_word' id='word_1_252' title='bbox 705 2261 740 2285; x_wconf 89' lang='lat' dir='ltr'>et</span> <span class='ocrx_word' id='word_1_253' title='bbox 759 2255 856 2285; x_wconf 89' lang='lat' dir='ltr'>dedit</span> <span class='ocrx_word' id='word_1_254' title='bbox 876 2254 955 2292; x_wconf 89' lang='lat' dir='ltr'>illis,</span> <span class='ocrx_word' id='word_1_255' title='bbox 975 2254 1116 2294; x_wconf 83' lang='lat' dir='ltr'>“aperti</span> <span class='ocrx_word' id='word_1_256' title='bbox 1141 2261 1225 2285; x_wconf 85' lang='lat' dir='ltr'>sunt</span> <span class='ocrx_word' id='word_1_257' title='bbox 1248 2254 1340 2285; x_wconf 92' lang='lat' dir='ltr'>oculi</span> <span class='ocrx_word' id='word_1_258' title='bbox 1364 2263 1499 2292; x_wconf 80' lang='lat' dir='ltr'>eorum,</span> <span class='ocrx_word' id='word_1_259' title='bbox 1519 2259 1555 2285; x_wconf 87' lang='lat' dir='ltr'>et</span> <span class='ocrx_word' id='word_1_260' title='bbox 1574 2262 1754 2293; x_wconf 85' lang='lat' dir='ltr'>cognove-</span> 
     </span>
     <span class='ocr_line' id='line_1_32' title="bbox 430 2297 1074 2338; baseline 0.002 -9"><span class='ocrx_word' id='word_1_261' title='bbox 430 2304 513 2329; x_wconf 85' lang='lat' dir='ltr'>runt</span> <span class='ocrx_word' id='word_1_262' title='bbox 532 2298 654 2338; x_wconf 89' lang='lat' dir='ltr'>Ipsum</span> <span class='ocrx_word' id='word_1_263' title='bbox 666 2297 685 2310; x_wconf 83' lang='lat'>&#39;’</span> <span class='ocrx_word' id='word_1_264' title='bbox 702 2298 798 2338; x_wconf 87' lang='lat' dir='ltr'><em>(Luc.</em></span> <span class='ocrx_word' id='word_1_265' title='bbox 815 2298 911 2330; x_wconf 87' lang='lat' dir='ltr'>xxiv.</span> <span class='ocrx_word' id='word_1_266' title='bbox 929 2307 981 2337; x_wconf 85' lang='lat'>30,</span> <span class='ocrx_word' id='word_1_267' title='bbox 1000 2298 1074 2338; x_wconf 86' lang='lat'>31):</span> 
     </span>
    </p>
   </div>
   <div class='ocr_carea' id='block_1_4' title="bbox 256 2406 1754 2842">
    <p class='ocr_par' dir='ltr' id='par_1_5' title="bbox 256 2406 1754 2842">
     <span class='ocr_line' id='line_1_33' title="bbox 256 2406 1748 2461; baseline -0.001 -12"><span class='ocrx_word' id='word_1_268' title='bbox 256 2422 315 2450; x_wconf 87' lang='lat' dir='ltr'>ex</span> <span class='ocrx_word' id='word_1_269' title='bbox 342 2422 397 2449; x_wconf 94' lang='lat' dir='ltr'>eo</span> <span class='ocrx_word' id='word_1_270' title='bbox 423 2408 562 2448; x_wconf 91' lang='lat' dir='ltr'>etiam</span> <span class='ocrx_word' id='word_1_271' title='bbox 589 2413 719 2460; x_wconf 89' lang='lat' dir='ltr'>patet</span> <span class='ocrx_word' id='word_1_272' title='bbox 742 2407 863 2461; x_wconf 90' lang='lat' dir='ltr'>quod</span> <span class='ocrx_word' id='word_1_273' title='bbox 892 2407 1170 2448; x_wconf 85' lang='lat' dir='ltr'>“comedere</span> <span class='ocrx_word' id='word_1_274' title='bbox 1197 2406 1392 2460; x_wconf 88' lang='lat' dir='ltr'>panem&#39;’</span> <span class='ocrx_word' id='word_1_275' title='bbox 1418 2406 1574 2448; x_wconf 91' lang='lat' dir='ltr'>datum</span> <span class='ocrx_word' id='word_1_276' title='bbox 1601 2421 1627 2448; x_wconf 92' lang='lat' dir='ltr'>a</span> <span class='ocrx_word' id='word_1_277' title='bbox 1653 2406 1748 2448; x_wconf 89' lang='lat' dir='ltr'>Do·</span> 
     </span>
     <span class='ocr_line' id='line_1_34' title="bbox 257 2469 1752 2524; baseline 0 -12"><span class='ocrx_word' id='word_1_278' title='bbox 257 2473 378 2513; x_wconf 91' lang='lat' dir='ltr'>mino</span> <span class='ocrx_word' id='word_1_279' title='bbox 404 2471 629 2524; x_wconf 87' lang='lat' dir='ltr'>significet</span> <span class='ocrx_word' id='word_1_280' title='bbox 652 2469 1016 2524; x_wconf 69' lang='lat' dir='ltr'>conjunctionem</span> <span class='ocrx_word' id='word_1_281' title='bbox 1043 2484 1144 2512; x_wconf 90' lang='lat' dir='ltr'>cum</span> <span class='ocrx_word' id='word_1_282' title='bbox 1172 2471 1306 2523; x_wconf 87' lang='lat' dir='ltr'>Ipso;</span> <span class='ocrx_word' id='word_1_283' title='bbox 1339 2485 1398 2511; x_wconf 84' lang='lat' dir='ltr'>ex</span> <span class='ocrx_word' id='word_1_284' title='bbox 1425 2484 1512 2524; x_wconf 88' lang='lat' dir='ltr'>qua</span> <span class='ocrx_word' id='word_1_285' title='bbox 1538 2470 1752 2512; x_wconf 89' lang='lat' dir='ltr'>illustrati</span> 
     </span>
     <span class='ocr_line' id='line_1_35' title="bbox 256 2534 1751 2589; baseline -0.001 -13"><span class='ocrx_word' id='word_1_286' title='bbox 256 2541 570 2589; x_wconf 82' lang='lat' dir='ltr'>cognoverunt</span> <span class='ocrx_word' id='word_1_287' title='bbox 594 2535 775 2587; x_wconf 89' lang='lat' dir='ltr'>Ipsum;</span> <span class='ocrx_word' id='word_1_288' title='bbox 809 2548 913 2575; x_wconf 91' lang='lat' dir='ltr'>nam</span> <span class='ocrx_word' id='word_1_289' title='bbox 939 2534 1093 2575; x_wconf 90' lang='lat' dir='ltr'>“oculi</span> <span class='ocrx_word' id='word_1_290' title='bbox 1107 2534 1125 2549; x_wconf 86' lang='lat'><strong>”</strong></span> <span class='ocrx_word' id='word_1_291' title='bbox 1146 2535 1191 2574; x_wconf 91' lang='lat' dir='ltr'>in</span> <span class='ocrx_word' id='word_1_292' title='bbox 1215 2534 1370 2574; x_wconf 90' lang='lat' dir='ltr'>Verbo</span> <span class='ocrx_word' id='word_1_293' title='bbox 1393 2534 1751 2587; x_wconf 84' lang='lat' dir='ltr'>correspondent</span> 
     </span>
     <span class='ocr_line' id='line_1_36' title="bbox 256 2596 1749 2651; baseline -0.002 -11"><span class='ocrx_word' id='word_1_294' title='bbox 256 2596 520 2647; x_wconf 66' lang='lat' dir='ltr'>intellthui‚</span> <span class='ocrx_word' id='word_1_295' title='bbox 549 2605 595 2639; x_wconf 90' lang='lat' dir='ltr'>et</span> <span class='ocrx_word' id='word_1_296' title='bbox 627 2599 731 2639; x_wconf 92' lang='lat' dir='ltr'>inde</span> <span class='ocrx_word' id='word_1_297' title='bbox 758 2597 1016 2651; x_wconf 82' lang='lat' dir='ltr'>significant</span> <span class='ocrx_word' id='word_1_298' title='bbox 1043 2597 1197 2648; x_wconf 89' lang='lat' dir='ltr'>illum;</span> <span class='ocrx_word' id='word_1_299' title='bbox 1237 2604 1282 2638; x_wconf 93' lang='lat' dir='ltr'>et</span> <span class='ocrx_word' id='word_1_300' title='bbox 1315 2597 1384 2637; x_wconf 91' lang='lat' dir='ltr'>hic</span> <span class='ocrx_word' id='word_1_301' title='bbox 1418 2604 1486 2638; x_wconf 89' lang='lat' dir='ltr'>est</span> <span class='ocrx_word' id='word_1_302' title='bbox 1518 2598 1591 2651; x_wconf 92' lang='lat' dir='ltr'>qui</span> <span class='ocrx_word' id='word_1_303' title='bbox 1624 2597 1749 2638; x_wconf 90' lang='lat' dir='ltr'>illus-</span> 
     </span>
     <span class='ocr_line' id='line_1_37' title="bbox 257 2660 1754 2714; baseline -0.002 -11"><span class='ocrx_word' id='word_1_304' title='bbox 257 2668 417 2710; x_wconf 89' lang='lat' dir='ltr'>tratur,</span> <span class='ocrx_word' id='word_1_305' title='bbox 446 2667 492 2702; x_wconf 92' lang='lat' dir='ltr'>et</span> <span class='ocrx_word' id='word_1_306' title='bbox 525 2661 627 2701; x_wconf 89' lang='lat' dir='ltr'>inde</span> <span class='ocrx_word' id='word_1_307' title='bbox 649 2661 804 2702; x_wconf 86' lang='lat' dir='ltr'>“oculi</span> <span class='ocrx_word' id='word_1_308' title='bbox 830 2660 1139 2713; x_wconf 88' lang='lat' dir='ltr'>aperiuntur:”</span> <span class='ocrx_word' id='word_1_309' title='bbox 1177 2674 1254 2714; x_wconf 90' lang='lat' dir='ltr'>per</span> <span class='ocrx_word' id='word_1_310' title='bbox 1282 2660 1525 2713; x_wconf 83' lang='lat' dir='ltr'>“frangere</span> <span class='ocrx_word' id='word_1_311' title='bbox 1557 2660 1754 2713; x_wconf 87' lang='lat' dir='ltr'>panem’&#39;</span> 
     </span>
     <span class='ocr_line' id='line_1_38' title="bbox 259 2723 1752 2777; baseline -0.002 -11"><span class='ocrx_word' id='word_1_312' title='bbox 259 2726 303 2766; x_wconf 90' lang='lat' dir='ltr'>in</span> <span class='ocrx_word' id='word_1_313' title='bbox 319 2725 475 2766; x_wconf 90' lang='lat' dir='ltr'>Verbo</span> <span class='ocrx_word' id='word_1_314' title='bbox 493 2723 772 2777; x_wconf 84' lang='lat' dir='ltr'>significatur</span> <span class='ocrx_word' id='word_1_315' title='bbox 789 2725 1123 2765; x_wconf 88' lang='lat' dir='ltr'>communicare</span> <span class='ocrx_word' id='word_1_316' title='bbox 1142 2736 1269 2763; x_wconf 87' lang='lat' dir='ltr'>suum</span> <span class='ocrx_word' id='word_1_317' title='bbox 1288 2723 1455 2763; x_wconf 90' lang='lat' dir='ltr'>bonum</span> <span class='ocrx_word' id='word_1_318' title='bbox 1474 2737 1573 2764; x_wconf 91' lang='lat' dir='ltr'>cum</span> <span class='ocrx_word' id='word_1_319' title='bbox 1592 2723 1752 2764; x_wconf 88' lang='lat' dir='ltr'>altero.</span> 
     </span>
     <span class='ocr_line' id='line_1_39' title="bbox 259 2787 1751 2842; baseline -0.001 -13"><span class='ocrx_word' id='word_1_320' title='bbox 259 2788 393 2842; x_wconf 79' lang='lat' dir='ltr'>Quod</span> <span class='ocrx_word' id='word_1_321' title='bbox 421 2788 643 2829; x_wconf 91' lang='lat' dir='ltr'>Dominus</span> <span class='ocrx_word' id='word_1_322' title='bbox 671 2801 771 2828; x_wconf 91' lang='lat' dir='ltr'>cum</span> <span class='ocrx_word' id='word_1_323' title='bbox 798 2788 1048 2840; x_wconf 91' lang='lat' dir='ltr'>publicanis</span> <span class='ocrx_word' id='word_1_324' title='bbox 1074 2794 1121 2828; x_wconf 91' lang='lat' dir='ltr'>et</span> <span class='ocrx_word' id='word_1_325' title='bbox 1148 2788 1460 2840; x_wconf 87' lang='lat' dir='ltr'>peccatoribus</span> <span class='ocrx_word' id='word_1_326' title='bbox 1488 2787 1751 2836; x_wconf 88' lang='lat' dir='ltr'>comederit,</span> 
     </span>
    </p>
   </div>
   <div class='ocr_carea' id='block_1_5' title="bbox 330 2890 1752 2979">
    <p class='ocr_par' dir='ltr' id='par_1_6' title="bbox 330 2890 1752 2979">
     <span class='ocr_line' id='line_1_40' title="bbox 330 2890 1752 2935; baseline -0.001 -11"><span class='ocrx_word' id='word_1_327' title='bbox 330 2894 383 2925; x_wconf 89' lang='lat' dir='ltr'>De</span> <span class='ocrx_word' id='word_1_328' title='bbox 401 2903 471 2935; x_wconf 90' lang='lat' dir='ltr'>quo</span> <span class='ocrx_word' id='word_1_329' title='bbox 488 2892 614 2935; x_wconf 88' lang='lat' dir='ltr'>Judaei</span> <span class='ocrx_word' id='word_1_330' title='bbox 631 2894 903 2925; x_wconf 87' lang='lat' dir='ltr'>murmurabant</span> <span class='ocrx_word' id='word_1_331' title='bbox 919 2900 954 2925; x_wconf 88' lang='lat' dir='ltr'>et</span> <span class='ocrx_word' id='word_1_332' title='bbox 971 2893 1303 2925; x_wconf 86' lang='lat' dir='ltr'>scandalizabantur</span> <span class='ocrx_word' id='word_1_333' title='bbox 1320 2891 1443 2932; x_wconf 61' lang='lat' dir='ltr'>(alm-c.</span> <span class='ocrx_word' id='word_1_334' title='bbox 1462 2892 1494 2924; x_wconf 82' lang='lat' dir='ltr'>ii.</span> <span class='ocrx_word' id='word_1_335' title='bbox 1515 2899 1564 2930; x_wconf 87' lang='lat'>15,</span> <span class='ocrx_word' id='word_1_336' title='bbox 1586 2891 1645 2930; x_wconf 87' lang='lat'>16;</span> <span class='ocrx_word' id='word_1_337' title='bbox 1669 2890 1752 2923; x_wconf 87' lang='lat' dir='ltr'>Luc.</span> 
     </span>
     <span class='ocr_line' id='line_1_41' title="bbox 434 2937 941 2979; baseline 0.002 -10"><span class='ocrx_word' id='word_1_338' title='bbox 434 2947 464 2969; x_wconf 89' lang='lat' dir='ltr'>v.</span> <span class='ocrx_word' id='word_1_339' title='bbox 484 2945 535 2977; x_wconf 87' lang='lat'>29,</span> <span class='ocrx_word' id='word_1_340' title='bbox 550 2945 612 2976; x_wconf 86' lang='lat'>30;</span> <span class='ocrx_word' id='word_1_341' title='bbox 645 2948 719 2979; x_wconf 90' lang='lat' dir='ltr'>cap.</span> <span class='ocrx_word' id='word_1_342' title='bbox 734 2938 791 2970; x_wconf 90' lang='lat' dir='ltr'>vii.</span> <span class='ocrx_word' id='word_1_343' title='bbox 810 2937 941 2978; x_wconf 84' lang='lat'>33—35),</span> 
     </span>
    </p>
   </div>
  </div>
 </body>
</html>
