1956 3328
236 296 344 339 1904
647 295 979 328 APOCALYPSIS
1011 297 1310 329 EXPLICATA.

230 418 333 446 curn
365 406 562 459 posteris
592 420 651 446 ex
681 406 870 459 Jacobo,
903 407 983 448 sed
1018 407 1098 448 fuit
1128 408 1287 448 foedus
1318 421 1344 448 a
1374 413 1504 461 parte
1535 407 1719 448 Domini

229 468 350 521 quod
386 468 770 521 multiplicaretur
805 483 963 510 semen
999 484 1170 518 eorum,
1207 477 1254 510 et
1295 471 1480 510 daretur
1520 471 1559 510 ei
1599 477 1720 511 terra

230 530 432 579 Canaan,
460 537 506 571 et
532 545 558 571 a
584 538 713 584 parte
740 532 1010 581 Abrahami,
1039 533 1154 573 Isaci
1180 539 1226 573 et
1250 533 1424 585 Jacobi,
1451 539 1500 572 ut
1527 533 1719 573 circum-

229 594 456 634 cideretur
487 595 634 634 omnis
666 594 920 635 masculus:
963 596 1083 648 quod
1115 595 1236 635 aliud
1267 595 1426 635 foedus
1455 595 1587 636 fuerit
1618 608 1720 636 cum

230 657 427 709 posteris
450 657 624 709 Jacobi,
652 664 837 698 constat
863 659 981 711 apud
1006 658 1176 707 Mosen,

296 744 487 786 “Jehovah
507 745 623 778 Deus.
638 747 784 778 ‚excidit
802 747 987 778 nobiscum
1009 747 1134 778 foedus
1154 747 1190 777 in
1212 746 1400 783 Chorebo;
1425 757 1497 777 non
1518 756 1596 778 cum
1617 747 1723 787 patri-

404 789 468 820 bus
487 799 553 820 nos
561 790 623 821 tris
641 790 770 821 excidit
788 790 950 831 Jehovah
967 791 1094 821 foedus
1112 791 1189 828 hoc,
1207 791 1269 821 sed
1286 800 1366 821 cum
1384 791 1488 822 nobis
1501 789 1518 802 ”
1536 790 1671 830 (Deutr.
1689 801 1721 823 v.

404 841 433 870 2,
455 832 497 872 3).

233 906 304 946 De
335 906 421 947 hoc
444 907 628 947 foedere
653 908 717 948 ita
742 907 910 961 legitur
932 908 1051 961 apud
1075 908 1245 956 Illosen,

297 980 487 1023 ‘“Jehovah
508 981 656 1013 eduxit’'
678 982 922 1013 Abrahamum
945 983 1080 1020 “ioras,
1101 989 1136 1014 et
1155 983 1253 1021 dixit,
1275 981 1405 1022 Specta
1424 992 1548 1014 versus
1572 983 1719 1021 caelum,

403 1031 438 1056 et
463 1035 611 1056 numera
635 1026 755 1057 stellas
770 1036 792 1063 ;.
808 1051 814 1058 .
829 1051 836 1058 .
851 1033 901 1058 .et
926 1027 1012 1057 dixit
1037 1027 1096 1064 illi,
1119 1026 1172 1057 Ita
1196 1027 1261 1057 erit
1285 1036 1406 1057 semen
1429 1033 1546 1058 tuum:
1577 1032 1612 1057 et
1635 1026 1724 1058 dixit

406 1069 450 1099 ad
475 1069 584 1106 illum,
606 1069 735 1109 Accipe
761 1070 837 1101 tibi.
854 1071 1015 1101 ‚vitulam
1045 1071 1232 1107 triennem,
1253 1076 1288 1100 et
1312 1079 1454 1109 capram
1479 1070 1665 1107 triennem,
1688 1076 1723 1101 et

405 1112 551 1143 arietem
577 1113 764 1151 triennem,
785 1119 820 1144 et
846 1120 1014 1145 turturem
1042 1121 1075 1144 et
1100 1114 1233 1153 pullum
1249 1123 1271 1149 ;.
1287 1138 1293 1144 .
1308 1138 1315 1144 .
1331 1123 1386 1144 .ac
1411 1114 1560 1153 partitus
1584 1118 1638 1144 est
1663 1113 1724 1144 illa

405 1156 440 1186 in
459 1157 626 1194 medium,
645 1162 679 1187 et
698 1157 794 1187 dedit
815 1157 976 1197 quamvis
998 1164 1132 1196 partem
1154 1167 1254 1188 suam
1276 1157 1417 1188 obviam
1439 1157 1550 1195 alteri,
1568 1163 1603 1188 et
1622 1157 1723 1188 volu-

407 1209 501 1230 crem
523 1209 595 1230 non
617 1200 777 1239 partitus.
817 1225 824 1231 .
839 1225 845 1231 .
861 1225 868 1231 .
883 1200 943 1232 ,Et
963 1201 1016 1231 sol
1037 1201 1173 1238 occidit,
1192 1206 1226 1231 et
1246 1200 1360 1240 caligo
1381 1198 1476 1231 faeta
1499 1207 1562 1238 est,
1583 1206 1617 1231 et
1641 1210 1723 1231 ecce

405 1242 529 1274 furnus
550 1243 636 1274 fumi
660 1250 694 1274 et
714 1243 774 1274 fax
794 1243 885 1283 ignis
906 1244 1070 1274 transivit
1089 1244 1181 1274 inter
1199 1251 1394 1283 segmenta.
1443 1243 1484 1274 In
1505 1243 1560 1274 die
1585 1243 1645 1274 illo
1665 1253 1724 1284 pe-

406 1286 494 1326 pigit
511 1286 676 1327 Jehovah
697 1297 776 1317 cum
799 1285 1038 1318 [¹]Abrahamo
1059 1287 1195 1325 foedus,
1214 1287 1375 1324 dicendo,
1395 1287 1528 1318 Semini
1550 1294 1610 1318 tuo
1625 1287 1722 1318 'dabo

406 1335 536 1360 terram
557 1330 651 1361 hanc
671 1340 692 1361 a
711 1330 819 1361 fluvio
837 1331 992 1371 Aegypti
1012 1341 1122 1371 usque
1143 1331 1187 1361 ad
1207 1330 1353 1361 fluvium
1375 1340 1543 1370 magnum
1566 1330 1724 1371 Euphra-

407 1373 507 1404 tem”
526 1373 620 1412 (Gen.
637 1384 695 1405 xv.
714 1375 832 1413 5—18);

232 1453 279 1488 et
305 1454 481 1500 postea,

301 1512 432 1543 “Dabo
452 1513 577 1544 foedus
597 1522 715 1543 meum
742 1513 834 1544 inter
855 1512 913 1544 Me
938 1518 972 1543 et
997 1513 1088 1544 inter
1112 1519 1155 1550 te,
1177 1519 1211 1544 et
1235 1513 1477 1553 multiplicabo
1501 1518 1536 1544 te
1560 1513 1596 1543 in
1620 1512 1724 1544 valde

408 1556 510 1587 valde
525 1566 547 1594 ;.
562 1581 569 1587 .
585 1581 591 1587 .
606 1556 709 1596 Ego,
729 1566 808 1587 ecce
825 1556 951 1587 foedus
969 1566 1086 1587 meum
1104 1566 1183 1587 cum
1202 1562 1245 1594 te,
1263 1562 1298 1587 et
1314 1557 1383 1587 eris
1401 1557 1435 1587 in
1454 1563 1590 1596 patrem
1608 1557 1725 1587 multi-

407 1599 540 1630 tudinis
550 1600 709 1639 gentium
727 1609 750 1637 ;.
765 1625 771 1631 .
787 1625 794 1631 .
809 1607 858 1631 .et
872 1599 1090 1630 fructificabo
1102 1606 1210 1630 temet
1225 1611 1249 1631 ι.
1264 1624 1271 1631 .
1286 1624 1293 1631 .
1308 1606 1357 1631 .et
1369 1600 1461 1630 dabo
1475 1600 1537 1630 tibi
1550 1606 1586 1631 et
1597 1600 1724 1630 semini

407 1650 468 1674 tuo
483 1650 564 1683 post
578 1650 611 1674 te
626 1650 754 1674 terram
767 1643 1093 1683 peregrinationum
1106 1650 1256 1680 tuarum,
1268 1653 1410 1673 omnem
1424 1650 1554 1674 terram
1566 1642 1723 1681 Canaan,

410 1687 445 1717 in
463 1686 734 1726 possessionem
759 1694 978 1718 aeternam..
993 1711 1000 1718 .
1015 1711 1038 1718 ..
1088 1686 1167 1717 Hoc
1192 1686 1317 1717 foedus
1342 1696 1471 1724 meum,
1492 1687 1586 1727 quod
1610 1693 1726 1718 custo-

407 1731 511 1761 dietis
531 1730 623 1761 inter
645 1730 704 1761 Me
724 1737 758 1761 et
779 1731 870 1761 inter
887 1740 962 1768 VOS,
980 1737 1015 1761 et
1034 1730 1126 1761 inter
1145 1740 1268 1761 semen
1287 1737 1383 1761 tuum
1403 1735 1483 1769 post
1501 1737 1557 1766 te;
1581 1730 1726 1761 circum-

407 1774 542 1804 cidetur
571 1774 672 1805 vobis
703 1774 821 1804 omnis
853 1774 1029 1804 masculus
1045 1783 1067 1810 ;.
1083 1798 1090 1805 .
1105 1799 1111 1804 .
1126 1774 1200 1814 ‚qui
1229 1783 1302 1804 non
1331 1773 1592 1804 clrcumciditur
1619 1783 1726 1804 carne

408 1818 592 1857 praeputii,
605 1818 784 1848 excidetur
795 1818 916 1848 anima
927 1817 986 1848 illa
999 1827 1042 1848 ex
1054 1818 1194 1857 populis
1206 1817 1279 1848 suis
1295 1826 1301 1852 ;
1322 1817 1448 1847 foedus
1460 1827 1576 1847 meum
1588 1817 1724 1848 irritum

409 1861 491 1892 fecit
505 1872 528 1892 :.
543 1886 549 1892 .
565 1886 572 1892 .
587 1867 637 1892 .et
649 1861 775 1891 foedus
787 1870 904 1892 meum
917 1861 1049 1900 erigam
1062 1871 1140 1891 cum
1156 1860 1268 1898 Isaeo,
1280 1870 1384 1901 quern
1397 1860 1508 1900 pariet
1522 1861 1582 1892 tibi
1594 1859 1725 1891 Sarah''

407 1905 503 1943 (Gen.
520 1905 602 1935 xvii.
623 1905 729 1943 1—21).

235 1988 311 2028 Ex
333 1988 401 2028 his
424 1995 637 2029 constare
660 1995 817 2042 potest
839 1988 972 2042 quale
990 1988 1149 2029 foedus
1170 1989 1331 2028 initum
1355 1995 1425 2028 est
1448 2001 1549 2028 cum
1572 1988 1724 2028 Abra-

235 2051 386 2100 hamo,
419 2065 582 2104 nempe
618 2052 739 2105 quod
774 2051 947 2091 “valde
979 2051 1364 2104 multiplicaretur
1399 2064 1555 2091 semen
1591 2049 1726 2103 ejus,”

235 2121 282 2155 et
325 2115 447 2168 quod
490 2115 713 2154 “daretur
756 2114 820 2154 illi
863 2120 986 2154 terra
1029 2113 1217 2154 Canaan
1260 2114 1304 2153 in
1348 2112 1726 2166 possessionem.”

236 2177 342 2230 Ipsa
373 2183 635 2230 praecepta,
663 2176 832 2229 judicia
864 2183 910 2216 et
942 2182 1134 2224 statuta,
1167 2189 1247 2228 per
1282 2189 1397 2228 quae
1428 2175 1601 2223 foedus,
1634 2188 1725 2216 non

235 2246 549 2279 memorantur
570 2253 578 2290 ;
606 2239 686 2279 sed
703 2252 842 2292 usque
859 2237 1171 2291 significantur
1186 2251 1265 2291 per
1283 2242 1308 2258 “
1321 2238 1528 2286 vitulam,
1541 2250 1726 2290 capram

236 2308 282 2342 et
308 2302 499 2341 arietem
525 2301 769 2349 triennes‚'’
794 2307 840 2341 et
871 2315 951 2354 per
979 2305 1240 2341 “turturem
1267 2306 1313 2340 et
1345 2299 1519 2353 pullum
1550 2300 1726 2340 colum-

235 2364 435 2412 barum,”
470 2378 549 2417 per
588 2364 667 2404 illa
707 2365 827 2404 enim
867 2364 1080 2404 animalia
1115 2362 1427 2416 significantur
1461 2363 1573 2403 talia
1611 2377 1725 2416 quae

236 2427 458 2468 ecclesiae
489 2434 620 2477 sunt;
658 2433 704 2467 et
736 2440 815 2479 per
845 2427 990 2479 ipsam
1019 2431 1228 2466 “terram
1261 2424 1559 2466 Canaanem''
1585 2426 1724 2478 signi·

235 2490 396 2531 ficatur
421 2489 627 2530 ecclesia.
687 2489 749 2530 Et
776 2490 879 2542 quia
904 2489 1128 2542 praevidit
1155 2489 1379 2528 Dominus
1407 2488 1528 2541 quod
1555 2489 1726 2540 posteri

236 2552 491 2592 Abrahami
524 2565 583 2591 ex
607 2551 782 2603 Jacobo
814 2565 904 2591 non
936 2551 1207 2591 custodituri
1238 2556 1391 2590 essent
1423 2549 1594 2598 foedus,
1622 2550 1726 2590 inde

236 2614 446 2667 apparuit
478 2614 747 2654 Abrahamo
786 2614 976 2653 “furnus
1011 2613 1118 2653 fumi
1154 2619 1199 2653 et
1234 2612 1310 2652 fax
1346 2613 1464 2664 ignis
1499 2613 1726 2652 transiens

236 2679 355 2718 inter
380 2683 621 2728 segmenta
639 2676 673 2726 ;”
708 2682 755 2716 et
786 2690 866 2729 per
893 2675 1107 2715 “furnum
1138 2674 1280 2715 fumi”
1306 2673 1587 2726 significatur
1613 2673 1725 2714 den-

237 2754 334 2781 sum
357 2740 531 2788 falsum,
559 2747 605 2780 et
633 2754 711 2793 per
740 2741 919 2780 “facem
947 2740 1063 2792 ignis
1076 2739 1094 2754 ”
1121 2740 1263 2780 dirum
1291 2738 1473 2786 malum,
1497 2739 1541 2778 in
1567 2738 1726 2791 quibus

237 2804 369 2844 futuri
407 2804 576 2856 posteri
613 2818 672 2844 ex
709 2803 907 2856 Jacobo3
951 2803 1070 2856 quod
1108 2803 1244 2843 etiam
1282 2800 1572 2842 confirmatur
1607 2800 1726 2853 apud

241 2867 489 2914 Jeremz‘am
518 2866 633 2919 (cap.
662 2867 823 2906 xxxiii.
848 2880 962 2906 vers.
996 2865 1163 2918 18-20).
1227 2864 1360 2917 Quod
1387 2863 1600 2904 “Abram
1628 2877 1726 2916 par-

239 2932 350 2971 titus
383 2931 439 2971 sit
472 2930 675 2978 vitulam,
711 2943 892 2982 capram
925 2935 970 2970 et
1004 2930 1206 2977 arietem,
1237 2934 1282 2968 et
1315 2928 1490 2968 dederit
1522 2927 1725 2980 quamvis
