1962 3334
267 241 376 283 1606
679 250 1012 284 APOCALYPSIS
1043 252 1343 285 EXPLICATA.

262 372 531 407 constantes
559 372 604 407 et
637 365 742 407 inde
771 366 1098 408 mensurabiles
1124 367 1239 408 sicut
1272 368 1316 408 in
1349 368 1518 408 mundo
1544 369 1753 417 naturali,

263 429 342 470 sed
375 428 625 469 similitudo
657 427 906 470 affectionis
938 435 984 470 et
1022 430 1126 471 inde
1159 431 1454 483 cogitationis
1485 430 1592 472 facit
1625 445 1754 485 prae-

263 493 473 541 sentiam,
508 505 559 532 ac
592 491 914 533 dissimilitudo
947 506 1099 533 earum
1131 493 1238 533 facit
1271 493 1553 544 absentiam;
1587 508 1646 535 ex
1678 493 1756 534 illa

262 556 435 608 origine
459 561 563 595 sunt
587 568 745 595 omnes
769 555 1015 596 distantiae
1038 556 1082 596 in
1105 555 1184 596 illo
1211 556 1405 596 mundo:
1439 556 1525 597 hoc
1548 557 1673 598 venit
1695 570 1755 597 ex

261 618 348 659 hoc
381 617 638 667 universali,
672 618 794 671 quod
827 618 1049 658 Dominus
1090 632 1304 672 praesens
1343 620 1400 660 sit
1439 619 1558 672 apud
1595 632 1754 660 omnes

261 682 510 722 secundum
537 694 691 721 eorum
718 694 919 722 amorem
946 682 990 722 in
1015 681 1183 735 Ipsum,
1209 688 1254 722 et
1283 682 1530 722 secundum
1553 695 1755 723 amorem

261 758 371 797 erga
402 744 676 797 proximum,
710 750 757 784 et
795 744 901 784 inde
934 744 1273 797 cogitationes;
1306 758 1365 785 ex
1398 744 1484 785 hoc
1517 744 1757 785 universali

262 807 481 860 principio
513 807 721 847 existunt
753 820 912 847 omnes
944 807 1205 855 distantiae,
1235 806 1320 848 hoc
1354 813 1437 855 est,
1472 808 1756 860 praesentiae

261 877 307 911 et
340 870 590 918 absentiae,
619 869 738 909 inter
764 868 954 921 angelos
981 875 1027 909 et
1061 869 1270 922 spiritus;
1304 883 1441 923 quare
1468 881 1569 910 cum
1596 869 1756 923 aliquis

260 933 490 974 desiderat
517 931 638 985 loqui
665 945 767 972 cum
794 931 954 980 altero,
983 931 1069 972 hoc
1097 938 1182 980 est,
1208 932 1385 985 cogitat
1413 932 1469 972 de
1495 931 1573 972 illo
1600 946 1660 973 ex
1686 933 1753 972 in-

261 996 470 1037 tentione
494 1009 572 1035 seu
594 993 835 1035 voluntate
859 993 1073 1047 loquendi
1100 1007 1201 1035 cum
1223 994 1317 1043 illo,
1342 994 1391 1035 fit
1418 995 1454 1035 is
1481 994 1603 1036 illico
1625 1009 1755 1048 prae-

261 1070 381 1104 sens,
409 1070 487 1096 seu
513 1057 609 1108 ipse
636 1068 855 1108 praesens
881 1055 1002 1108 apud
1028 1068 1130 1095 eum
1149 1068 1157 1095 Ζ
1191 1066 1295 1104 (quod
1310 1066 1353 1095 ita
1367 1066 1415 1100 sit,
1431 1066 1530 1095 videri
1545 1067 1639 1095 etiam
1653 1071 1759 1104 potest

259 1121 293 1149 in
313 1129 409 1158 opere
431 1121 480 1148 De
499 1120 589 1148 Caelo
608 1123 638 1148 et
656 1120 792 1158 biferno,
809 1128 839 1148 n.
859 1127 1007 1156 191-199,
1023 1119 1077 1148 ubi
1097 1119 1205 1148 ac‘tum
1226 1123 1273 1148 est
1294 1120 1343 1148 De
1359 1120 1469 1157 Spatio
1484 1119 1515 1148 in
1532 1119 1664 1157 Caelo:)
1696 1122 1756 1149 ΘΧ

261 1170 331 1210 his
354 1182 470 1209 nunc
495 1174 709 1208 constare
732 1173 889 1221 potest
912 1168 1030 1208 unde
1053 1174 1124 1208 est
1147 1168 1268 1221 quod
1290 1168 1509 1209 “adstitit
1531 1168 1724 1221 angelus
1737 1168 1757 1183 ”

262 1229 487 1284 significet
506 1229 794 1270 voluntatem
814 1229 997 1270 Domini
1014 1243 1023 1280 ;
1046 1229 1298 1270 “adstare'’
1316 1230 1435 1270 enim
1453 1235 1523 1271 est
1543 1243 1757 1283 praesens

262 1307 375 1334 esse.

343 1365 561 1420 629[a].
600 1366 834 1419 “Surget-o,
858 1365 1003 1406 metit-e
1033 1365 1219 1418 templum
1248 1365 1325 1406 Ποῖ
1348 1369 1393 1406 et
1419 1366 1568 1413 altar-0,
1594 1369 1638 1406 et
1658 1366 1758 1406 ado-

262 1434 407 1471 rantes
429 1430 469 1470 in
494 1428 779 1482 eost—Quod
806 1427 1033 1481 significet
1060 1434 1109 1468 ut
1131 1428 1333 1480 exploret
1355 1428 1583 1469 ecclesiam
1607 1428 1759 1482 qualis

261 1499 330 1533 est
353 1493 503 1546 quoad
521 1492 810 1544 receptionem
839 1491 1009 1531 Divini
1038 1490 1146 1531 Veri
1167 1497 1210 1531 et
1240 1491 1410 1532 Divini
1431 1492 1560 1540 Boni,
1587 1498 1629 1532 et
1657 1491 1761 1532 inde

263 1556 414 1608 quoad
432 1555 595 1596 cultum
619 1554 819 1602 Domini,
848 1559 1035 1594 constat
1066 1567 1126 1594 ex
1158 1553 1496 1606 significatione
1525 1553 1759 1602 “metiri,”

263 1615 385 1669 quod
408 1616 466 1656 sit
489 1614 736 1668 explorare
760 1626 856 1654 rem
878 1613 1024 1666 qualis
1046 1619 1117 1654 est
1141 1624 1196 1661 (de
1211 1633 1275 1661 qua
1287 1625 1443 1663 sequitur)
1462 1629 1470 1664 ;
1502 1628 1562 1655 ex
1584 1613 1756 1666 signifi-

263 1676 447 1716 catione
490 1673 734 1727 “templi,'’
773 1674 895 1727 quod
936 1674 979 1713 in
1019 1687 1233 1726 supremo
1272 1687 1407 1714 sensu
1445 1675 1503 1715 sit
1543 1674 1759 1714 Divinum

266 1735 531 1775 Humanum
572 1733 758 1774 Domini
794 1733 945 1787 quoad
982 1733 1196 1773 Divinum
1234 1733 1422 1782 Verum,
1455 1740 1501 1774 et
1541 1734 1585 1774 in
1624 1747 1760 1774 sensu

263 1794 521 1848 respectivo
546 1794 723 1835 caelum
749 1799 796 1834 et
822 1793 1018 1834 ecclesia
1043 1793 1193 1846 quoad
1221 1793 1435 1834 Divinum
1458 1793 1630 1834 Verum
1654 1807 1759 1847 pro—

263 1856 432 1896 cedens
475 1869 501 1895 a
544 1854 745 1895 Domino
784 1864 839 1902 (de
869 1873 934 1901 qua
958 1873 1065 1901 supra,
1092 1873 1122 1893 n.
1151 1864 1276 1903 220);
1322 1867 1382 1893 ex
1425 1853 1760 1906 significatione

267 1915 503 1963 “altaris‚‘'
529 1914 651 1968 quod
677 1915 721 1954 in
747 1927 961 1967 supremo
992 1927 1128 1954 sensu
1159 1914 1218 1954 sit
1251 1913 1465 1954 Divinum
1493 1914 1759 1955 Humanum

266 1974 451 2015 Domini
491 1974 642 2028 quoad
684 1973 900 2014 Divinum
937 1973 1131 2022 Bonum,
1168 1980 1215 2014 et
1250 1974 1294 2013 in
1330 1987 1465 2014 sensu
1503 1974 1760 2027 respectivo

264 2035 443 2075 caelum
475 2041 521 2075 et
556 2034 756 2075 ecclesia
794 2033 945 2087 quoad
988 2033 1203 2073 Divinum
1237 2033 1414 2073 Bonum
1450 2034 1704 2086 procedens
1734 2047 1761 2074 a

266 2094 467 2135 Domino
485 2106 539 2142 (de
552 2114 617 2142 qua
628 2105 723 2133 etiam
737 2113 842 2141 supra,
857 2113 887 2133 n.
905 2093 1246 2145 391‚490,496):
1278 2099 1324 2133 et
1347 2107 1406 2133 ex
1429 2093 1760 2146 significatione

268 2154 641 2202 “adorantium‚’'
672 2153 794 2207 quod
825 2154 882 2194 sit
914 2153 1079 2193 cultus.
1139 2152 1275 2205 Quod
1315 2153 1635 2194 “adorantes”
1666 2154 1759 2206 sig-

265 2213 450 2255 nificent
490 2214 664 2254 cultum
710 2213 912 2261 Domini,
954 2219 1024 2254 est
1067 2213 1171 2266 quia
1209 2213 1359 2253 cultus
1402 2213 1447 2252 in
1490 2213 1760 2254 adoratione

266 2274 452 2314 Domini
478 2274 707 2322 consistit,
735 2279 781 2314 et
807 2274 911 2326 quia
936 2273 979 2313 in
1005 2286 1142 2313 sensu
1167 2272 1391 2325 spirituali
1422 2286 1512 2312 non
1539 2272 1760 2326 intelligi-

266 2340 339 2374 tur
360 2333 531 2387 aliquid
556 2346 795 2386 personae,
820 2333 900 2373 sed
923 2332 1062 2372 modo
1084 2346 1154 2372 res
1176 2332 1409 2372 abstra&a
1431 2346 1456 2373 a
1478 2333 1684 2385 personis
1707 2344 1763 2381 (de

265 2413 329 2441 qua
344 2413 377 2432 re
392 2404 537 2432 videatur
551 2413 656 2441 supra,
673 2413 704 2433 n.
721 2404 788 2444 99,
811 2402 900 2437 ΙΟΟ,
925 2402 1019 2444 270,
1038 2401 1130 2443 325,
1146 2391 1246 2444 625)
1265 2406 1274 2442 ;
1306 2392 1412 2432 inde
1438 2399 1508 2432 eSt
1533 2393 1655 2445 quod
1682 2406 1762 2446 per

267 2454 583 2495 “adorantes”
610 2453 889 2506 significetur
914 2454 1122 2494 adoratio
1148 2460 1195 2494 et
1221 2453 1383 2493 cultus.
1448 2453 1523 2493 Ex
1551 2454 1619 2494 his
1646 2467 1756 2495 con-

266 2524 388 2558 stare
426 2522 581 2570 potest
625 2516 745 2569 quod
784 2530 862 2569 per
898 2515 1095 2568 “Surge,
1131 2516 1291 2556 metire
1330 2515 1551 2568 templum
1591 2516 1676 2557 Dei
1713 2521 1760 2558 et

266 2579 425 2626 altare,
451 2585 497 2619 et
521 2579 770 2619 adorantes
797 2579 841 2619 in
868 2578 962 2627 eo,”
985 2577 1277 2630 significetur,
1301 2584 1350 2618 ut
1378 2577 1590 2630 exploret
1613 2579 1760 2620 eccle-

266 2644 380 2683 siam
412 2641 556 2695 qualis
589 2648 659 2682 est
695 2641 845 2694 quoad
872 2642 1182 2694 receptionem
1216 2639 1367 2680 Divini
1395 2640 1503 2680 Veri
1530 2647 1576 2681 et
1610 2640 1760 2682 Divini

267 2705 382 2745 Boni
405 2704 696 2757 procedentis
719 2717 745 2744 a
769 2703 1052 2751 Domino,-et
1075 2703 1180 2743 inde
1202 2703 1350 2755 quoad
1375 2702 1561 2743 cultum.
1624 2702 1759 2756 Quod

268 2767 455 2808 “metiri
468 2766 487 2781 ’‘
509 2767 553 2807 in
582 2780 717 2806 sensu
740 2765 962 2819 spirituali
989 2779 1079 2806 non
1107 2764 1332 2818 significet
1360 2766 1522 2814 metiri,
1547 2772 1760 2806 constare

266 2835 422 2883 potest
449 2843 508 2870 ex
535 2843 603 2877 eo,
633 2828 753 2882 quod
781 2828 1047 2869 mandatum
1071 2828 1130 2868 sit
1157 2834 1205 2868 ut
1233 2841 1323 2867 non
1350 2827 1495 2867 solum
1524 2828 1760 2868 metiretur

269 2890 563 2945 “templum’'
600 2897 645 2931 et
687 2890 913 2940 “altare,”
951 2890 1031 2931 sed
1069 2890 1208 2931 etiarn
1244 2889 1530 2931 “adorantes
1567 2890 1610 2930 in
1652 2903 1707 2930 eo
1723 2889 1759 2941 ;'’
