1962 3334
653 302 759 334 CAP.
782 303 864 343 1x.,
887 302 1025 361 vas.
1052 303 1193 334 1.—N.
1210 289 1239 347 '5
1247 294 1311 346 36.
1620 306 1724 348 1327

238 412 515 466 significatur
553 413 822 454 damnatum
857 424 908 461 (ut
925 433 1031 462 supra,
1050 433 1082 453 n.
1105 414 1248 465 304[g]
1269 426 1311 454 ad
1329 407 1442 460 linem,
1463 430 1627 454 ostensum
1649 426 1723 463 est).

238 472 372 526 Quod
397 473 461 514 illi
486 475 560 528 qui
585 474 823 516 falsificant
846 488 953 515 vera
975 474 1116 516 Verbi
1142 489 1222 528 per
1242 476 1645 528 interpretationes
1667 477 1724 516 ad

236 535 592 577 confirmandum
610 537 730 578 mala
746 538 882 586 vitae,
901 551 950 578 se
967 544 1178 578 avertant
1195 551 1222 579 a
1243 537 1371 578 caelo
1388 544 1434 578 et
1453 545 1724 580 convertant

236 599 292 639 ad
314 599 546 648 infernum,
572 607 642 640 est
665 601 767 653 quia
792 614 871 653 per
893 600 1094 641 Verbum
1117 607 1187 641 est
1210 599 1467 652 conjunfflo
1488 601 1601 642 caeli
1623 615 1724 642 cum

236 661 419 703 homine
436 676 445 703 ε
478 662 653 703 caelum
672 664 790 703 enim
809 670 878 704 est
897 664 941 703 in
959 677 1093 704 sensu
1110 663 1251 704 Verbi
1268 663 1502 716 spirituali,
1522 670 1568 705 et
1587 663 1725 705 homo

235 730 305 765 est
326 725 371 764 in
393 739 526 766 sensu
548 727 640 778 ejus
662 726 856 766 naturali
874 741 883 776 ;
913 740 1050 779 quare
1072 725 1186 766 caeli
1208 739 1309 766 cum
1332 727 1500 767 mundo
1522 733 1593 767 est
1615 740 1724 767 con-

229 786 402 839 junfflo
423 791 502 841 per
522 788 726 829 Verbum
743 802 751 829 :
786 789 888 830 ideo
905 790 1044 830 etiam
1061 789 1264 830 Verbum
1282 796 1472 830 vocatur
1491 789 1725 837 “foedus,”

234 862 288 890 ae
323 849 479 890 foedus
510 857 581 891 est
612 850 881 904 conjun6tio.
943 851 1018 892 Ex
1055 866 1110 892 eo
1146 858 1231 900 est,
1265 853 1386 905 quod
1417 853 1490 905 qui
1522 851 1724 892 Verbum

234 911 464 965 applicant
491 914 548 953 ad
574 913 693 954 mala
714 915 836 955 vitae
861 920 908 955 et
934 915 991 954 ad
1018 915 1233 968 principia
1259 914 1371 955 falsa
1393 929 1507 968 quae
1533 929 1592 955 ex
1619 928 1723 968 pro—

162 1023 168 1025 ,
235 976 331 1028 pria
355 976 675 1029 intelligentia,
704 991 794 1017 non
826 979 1001 1030 possint
1028 977 1240 1030 conjungi
1267 977 1420 1018 caelo:
1459 985 1505 1018 et
1533 978 1606 1031 qui
1633 991 1723 1018 non

234 1037 458 1091 conjuncti
484 1047 589 1080 sunt
611 1039 752 1088 caelo,
777 1040 840 1080 illi
867 1040 1201 1093 conjunguntur
1222 1041 1420 1091 inferno;
1454 1053 1559 1081 nam
1585 1040 1723 1081 homo

232 1100 305 1141 vel
341 1102 424 1142 erit
464 1102 508 1142 in
545 1102 673 1143 caelo
706 1103 778 1143 vel
815 1104 898 1143 erit
939 1104 983 1143 in
1020 1103 1218 1154 inferno;
1258 1117 1348 1143 non
1386 1103 1493 1144 licet
1530 1104 1570 1144 ei
1607 1104 1724 1143 inter

233 1170 469 1217 utrumque
489 1165 697 1217 pendere.
759 1165 827 1206 At
845 1167 919 1219 qui
936 1166 1168 1219 applicant
1187 1166 1390 1207 Verbum
1408 1167 1465 1206 ad
1485 1166 1594 1206 talia
1610 1166 1723 1206 falsa

234 1239 348 1279 quae
385 1240 475 1267 non
509 1227 771 1268 discordant
808 1241 909 1268 cum
945 1228 1067 1269 bono
1102 1230 1238 1277 vitae,
1277 1228 1427 1282 qualia
1463 1235 1567 1269 sunt
1604 1229 1723 1282 apud

232 1295 396 1340 gentes
422 1290 584 1343 probas
612 1305 726 1344 quae
753 1305 842 1331 non
874 1291 1046 1332 habent
1074 1292 1292 1340 Verbum,
1321 1298 1367 1332 et
1399 1292 1517 1345 apud
1551 1291 1723 1344 simpli·

232 1364 307 1392 ces
338 1353 383 1392 in
415 1353 606 1394 ecclesia
637 1355 711 1407 qui
743 1355 933 1395 credunt
966 1356 1010 1395 in
1042 1355 1288 1396 Dominum
1320 1363 1366 1396 et
1403 1356 1518 1396 bene
1549 1356 1720 1402 vivunt,

231 1414 407 1456 illorum
425 1416 550 1465 falsa,
569 1418 671 1470 quia
689 1431 747 1458 ex
770 1417 857 1458 illis
876 1417 1086 1471 spectant
1110 1419 1292 1467 bonum,
1313 1420 1452 1459 etiam
1474 1432 1500 1458 a
1524 1418 1723 1458 Domino

231 1477 516 1531 applicantur
537 1479 594 1519 ad
620 1480 802 1528 bonum,
827 1487 873 1522 et
899 1488 1136 1522 vertuntur
1158 1482 1216 1522 ad
1242 1481 1444 1522 caelum:
1478 1480 1722 1521 essentiale

231 1542 350 1581 enim
381 1542 424 1581 in
457 1541 584 1582 caelo
610 1550 680 1583 est
713 1543 880 1584 bonum
912 1545 1049 1592 vitae,
1078 1545 1198 1596 quod
1225 1545 1344 1585 idem
1370 1551 1441 1585 est
1474 1557 1574 1584 cum
1601 1544 1722 1584 bo'no

230 1605 394 1644 amoris
409 1606 452 1644 in
473 1605 730 1654 Dominum,
749 1613 794 1646 et
810 1620 911 1646 cum
926 1607 1046 1647 bono
1062 1607 1298 1647 charitatis
1313 1621 1422 1659 erga
1436 1607 1691 1660 proximum
1711 1621 1719 1655 ;

232 1679 335 1706 nam
362 1668 607 1707 secundum
632 1669 676 1708 id
708 1669 876 1718 bonum
902 1677 972 1709 est
1004 1671 1144 1709 cuivis
1170 1670 1230 1710 ibi
1262 1671 1494 1722 perceptio
1520 1670 1626 1716 veri,
1654 1670 1720 1709 in-

231 1728 487 1781 telligentia
527 1738 574 1771 et
623 1732 860 1783 sapientia.
922 1732 997 1772 Ex
1048 1732 1117 1772 his
1166 1739 1377 1772 constare
1419 1739 1574 1785 potest
1616 1732 1720 1784 quid

229 1792 498 1844 intelligitur
520 1806 597 1845 per
618 1793 978 1834 falsificationem
999 1795 1094 1835 veri
1116 1809 1176 1835 ex
1199 1794 1369 1843 Verbo,
1394 1809 1507 1848 quae
1530 1794 1601 1835 hic
1629 1795 1720 1847 sig-

230 1854 435 1895 nificatur
461 1869 538 1908 per
566 1855 786 1896 “stellam
813 1871 836 1896 e
863 1857 991 1897 caelo
1018 1857 1251 1910 delapsam
1278 1858 1321 1898 in
1349 1857 1556 1898 terram.”

307 1923 443 1976 536.
485 1924 564 1963 “ft
589 1924 687 1963 data
715 1924 759 1964 ei
787 1925 915 1965 clavis
942 1925 1060 1977 putei
1089 1925 1463 1979 abyssi.¹'.—Quod
1493 1926 1719 1979 significet

227 1985 650 2026 communicationem
674 1993 716 2026 et
739 1987 1072 2039 conjunc‘z‘ionem
1095 2001 1189 2028 cum
1214 1988 1421 2039 infernis,
1449 1995 1633 2028 constat
1660 2002 1719 2029 ex

227 2045 560 2098 significatione
589 2051 614 2067 “
631 2047 812 2096 clavis,'’
838 2048 959 2100 quod
989 2049 1048 2088 sit
1073 2050 1266 2102 aperitio
1291 2061 1347 2097 (de
1366 2069 1431 2097 qua
1449 2061 1632 2100 sequitur);
1671 2057 1718 2090 et

225 2121 286 2148 ex
318 2107 648 2160 significatione
678 2110 840 2161 “putei
872 2109 1064 2162 abyssi,”
1090 2111 1210 2163 quod
1242 2111 1332 2151 sint
1364 2111 1535 2152 inferna
1568 2111 1640 2151 ubi
1672 2122 1718 2151 et

227 2168 346 2208 unde
362 2168 475 2208 falsa
492 2169 599 2209 mali
617 2179 671 2217 (de
686 2181 796 2217 quain
808 2181 1015 2217 sequentibus
1027 2182 1192 2219 articulis).
1250 2170 1385 2223 Quod
1403 2172 1580 2212 dicatur
1595 2173 1716 2225 quod

231 2229 378 2270 “data
403 2231 462 2270 sit
488 2230 652 2271 stellae
684 2245 707 2271 e
740 2232 867 2272 caelo
899 2232 1114 2285 delapsae
1145 2234 1189 2273 in
1222 2239 1389 2273 terram
1423 2233 1562 2274 clavis
1595 2236 1718 2288 putei

227 2292 419 2344 abyssi,“
451 2300 520 2334 est
557 2295 660 2346 quia
691 2308 770 2347 per
804 2294 1058 2335 “stellam''
1090 2295 1400 2348 significantur
1431 2298 1717 2350 cognitiones

226 2356 318 2395 veri
354 2370 414 2396 ex
447 2355 602 2397 Verbo
639 2356 902 2398 falsificatae
940 2372 1018 2411 per
1053 2359 1382 2412 applicationes
1419 2361 1476 2400 ad
1514 2360 1634 2400 mala
1671 2369 1716 2402 et

225 2418 328 2459 inde
354 2418 491 2469 salsa;
524 2426 570 2460 et
597 2420 716 2460 mala
742 2420 840 2460 falsi
866 2427 912 2461 et
938 2421 1050 2461 falsa
1072 2421 1191 2471 mali,
1216 2436 1330 2475 quae
1357 2430 1461 2463 sunt
1485 2424 1603 2476 apud
1631 2424 1714 2464 ho-

226 2482 406 2529 minem,
426 2483 631 2535 aperiunt
653 2483 823 2524 inferna
846 2484 917 2524 ubi
941 2484 1101 2525 similia
1124 2485 1243 2525 mala
1266 2492 1311 2526 et
1334 2486 1472 2526 falsa:
1506 2487 1585 2527 sed
1609 2489 1714 2540 quid

226 2558 304 2597 per
329 2545 506 2597 aperire
530 2546 709 2597 inferna
735 2546 1019 2599 intelligitur,
1047 2549 1185 2588 etiam
1212 2549 1388 2589 dicetur
1418 2551 1462 2589 in
1494 2558 1712 2603 sequente

224 2607 439 2658 articulo;
483 2621 587 2648 nam
620 2622 728 2649 mox
763 2610 940 2658 dicitur,
976 2615 1059 2651 “et
1097 2613 1271 2664 aperuit
1304 2619 1489 2665 puteum
1522 2613 1712 2665 abyssis

225 2669 358 2722 Quod
384 2670 591 2711 “clavis”
613 2671 836 2724 significet
860 2674 1171 2725 aperitionem,
1195 2681 1265 2715 est
1292 2689 1351 2715 ex
1378 2676 1644 2728 apparentia
1667 2676 1709 2716 in

224 2733 392 2773 mundo
410 2734 629 2786 spirituali
648 2748 655 2774 :
690 2742 793 2774 sunt
813 2735 870 2774 ibi
889 2735 1048 2776 domus
1067 2742 1113 2777 et
1132 2736 1365 2777 conclavia
1383 2752 1391 2787 ;
1425 2744 1528 2778 sunt
1547 2738 1710 2790 januae

221 2795 302 2848 *per
327 2809 436 2848 quas
463 2797 650 2845 intrant,
678 2804 724 2837 et
757 2804 861 2838 sunt
895 2812 1021 2839 serae
1052 2806 1098 2839 et
1131 2799 1283 2839 claves
1316 2813 1393 2852 per
1424 2814 1533 2853 quas
1565 2802 1710 2854 aperi-

224 2865 382 2908 untur3
416 2865 461 2899 et
488 2859 664 2912 singula
690 2860 766 2900 illa
792 2860 1048 2913 significant
1075 2862 1184 2902 talia
1206 2877 1319 2916 quae
1346 2870 1450 2903 sunt
1478 2864 1595 2916 apud
1628 2864 1709 2904 ho-

223 2921 414 2962 minem:
458 2923 553 2975 ipsa
589 2923 748 2964 domus
786 2925 1109 2977 correspondet
1147 2926 1430 2967 interioribus
1467 2940 1580 2979 quae
1617 2926 1709 2980 ejus
