1962 3334
611 253 718 286 cAP.
741 253 823 294 XL,
846 240 984 286 VERs,
1005 224 1152 286 8.-Ν.
1172 244 1341 299 653[b].
1519 268 1523 271 Δ
1612 256 1718 299 1717

299 364 476 397 Dominus
498 366 606 404 enim,
630 371 820 406 postquam
842 366 985 407 reliquit
1009 366 1197 404 Nazareth,
1220 366 1395 398 habitavit
1421 366 1458 398 in
1490 366 1718 407 Capemaum

402 408 549 492 gsslztgh).
566 409 612 440 iv.
631 410 695 449 13),
714 416 751 440 et
768 409 940 440 miracula
958 410 1008 440 ibi
1026 410 1110 441 fecit
1127 410 1271 449 (Mami.
1288 410 1361 441 viii.
1379 418 1486 449 5-14;
1513 411 1595 452 Joh.
1612 410 1658 441 iv.
1674 411 1719 448 46

230 535 401 577 Similia
421 537 538 578 dixit
560 537 781 578 Dominus
797 538 855 579 de
871 538 1053 578 urbibus
1073 539 1117 578 in
1134 539 1294 592 quibus
1310 538 1515 591 discipuli
1536 539 1717 595 praedift

230 605 388 640 carent
412 599 659 641 adventum
685 600 843 654 Ipsius,
867 615 946 641 seu
971 601 1287 654 Evangehum,
1311 602 1392 642 sed
1418 615 1508 642 non
1529 603 1716 655 recipie-

229 667 398 711 rentur,
424 662 492 702 his
517 663 665 703 verbis
689 663 808 715 apud
829 663 1038 711 eundem,

295 749 492 791 “Quisquis
509 761 583 782 non
602 751 775 791 receperit
792 761 869 792 vos,
885 761 1000 792 neque
1020 752 1197 783 audiverit
1215 753 1325 783 verba
1342 759 1472 790 vestra,
1489 753 1715 801 egredientes

402 803 423 824 e
438 794 548 825 domo
562 800 625 825 aut
638 795 727 825 urbe
742 795 821 832 ista,
837 795 992 826 excutite
1010 796 1192 835 pulverem
1209 796 1340 836 pedum
1357 803 1557 827 vestrorum
1571 806 1580 833 ;
1602 806 1711 828 amen

401 837 483 868 dico
500 838 614 875 vobis,
633 838 855 870 tolerabilius
873 839 941 869 en't
959 839 1075 870 ter‘rae
1095 839 1274 870 Sodomae
1293 846 1329 870 et
1348 839 1571 871 Gomorrhae
1595 840 1631 871 in
1654 840 1714 871 die

400 879 521 948 {udicii
544 891 652 921 quam
671 882 750 912 urbi
773 882 824 912 illi
834 881 853 893 ”
868 879 1046 924 ([Matth.]
1066 892 1099 913 x.
1121 891 1171 921 14,
1191 890 1253 921 15;
1283 883 1397 914 Alarc.
1417 883 1462 914 vi.
1485 891 1546 921 11;
1569 883 1654 915 Luc.
1678 893 1713 915 x.

412 928 423 943 ¹
439 926 580 964 10-12):

226 1023 361 1051 nemo
400 1011 521 1051 enim
558 1011 700 1064 rejicit
742 1011 900 1054 sancta
938 1012 1172 1061 ecclesiae,
1214 1019 1262 1054 et
1300 1019 1450 1066 'negat
1499 1013 1711 1054 Divinum

225 1072 408 1113 Domini
438 1074 637 1122 interius,
670 1088 805 1128 quam
835 1075 898 1116 illi
928 1076 1003 1129 qui
1033 1076 1078 1116 in
1109 1089 1262 1116 amore
1294 1077 1360 1116 sui
1390 1083 1523 1126 sunt;
1561 1077 1635 1130 qui
1665 1077 1711 1117 in

223 1148 376 1176 amore
401 1137 554 1176 mundi
579 1144 626 1178 et
657 1137 760 1178 inde
784 1138 913 1178 malis
938 1145 1057 1187 sunt,
1085 1138 1149 1179 illi
1174 1152 1353 1192 quoque
1379 1138 1538 1180 sanEta
1561 1139 1710 1180 eccle-

223 1198 315 1239 siae
344 1198 523 1251 rejicere
554 1207 759 1252 possunt,
785 1200 867 1241 sed
898 1215 1037 1254 usque
1068 1215 1160 1242 non
1189 1202 1390 1250 interius,
1418 1202 1504 1242 hoc
1536 1209 1621 1249 est,
1648 1217 1708 1242 ex

223 1259 565 1302 confirmatione
598 1263 759 1303 cordis.
819 1262 973 1304 Simile
1004 1264 1167 1304 dicitur
1202 1264 1259 1304 de
1300 1265 1533 1316 prophetis
1569 1272 1616 1305 et
1651 1266 1710 1305 de

222 1322 392 1376 populo
420 1325 495 1377 qui
528 1324 786 1366 adulterant
811 1340 918 1366 vera
947 1333 994 1367 et
1025 1327 1147 1367 bona
1171 1326 1327 1374 Verbi,
1355 1327 1413 1367 ad
1439 1327 1708 1368 confirman-

222 1385 330 1426 dum
354 1387 474 1427 mala
500 1394 547 1428 et
571 1387 696 1436 falsa,
723 1389 842 1441 apud
867 1388 1129 1437 Jeremiam,

287 1475 308 1489 ‘⁴
317 1474 360 1506 Iu
371 1476 555 1551 prophet‘iis
568 1476 844 1552 I-iierosoliymae
854 1478 927 1552 gidi
938 1478 1224 1552 obfirfinatiouem
1235 1479 1462 1553 horrendaull,
1473 1480 1709 1511 adulterando

397 1526 433 1550 et
448 1529 518 1551 eun
545 1531 568 1551 o
586 1530 622 1551 m
640 1531 722 1552 men
748 1531 836 1557 aclo,
878 1532 939 1552 um
956 1532 1023 1553 con
1052 1529 1212 1554 rmarunt
1231 1533 1360 1554 manus
1376 1533 1437 1554 ma
1451 1533 1564 1560 orum,
1578 1530 1618 1554 ut
1634 1533 1708 1554 non

394 1570 633 1595 reverteretur
644 1565 699 1595 vir
710 1574 733 1595 a
745 1565 881 1596 malitia
893 1575 967 1601 sua,
978 1564 1063 1596 fac‘ti
1076 1573 1159 1597 sunt
1177 1566 1268 1597 Mihi
1281 1567 1372 1597 sicut
1385 1566 1551 1605 Sodoma,
1562 1574 1599 1598 et
1610 1568 1710 1598 habi-

394 1612 529 1638 tatores
548 1607 627 1648 ejus
647 1608 739 1639 sicut
755 1608 960 1639 Gomorrha
970 1608 989 1620 ”
1005 1609 1114 1648 (xxiii.
1133 1610 1206 1649 14)·.

220 1706 301 1746 per
332 1694 618 1747 “prophetas
630 1694 649 1709 ”
679 1696 739 1735 ibi
774 1695 1088 1748 intelliguntur
1118 1697 1338 1737 docentes
1368 1711 1474 1738 vera
1504 1705 1551 1739 et
1587 1698 1708 1739 bona

220 1755 465 1806 doetrinae,
493 1764 540 1798 et
569 1758 615 1798 in
645 1772 780 1798 sensu
811 1757 1058 1807 abstracto,
1091 1761 1165 1812 qui
1195 1767 1267 1801 est
1297 1762 1519 1813 genuinus
1549 1775 1707 1801 sensus

219 1820 475 1872 spiritualis,
501 1821 769 1873 intelligitur
794 1820 1000 1862 doctrina
1023 1836 1083 1862 ex
1110 1822 1280 1871 Verbo,
1305 1825 1368 1863 ita
1389 1838 1567 1877 quoque
1588 1824 1705 1865 Ver-

219 1882 326 1923 bum
346 1883 495 1936 quoad
522 1881 799 1934 do&rinam;
832 1898 968 1937 quare
993 1898 1073 1937 per
1097 1885 1496 1927 “obfirmationem
1518 1888 1704 1927 horren-

219 1945 355 2001 dam’'
382 1945 661 1998 significatur
690 1946 974 1987 confirmatio
1004 1948 1153 1987 cordis
1184 1955 1343 1989 contra
1373 1963 1479 1990 vera
1508 1956 1555 1990 et
1586 1950 1706 1990 bona

218 2007 386 2048 Verbi:
428 2022 507 2061 per
540 2009 831 2049 “adulterare
867 2016 914 2050 et
949 2011 1011 2050 ire
1050 2011 1094 2050 in
1134 2011 1402 2052 mendaci0”
1426 2011 1706 2064 significatur

220 2078 478 2122 pervertere
509 2071 629 2111 bona
659 2078 706 2112 et
737 2086 843 2112 vera
873 2072 1044 2121 Verbi;
1077 2086 1156 2125 per
1175 2073 1467 2115 “adulterare
1480 2074 1499 2089 ”
1523 2089 1704 2128 perver-

221 2140 316 2174 tere
341 2133 461 2174 bona
486 2133 626 2174 Verbi
657 2147 736 2187 per
766 2134 885 2175 mala
910 2141 956 2175 et
986 2135 1111 2183 falsa,
1138 2139 1164 2155 “
1179 2136 1464 2177 mendacium
1475 2137 1495 2151 ’'
1519 2145 1590 2178 est
1620 2138 1703 2178 fal-

217 2210 331 2245 sum,
357 2210 409 2237 ac
434 2197 532 2237 “ire
558 2198 602 2236 in
628 2197 865 2237 mendacio
878 2197 896 2211 ”
918 2205 990 2238 est
1015 2199 1165 2238 vivere
1189 2199 1235 2238 in
1257 2199 1403 2240 falsis:
1436 2199 1702 2240 confirmare

218 2258 338 2300 mala
354 2266 401 2300 et
422 2260 526 2300 inde
549 2260 801 2312 potentiam
823 2259 1000 2300 illorum
1018 2273 1150 2312 super
1170 2261 1304 2310 bona,
1323 2262 1601 2314 significatur
1622 2276 1703 2315 per

219 2320 520 2362 “confirmare
534 2335 691 2362 manus
708 2322 928 2362 malorum
944 2322 979 2362 :’‘
1009 2329 1056 2363 et
1077 2330 1277 2375 perstare
1298 2325 1342 2364 in
1364 2325 1493 2364 malis
1510 2332 1557 2366 et
1578 2326 1701 2366 sal'sis

217 2383 447 2425 doctrinae
473 2384 749 2438 significatur
774 2399 852 2438 per
880 2390 1008 2426 “non
1034 2388 1198 2427 reverti
1222 2389 1288 2428 vir
1317 2402 1344 2428 a
1374 2389 1547 2429 malitia
1570 2404 1650 2430 sua
1666 2390 1701 2430 :''

215 2446 321 2487 inde
345 2447 508 2488 dicitur
531 2448 652 2501 quod
680 2446 822 2488 “facti
847 2448 937 2488 sint
962 2449 1077 2489 sicut
1108 2448 1319 2499 Sodoma,
1343 2458 1390 2491 et
1421 2452 1701 2492 habitatores

215 2508 309 2562 ejus
333 2510 450 2550 sicut
476 2510 728 2551 Gomorrha
745 2510 779 2559 ;”
812 2511 965 2551 “sicut
991 2510 1219 2552 Sodoma’'
1241 2513 1465 2565 significat
1496 2515 1540 2554 in
1571 2515 1701 2555 malis

215 2573 564 2613 scaturientibus
604 2586 663 2612 ex
705 2586 855 2613 amore
896 2574 976 2621 sui,
1014 2580 1061 2614 et
1096 2574 1412 2616 “habitatores
1438 2576 1544 2628 *ejus
1584 2578 1700 2618 sicut

216 2633 468 2674 Gomorrha
478 2634 498 2649 ”
512 2634 735 2687 significat
750 2636 890 2675 vitam
908 2635 1072 2676 malam
1090 2650 1149 2677 ex
1167 2637 1289 2677 salsis
1306 2636 1549 2679 doftrinae.
1604 2640 1697 2680 De-

215 2697 422 2737 scribitur
451 2697 618 2737 malum
649 2698 769 2751 quod
800 2697 1046 2738 Sodomam
1076 2706 1123 2740 et
1154 2699 1454 2742 Gomorrham
1485 2703 1696 2754 perdidit,

215 2771 294 2812 per
317 2759 429 2800 haec
454 2759 572 2812 apud
596 2759 764 2807 Mosen,

280 2847 385 2889 Quod
400 2847 606 2879 violentiam
623 2847 755 2879 inferre
771 2849 949 2880 voluerint
965 2850 1114 2890 angelis,
1125 2857 1162 2882 et
1178 2852 1272 2892 quod
1290 2852 1370 2883 ideo
1387 2854 1546 2893 percussi
1563 2854 1696 2886 fuerint

384 2891 622 2930 caecitatibus,
634 2898 671 2923 ut
689 2901 760 2923 non
779 2892 938 2925 invenire
955 2894 1135 2934 potuerint
1149 2894 1295 2935 januam
1306 2897 1366 2927 ubi
1383 2897 1503 2937 angeli
1516 2907 1524 2935 ;
1548 2904 1583 2929 et
1601 2898 1695 2938 quod
