1962 3334
280 294 386 345 1458
689 302 1023 336 APOCALYPSIS
1055 303 1353 336 EXPLICATA.

271 415 560 457 innocentiae
586 422 707 465 sunt,
731 417 805 471 qui
836 424 940 458 sunt
967 418 1040 471 qui
1071 417 1116 458 in
1148 431 1300 459 amore
1331 418 1376 458 in
1409 417 1682 468 Dominum;
1719 421 1766 458 et

271 491 350 530 per
384 479 628 520 “foramen
664 480 875 532 viperae’'
911 485 958 522 et
997 481 1299 535 “speluncam
1335 480 1531 521 basilisci
1548 480 1568 496 ’³
1598 479 1767 521 intelli-

271 548 439 594 guntur
475 542 649 583 inferna
685 543 729 583 in
766 544 925 597 quibus
962 544 1108 585 dolosi
1153 550 1200 585 et
1242 544 1380 585 astuti
1417 544 1597 596 spiritus
1634 549 1766 593 sunt;

270 611 491 656 apparent
523 606 662 646 etiam
695 606 906 648 introitus
940 607 1000 647 ad
1038 607 1115 648 illa
1151 608 1265 648 sicut
1297 607 1420 647 furva
1450 606 1681 655 foramina,
1714 619 1766 646 ac

270 666 391 706 intus
413 667 528 708 sicut
551 668 809 721 speluncae.
871 669 1005 723 Quod
1027 670 1221 711 astutiae
1243 676 1290 711 et
1313 669 1510 710 malitiae
1533 669 1767 722 spirituum

270 728 551 771 infernalium
577 745 668 772 non
692 740 909 774 nocerent
936 733 1023 773 illis
1045 747 1159 787 quos
1183 733 1405 786 Dominus
1423 738 1611 781 tutatur,
1629 731 1766 772 etiam

271 792 549 845 significatur
575 808 655 848 per
680 796 791 837 haec
820 796 1003 837 Domini
1028 797 1180 846 verba,

337 882 441 923 Quod
461 890 610 923 possent
630 885 765 916 calcare
785 895 893 925 super
912 891 1098 926 serpentes
1118 892 1153 917 et
1173 885 1342 926 scorpios,
1363 891 1399 917 et
1418 894 1526 925 super
1541 893 1686 915 omnem
1706 892 1769 924 po-

445 933 612 959 testatem
631 928 765 959 inimici
782 929 878 968 (Luc.
899 939 932 961 x.
952 929 1025 969 19);

336 969 427 1002 Tum
446 971 540 1011 quod
557 978 708 1011 possent
723 972 849 1004 tollere
866 979 1063 1013 serpentes,
1078 978 1113 1004 et
1130 982 1270 1014 quoque
1287 972 1414 1004 bibere
1425 971 1541 1010 letale,
1554 981 1619 1003 nec
1632 971 1769 1002 nocitu-

445 1025 523 1046 rum
541 1015 610 1047 illis
627 1015 752 1055 (Marc.
767 1017 836 1048 xvi.
857 1017 929 1056 18):

273 1106 298 1123 “
314 1103 488 1145 calcare
515 1118 647 1157 super
672 1105 938 1158 serpentes”
963 1104 1188 1159 significat
1216 1105 1500 1157 contemptui
1524 1104 1690 1145 habere
1717 1109 1765 1144 et

270 1166 546 1219 vilipendere
573 1167 718 1218 dolos,
745 1169 951 1218 astutias,
979 1175 1026 1210 et
1058 1174 1179 1209 artes
1206 1168 1423 1209 nefandas
1449 1167 1607 1208 turbae
1634 1166 1766 1207 infer-

272 1229 412 1280 nalis3
451 1244 587 1283 quare
614 1232 752 1271 etiam
787 1232 963 1280 dicitur,
994 1235 1078 1273 “et
1111 1245 1244 1285 super
1275 1243 1456 1272 omnem
1488 1235 1766 1283 potestatem

271 1293 437 1334 inimici
455 1293 489 1344 ;”
523 1294 797 1335 “inimicus‘'
824 1301 894 1336 est
921 1295 998 1336 illa
1024 1295 1170 1344 turba,
1197 1301 1244 1336 et
1272 1298 1518 1347 “potestas
1533 1293 1552 1309 ”
1579 1292 1671 1346 ejus
1696 1299 1767 1334 est

270 1357 452 1397 astutia.

355 1417 440 1471 [b.]
479 1418 688 1460 Malitiae
714 1425 761 1460 et
793 1420 991 1460 astutiae
1013 1419 1253 1473 spirituum
1276 1418 1578 1467 infernalium,
1601 1417 1676 1471 qui
1705 1416 1765 1456 si-

271 1479 362 1520 mul
381 1481 547 1532 sumpti
566 1487 786 1522 vocantur
806 1485 831 1501 ‘⁶
846 1480 1084 1522 diabolus”
1102 1487 1148 1521 et
1169 1479 1430 1528 “satanas,”
1447 1493 1526 1532 per
1545 1482 1766 1531 “serpen-

271 1542 373 1583 tes'’
387 1543 524 1584 etiam
539 1543 855 1596 intelliguntur
873 1545 916 1584 in
935 1544 1226 1598 sequentibus
1242 1543 1353 1584 loeis
1370 1541 1579 1594 z—Apud
1596 1540 1764 1588 Mosen,

337 1631 499 1673 Jehovah
522 1632 619 1664 Deus
634 1633 795 1664 “ducens
810 1639 844 1664 te
862 1643 924 1673 per
937 1633 1117 1664 desertum
1131 1642 1302 1672 magnum
1321 1637 1356 1663 et
1372 1630 1608 1669 formidabile,
1623 1639 1768 1671 serpen-

446 1676 501 1715 tis,
520 1677 689 1716 presteris
707 1683 742 1708 et
759 1676 989 1717 scorpionis”
1006 1676 1142 1716 (Deutr.
1160 1677 1231 1707 viii.
1252 1675 1325 1716 15):

272 1777 350 1817 per
387 1763 688 1817 profectiones
721 1763 911 1805 filiorum
946 1764 1124 1805 Israelis
1161 1764 1204 1804 in
1237 1763 1421 1804 deserto
1452 1768 1765 1815 repraesenta-

271 1829 436 1869 bantur
461 1834 507 1869 et
538 1828 642 1868 inde
669 1827 1037 1881 significabantur
1062 1827 1341 1868 tentationes
1367 1825 1592 1876 fidelium;
1630 1825 1765 1865 infes-

272 1892 471 1932 tationes
513 1898 621 1931 tunc
664 1891 722 1931 ab
762 1891 942 1931 infernis
983 1904 1063 1943 per
1102 1890 1247 1930 malos
1287 1890 1467 1942 spiritus
1506 1895 1553 1929 et
1592 1888 1764 1941 genios,

272 1953 583 2007 significantur
598 1967 677 2007 per
693 1957 717 1974 ‘⁴
732 1960 982 2007 serpenteS‚
999 1959 1225 2007 presteres
1243 1959 1289 1993 et
1308 1950 1605 2004 scorpiones.’'
1627 1950 1766 2004 Apud

272 2017 477 2066 Esaiam,

338 2108 357 2122 “
369 2107 422 2139 Ne
441 2107 595 2146 laeteris,
619 2107 839 2139 philisthaea
858 2112 943 2144 tota,
965 2106 1059 2148 quod
1079 2103 1193 2137 fradra
1212 2105 1258 2136 sit
1278 2104 1378 2144 virga
1397 2103 1599 2144 percutiens
1619 2108 1663 2141 te,
1682 2111 1765 2134 narn

445 2162 467 2235 ὃ
483 2152 603 2220 lradice
624 2151 800 2235 serpentis
820 2150 930 2182 exibit
953 2150 1150 2188 basiliscus,
1171 2149 1272 2189 cujus
1296 2146 1432 2179 fructus
1452 2152 1591 2188 prester
1609 2145 1765 2178 volans”

471 2201 480 2214 ¹
494 2195 564 2226 xiv.
583 2203 624 2235 29
650 2206 656 2227 :

273 2296 352 2336 per
378 2273 772 2323 “Philisthaeam''
795 2280 1072 2335 significatur
1093 2280 1204 2321 fides
1230 2284 1438 2332 separata
1463 2291 1489 2319 a
1515 2277 1765 2328 charitate3

273 2344 475 2387 seductio
502 2346 747 2387 multorum
780 2359 859 2398 per
890 2345 1185 2397 sophismata,
1213 2343 1372 2396 quibus
1404 2341 1481 2382 illa
1512 2340 1623 2381 fides
1655 2354 1764 2381 con-

273 2410 487 2458 firmatur,
521 2409 788 2450 describitur
819 2421 898 2461 per
934 2407 1053 2461 quod
1088 2410 1152 2447 “e
1186 2406 1334 2446 radice
1367 2405 1589 2457 serpentis
1621 2403 1766 2444 exibit
1829 2463 1831 2466 Ι

273 2474 520 2521 basiliscus,
549 2472 670 2525 cujus
696 2470 862 2513 fructus
888 2477 1063 2524 prester
1083 2469 1280 2510 volans.”
1340 2467 1478 2520 Apud
1500 2466 1763 2516 Jeremiam,

340 2568 358 2582 “
372 2567 461 2599 Ecce
483 2566 560 2605 Ego
580 2566 727 2597 mittens
747 2566 840 2596 inter
863 2575 929 2596 vos
947 2570 1131 2604 serpentes
1152 2563 1348 2600 basiliscos,
1366 2567 1491 2593 contra
1509 2570 1599 2602 quos
1619 2569 1692 2592 non
1713 2559 1749 2591 in

448 2610 615 2647 cantati0,
633 2616 668 2641 et
685 2610 900 2640 mordebunt
917 2607 1011 2639 vos”
1029 2607 1112 2648 (viii.
1134 2606 1186 2647 17)
1201 2616 1207 2644 ;

274 2687 392 2741 apud
418 2687 627 2734 eundem,

573 2761 681 2793 “Vox
697 2761 775 2801 ejus
795 2761 885 2792 sicut
904 2759 1080 2800 serpentis
1098 2757 1190 2790 ibit''
1207 2757 1303 2799 (xlvi.
1322 2765 1373 2796 22,
1388 2756 1463 2797 23):

274 2833 392 2886 apud
418 2832 574 2880 Amos,

341 2910 360 2923 “
370 2909 406 2941 Si
421 2906 712 2939 [²]occultaverint
726 2917 764 2938 se
781 2916 900 2938 coram
915 2906 1028 2938 oculis
1042 2905 1130 2937 meis
1145 2905 1180 2936 in
1195 2904 1307 2936 fundo
1322 2904 1439 2941 maris,
1454 2903 1535 2935 inde
1549 2901 1762 2944 praecipiam

448 2951 606 2992 serpenti
624 2958 661 2983 ut
678 2951 840 2983 mordeat
857 2960 919 2982 eos
931 2950 949 2962 '’
967 2950 1026 2990 (ix.
1044 2949 1087 2989 3).

1916 2983 1953 3154 -'·³'=*⁸5¹'5'·3'⁴;f
1949 2869 1953 2874 ,
1920 2773 1955 2786 ’,
1915 2742 1928 2750 ζ

1910 3246 1944 3334 ᾗπὲεό
1924 3231 1933 3240 -
1934 3222 1935 3227 Α
1919 3170 1947 3218 »152
