1962 3334
578 282 684 314 CAP.
708 282 790 322 XL,
813 281 952 314 VERS.
980 280 1150 325 19.—N.
1173 269 1340 325 700[b].
1463 273 1466 275 ’
1596 270 1701 322 1877

213 397 351 439 ducat
381 397 588 438 homines
619 410 671 438 ac
704 402 880 437 tutetur
903 394 1006 436 illos
1031 401 1192 436 contra
1216 394 1329 436 falsa
1359 400 1407 435 et
1440 392 1560 435 mala
1584 406 1699 447 quae

213 460 272 501 ab
294 460 480 508 inferno,
504 459 719 513 imprimis
741 459 785 499 in
808 458 1153 506 tentationibus,
1176 471 1291 511 quae
1316 457 1360 497 in
1386 457 1537 509 specie
1559 456 1699 509 signi-

213 521 406 564 ficantur
451 537 530 576 per
577 519 913 576 “profectiones
957 519 1148 560 filiorum
1198 519 1375 560 Israelis
1422 519 1467 559 in
1515 519 1700 559 deserto

212 585 513 639 quadraginta
529 586 659 626 annis
676 584 711 625 :”
734 584 854 638 quod
872 583 1009 624 ducat
1031 582 1135 623 illos
1156 583 1371 623 continue
1389 595 1468 635 per
1485 581 1699 622 Divinum

212 661 342 688 suum
363 648 548 696 Verum,
573 646 851 700 significatur
872 660 951 699 per
977 646 1097 699 quod
1122 649 1264 686 “arca
1284 645 1477 686 foederis
1497 644 1699 697 Jehovae

212 708 413 764 profecta
449 711 507 751 sit
543 723 697 751 coram
730 709 817 750 illis
854 709 1014 749 itinere
1045 709 1179 749 trium
1211 708 1380 749 dierum
1418 708 1475 747 ad
1512 708 1698 748 investi-

211 773 412 825 gandum
443 773 530 813 illis
564 773 761 826 requiem
778 772 814 822 ;”
846 785 926 825 per
953 775 1141 812 “arcam
1171 770 1403 824 Jehovae''
1428 770 1700 824 intelligitur

211 835 434 876 Dominus
469 835 617 889 quoad
658 835 871 875 Divinum
903 834 1090 882 Verum,
1127 848 1206 887 per
1239 833 1497 887 “proficisci
1538 834 1698 875 itinere

210 899 347 938 trium
371 898 543 938 dierum
554 897 573 911 ''
598 897 870 949 intelligitur
899 897 1146 949 auspicium
1172 902 1219 937 et
1245 894 1404 938 ductus
1429 910 1455 936 a
1481 896 1698 950 principio

211 960 269 1000 ad
299 959 462 1010 finem;
495 967 541 1001 et
573 974 652 1013 per
685 958 1165 1012 “investigationem”
1196 958 1473 1012 significatur
1504 958 1698 999 salvatio

210 1036 325 1076 quae
346 1021 470 1062 finis:
505 1023 673 1063 tutatio
701 1029 853 1063 autem
877 1036 903 1062 a
928 1021 1051 1062 salsis
1073 1027 1119 1062 et
1141 1022 1271 1062 malis
1293 1035 1408 1074 quae
1430 1021 1487 1061 ab
1508 1021 1694 1068 inferno,

211 1083 490 1138 significatur
511 1099 589 1138 per
613 1085 815 1125 “nubem
838 1084 1040 1137 Jehovae
1061 1098 1195 1138 super
1216 1084 1303 1125 illis
1325 1084 1518 1124 interdiu
1535 1083 1568 1133 ;’'
1599 1090 1696 1124 tum

210 1160 290 1200 per
307 1147 444 1188 verba
462 1147 602 1188 Mosis
627 1161 726 1188 cum
746 1146 1111 1200 proficiscebatur
1128 1160 1245 1195 arca,
1263 1150 1289 1167 “
1302 1146 1458 1199 Surge,
1473 1145 1694 1199 Jehovah,

209 1215 260 1250 ut
286 1209 603 1263 dispergantur
629 1210 795 1250 inimici
821 1210 900 1258 tui,
929 1216 976 1250 et
1008 1210 1182 1263 fugiant
1209 1224 1363 1250 osores
1390 1210 1454 1250 tui
1485 1223 1511 1249 a
1543 1222 1695 1249 coram

208 1271 406 1313 faciebus
433 1274 519 1313 tuis
536 1273 570 1323 ;”
602 1287 681 1326 per
709 1273 913 1313 “nubem
937 1272 1140 1325 Jehovae
1165 1272 1389 1313 interdiu¹'
1415 1271 1696 1325 significatur

209 1335 347 1376 etiam
370 1335 516 1376 tutela
537 1349 615 1389 per
639 1335 850 1376 Divinum
872 1335 1044 1376 Verum
1076 1336 1120 1375 in
1143 1336 1311 1376 ultimis
1333 1335 1464 1388 quale
1487 1342 1557 1375 est
1578 1334 1695 1375 Ver·

207 1397 315 1438 bum
339 1398 383 1437 in
410 1411 543 1438 sensu
569 1398 777 1448 litterae3
816 1399 1038 1439 Dominus
1061 1399 1180 1438 enim
1207 1412 1286 1451 per
1311 1398 1397 1438 hoc
1424 1398 1534 1438 adiri
1556 1397 1695 1438 etiam

208 1466 364 1513 potest
395 1474 420 1500 a
446 1461 590 1509 malis,
619 1476 670 1503 ac
703 1467 877 1501 tutatur
902 1461 1116 1501 interiora
1142 1461 1295 1509 Verbi,
1320 1475 1435 1514 quae
1460 1466 1564 1501 sunt
1591 1473 1695 1500 cae-

209 1519 343 1561 lestia
367 1528 414 1561 et
437 1521 687 1574 spiritualia
706 1536 715 1571 ;
747 1532 852 1569 (quod
867 1529 1026 1560 “nubes''
1043 1533 1122 1561 illud
1138 1533 1235 1561 Verbi
1250 1533 1416 1570 significet,
1429 1533 1574 1561 videatur
1587 1541 1693 1569 supra.

207 1598 239 1619 n.
266 1589 380 1632 5942)
418 1594 497 1633 per
538 1581 786 1620 “inimicos
828 1587 875 1621 et
914 1581 1103 1621 osores'’
1142 1581 1458 1634 significantur
1495 1581 1609 1621 salsa
1647 1587 1694 1621 et

209 1640 329 1681 mala
354 1655 468 1694 quae
499 1641 556 1681 ab
587 1642 761 1682 inferno
790 1640 888 1695 (per
916 1642 1189 1683 “inimicos’'
1214 1642 1340 1690 falsa,
1368 1649 1414 1683 et
1446 1656 1526 1695 per
1553 1646 1694 1682 “oso-

209 1716 280 1744 res
293 1703 313 1718 ¹’
343 1703 511 1757 mala);
554 1704 618 1744 ita
654 1718 829 1757 quoque
860 1704 1171 1757 significantur
1206 1705 1377 1745 inferna
1411 1704 1560 1758 quoad
1591 1704 1694 1744 illa:

209 1779 315 1806 vera
351 1780 412 1806 ex
448 1767 584 1814 bono,
617 1781 731 1820 quae
767 1773 872 1820 post
904 1769 1186 1808 tentationes
1217 1768 1388 1808 homini
1419 1767 1695 1820 implantata

208 1834 326 1876 sunt,
370 1828 678 1881 significantur
719 1843 798 1882 per
840 1828 1073 1882 “Quando
1113 1831 1373 1884 quiescebat
1415 1844 1533 1878 arca,
1577 1831 1695 1871 dixit

208 1890 375 1939 Moses,
424 1891 552 1939 Redi,
597 1891 818 1944 Jehovah,
867 1890 1128 1945 [¹¹myriades
1173 1893 1416 1934 chiliadum
1464 1893 1643 1934 Israelis
1659 1893 1695 1944 ;⁷'

210 1955 526 2007 “quiescentia
551 1954 714 1995 arcae’'
741 1954 1025 2007 significabat
1053 1962 1225 1996 statum
1257 1963 1361 2009 post
1393 1957 1690 2004 tentationes,

206 2017 389 2070 quando
419 2017 539 2057 mala
570 2023 616 2057 et
648 2017 761 2057 falsa
791 2025 967 2059 remota
999 2025 1131 2069 sunt;
1163 2033 1242 2072 per
1274 2019 1455 2060 “redire
1470 2019 1490 2033 ’‘
1521 2019 1692 2072 signifi-

207 2085 336 2120 catur
352 2080 607 2132 praesentia
626 2079 808 2120 Domini
828 2087 950 2129 tunc,
970 2094 1075 2121 nam
1094 2082 1136 2121 in
1152 2083 1483 2122 tentationibus
1500 2090 1690 2136 apparet

207 2142 427 2182 Dominus
450 2143 564 2183 sicut
593 2143 782 2194 absens;
815 2150 860 2184 et
888 2158 965 2197 per
991 2145 1256 2196 “myriades
1279 2145 1522 2186 chiliadum
1547 2146 1692 2186 Israe-

207 2204 261 2244 lis
272 2204 292 2219 ''
308 2204 618 2257 significantur
634 2219 739 2246 vera
761 2220 819 2246 ex
839 2206 961 2246 bono
982 2207 1268 2260 implantata,
1287 2222 1346 2248 ex
1364 2209 1522 2261 quibus
1544 2208 1693 2249 eccle-

206 2265 286 2305 8ἱᾶ.
327 2276 440 2312 (Quod
451 2273 468 2283 “
481 2277 638 2313 myriades
650 2277 666 2285 '¹
678 2277 826 2306 dicantur
838 2278 878 2306 de
890 2278 980 2312 veris,
993 2287 1031 2307 ac
1045 2276 1062 2286 ¹⁴
1074 2279 1225 2308 chiliades
1236 2279 1253 2287 ’¹
1264 2280 1305 2308 de
1316 2280 1418 2313 bonis,
1429 2280 1573 2308 videatur
1586 2276 1692 2318 supra,

206 2336 237 2357 n.
252 2317 360 2369 336.)
417 2317 590 2358 Similia
614 2319 927 2371 significantur
949 2334 1028 2373 per
1049 2321 1163 2361 haec
1186 2322 1305 2374 apud
1325 2322 1562 2371 Davidem,

272 2405 391 2438 “Ecce
407 2407 606 2438 audivimus
623 2407 666 2438 de
688 2407 772 2447 Ipso
790 2407 825 2438 in
844 2407 1011 2448 Ephrata,
1030 2408 1231 2440 invenimus
1250 2408 1372 2449 Ipsum
1390 2410 1425 2441 in
1445 2411 1540 2450 agris
1558 2410 1692 2447 silvae;

378 2450 588 2481 intrabimus
606 2451 641 2481 in
659 2451 859 2482 habitacula
881 2451 1009 2491 Ipsius,
1024 2452 1290 2484 incurvabimus
1302 2463 1368 2484 nos
1386 2454 1542 2484 scabello
1560 2454 1691 2494 pedum

380 2492 506 2533 Ipsius
556 2494 677 2533 Surge,
695 2494 868 2534 Jehovah,
885 2495 929 2526 ad
951 2496 1109 2536 requiem
1127 2503 1235 2534 tuam,
1252 2496 1307 2527 Tu
1323 2504 1358 2528 et
1374 2507 1456 2528 arca
1473 2497 1692 2528 fortitudinis

379 2542 479 2567 tuae:
506 2538 708 2568 sacerdotes
729 2538 777 2568 tui
800 2538 991 2569 induantur
1006 2539 1152 2578 justitia,
1169 2546 1204 2570 et
1220 2538 1334 2571 sancii
1354 2541 1403 2571 tui
1423 2540 1601 2580 jubilent'’
1619 2541 1691 2580 (Ps.

382 2580 509 2610 cxxxii.
528 2581 623 2620 6-9):

209 2661 359 2714 agitur
389 2662 433 2702 in
464 2676 519 2703 eo
545 2663 722 2715 psalmo
756 2663 991 2705 manifeste
1023 2665 1079 2706 de
1111 2665 1322 2715 Domino,
1357 2668 1429 2720 qui
1462 2668 1599 2708 etiam
1632 2668 1690 2708 ibi

204 2723 472 2776 intelligitur
495 2738 572 2778 per
599 2729 623 2745 “
641 2726 902 2774 Davidem,'’
925 2734 972 2767 ut
995 2734 1205 2769 constare
1228 2736 1381 2782 potest
1408 2744 1466 2770 ex
1494 2744 1548 2771 eo
1570 2732 1690 2784 quod

207 2787 395 2835 dicatur,
431 2787 731 2828 “Invenimus
770 2789 920 2842 Ipsum
957 2790 1001 2830 in
1039 2789 1258 2844 Ephrata‚
1292 2799 1338 2833 et
1375 2793 1418 2832 in
1456 2795 1575 2845 agris
1612 2794 1688 2833 sil—

206 2862 289 2889 vae
307 2849 340 2899 ;”
371 2856 467 2890 tum
493 2851 612 2903 quod
643 2852 968 2892 “incurvarent
1001 2866 1047 2893 se
1074 2854 1274 2895 scabello
1300 2856 1463 2908 pedum
1493 2855 1636 2908 Ipsius
1655 2856 1690 2905 ;‘’

208 2910 515 2965 “Ephratah”
533 2920 602 2953 est
627 2913 924 2955 Bethlechem
943 2915 1015 2955 ubi
1039 2915 1257 2957 Dominus
1281 2925 1413 2958 natus
1436 2925 1519 2966 est,
1541 2925 1585 2959 et
1610 2932 1689 2972 per
