<?xml version="1.0" encoding="UTF-8"?>
<!DOCTYPE html PUBLIC "-//W3C//DTD XHTML 1.0 Transitional//EN"
    "http://www.w3.org/TR/xhtml1/DTD/xhtml1-transitional.dtd">
<html xmlns="http://www.w3.org/1999/xhtml" xml:lang="en" lang="en">
 <head>
  <title>
</title>
<meta http-equiv="Content-Type" content="text/html;charset=utf-8" />
  <meta name='ocr-system' content='tesseract 3.04.00' />
  <meta name='ocr-capabilities' content='ocr_page ocr_carea ocr_par ocr_line ocrx_word'/>
</head>
<body>
  <div class='ocr_page' id='page_1' title='image "apocalypsisexpli03sweduoft_0341.png"; bbox 0 0 1962 3334; ppageno 0'>
   <div class='ocr_carea' id='block_1_1' title="bbox 636 237 1716 310">
    <p class='ocr_par' dir='ltr' id='par_1_1' title="bbox 636 237 1716 310">
     <span class='ocr_line' id='line_1_1' title="bbox 636 237 1716 310; baseline -0.003 -12"><span class='ocrx_word' id='word_1_1' title='bbox 636 265 753 306; x_wconf 63' lang='lat' dir='ltr'>cst.</span> <span class='ocrx_word' id='word_1_2' title='bbox 775 265 857 307; x_wconf 79' lang='lat' dir='ltr'>XL,</span> <span class='ocrx_word' id='word_1_3' title='bbox 878 265 1018 298; x_wconf 86' lang='lat' dir='ltr'>VERS.</span> <span class='ocrx_word' id='word_1_4' title='bbox 1044 265 1187 310; x_wconf 84' lang='lat' dir='ltr'><strong>5.-N.</strong></span> <span class='ocrx_word' id='word_1_5' title='bbox 1208 255 1305 308; x_wconf 82' lang='lat'>642.</span> <span class='ocrx_word' id='word_1_6' title='bbox 1416 237 1422 243; x_wconf 63' lang='grc'><strong>’</strong></span> <span class='ocrx_word' id='word_1_7' title='bbox 1613 254 1716 308; x_wconf 84' lang='lat'><strong>1655</strong></span> 
     </span>
    </p>
   </div>
   <div class='ocr_carea' id='block_1_2' title="bbox 228 377 1719 495">
    <p class='ocr_par' dir='ltr' id='par_1_2' title="bbox 228 377 1719 495">
     <span class='ocr_line' id='line_1_2' title="bbox 228 377 1719 441; baseline -0.003 -20"><span class='ocrx_word' id='word_1_8' title='bbox 228 385 391 421; x_wconf 31' lang='lat' dir='ltr'>*nostra</span> <span class='ocrx_word' id='word_1_9' title='bbox 421 378 596 428; x_wconf 90' lang='lat' dir='ltr'>tellure,</span> <span class='ocrx_word' id='word_1_10' title='bbox 630 385 760 433; x_wconf 88' lang='lat' dir='ltr'>patet</span> <span class='ocrx_word' id='word_1_11' title='bbox 795 379 916 433; x_wconf 93' lang='lat' dir='ltr'>quod</span> <span class='ocrx_word' id='word_1_12' title='bbox 951 379 1114 420; x_wconf 88' lang='lat' dir='ltr'>fuerint</span> <span class='ocrx_word' id='word_1_13' title='bbox 1146 379 1262 420; x_wconf 86' lang='lat' dir='ltr'>sicut</span> <span class='ocrx_word' id='word_1_14' title='bbox 1294 385 1443 441; x_wconf 82' lang='lat' dir='ltr'>status</span> <span class='ocrx_word' id='word_1_15' title='bbox 1475 377 1719 419; x_wconf 90' lang='lat' dir='ltr'>successivi</span> 
     </span>
     <span class='ocr_line' id='line_1_3' title="bbox 232 439 1718 495; baseline -0.002 -13"><span class='ocrx_word' id='word_1_16' title='bbox 232 441 429 483; x_wconf 88' lang='lat' dir='ltr'>hominis</span> <span class='ocrx_word' id='word_1_17' title='bbox 453 442 527 495; x_wconf 92' lang='lat' dir='ltr'>qui</span> <span class='ocrx_word' id='word_1_18' title='bbox 557 441 824 483; x_wconf 88' lang='lat' dir='ltr'>reformatur</span> <span class='ocrx_word' id='word_1_19' title='bbox 848 448 895 483; x_wconf 91' lang='lat' dir='ltr'>et</span> <span class='ocrx_word' id='word_1_20' title='bbox 920 448 1241 495; x_wconf 85' lang='lat' dir='ltr'>regeneratur3</span> <span class='ocrx_word' id='word_1_21' title='bbox 1274 441 1408 495; x_wconf 93' lang='lat' dir='ltr'>quod,</span> <span class='ocrx_word' id='word_1_22' title='bbox 1436 447 1486 482; x_wconf 82' lang='lat' dir='ltr'>ut</span> <span class='ocrx_word' id='word_1_23' title='bbox 1517 439 1596 481; x_wconf 89' lang='lat' dir='ltr'>fiat</span> <span class='ocrx_word' id='word_1_24' title='bbox 1627 440 1718 493; x_wconf 91' lang='lat' dir='ltr'>spi·</span> 
     </span>
    </p>
   </div>
   <div class='ocr_carea' id='block_1_3' title="bbox 116 497 1717 558">
    <p class='ocr_par' dir='ltr' id='par_1_3' title="bbox 86 492 1717 558">
     <span class='ocr_line' id='line_1_4' title="bbox 116 497 1717 558; baseline -0.001 -13.037"><span class='ocrx_word' id='word_1_25' title='bbox 116 499 127 518; x_wconf 71' lang='lat'><strong>⁵</strong></span> <span class='ocrx_word' id='word_1_26' title='bbox 167 527 170 530; x_wconf 90' lang='lat'><strong>·</strong></span> <span class='ocrx_word' id='word_1_27' title='bbox 231 497 405 547; x_wconf 73' lang='lat' dir='ltr'>&#39;ritualis</span> <span class='ocrx_word' id='word_1_28' title='bbox 446 504 599 552; x_wconf 91' lang='lat' dir='ltr'>homo,</span> <span class='ocrx_word' id='word_1_29' title='bbox 638 505 829 557; x_wconf 84' lang='lat' dir='ltr'>primum</span> <span class='ocrx_word' id='word_1_30' title='bbox 869 505 1165 558; x_wconf 86' lang='lat' dir='ltr'>concipiatur,</span> <span class='ocrx_word' id='word_1_31' title='bbox 1207 505 1311 545; x_wconf 91' lang='lat' dir='ltr'>dein</span> <span class='ocrx_word' id='word_1_32' title='bbox 1352 509 1579 550; x_wconf 91' lang='lat' dir='ltr'>nascatur,</span> <span class='ocrx_word' id='word_1_33' title='bbox 1619 508 1717 542; x_wconf 90' lang='lat' dir='ltr'>tum</span> 
     </span>
    </p>
   </div>
   <div class='ocr_carea' id='block_1_4' title="bbox 219 565 1718 683">
    <p class='ocr_par' dir='ltr' id='par_1_4' title="bbox 219 565 1718 683">
     <span class='ocr_line' id='line_1_5' title="bbox 219 565 1718 623; baseline -0.001 -18"><span class='ocrx_word' id='word_1_34' title='bbox 219 565 484 623; x_wconf 72' lang='lat' dir='ltr'>¹adolescat,</span> <span class='ocrx_word' id='word_1_35' title='bbox 511 573 558 607; x_wconf 90' lang='lat' dir='ltr'>et</span> <span class='ocrx_word' id='word_1_36' title='bbox 589 573 751 620; x_wconf 88' lang='lat' dir='ltr'>postea</span> <span class='ocrx_word' id='word_1_37' title='bbox 776 567 962 608; x_wconf 91' lang='lat' dir='ltr'>ulterius</span> <span class='ocrx_word' id='word_1_38' title='bbox 993 574 1040 608; x_wconf 88' lang='lat' dir='ltr'>et</span> <span class='ocrx_word' id='word_1_39' title='bbox 1072 567 1259 608; x_wconf 89' lang='lat' dir='ltr'>ulterius</span> <span class='ocrx_word' id='word_1_40' title='bbox 1290 568 1334 607; x_wconf 91' lang='lat' dir='ltr'>in</span> <span class='ocrx_word' id='word_1_41' title='bbox 1366 565 1718 618; x_wconf 85' lang='lat' dir='ltr'>intelligentiam</span> 
     </span>
     <span class='ocr_line' id='line_1_6' title="bbox 232 628 1717 683; baseline 0 -15"><span class='ocrx_word' id='word_1_42' title='bbox 232 633 280 668; x_wconf 89' lang='lat' dir='ltr'>et</span> <span class='ocrx_word' id='word_1_43' title='bbox 301 628 570 681; x_wconf 85' lang='lat' dir='ltr'>sapientiam</span> <span class='ocrx_word' id='word_1_44' title='bbox 591 630 875 682; x_wconf 85' lang='lat' dir='ltr'>perducatur.</span> <span class='ocrx_word' id='word_1_45' title='bbox 938 629 1148 671; x_wconf 84' lang='lat' dir='ltr'>Ecclesia</span> <span class='ocrx_word' id='word_1_46' title='bbox 1169 630 1227 670; x_wconf 91' lang='lat' dir='ltr'>ab</span> <span class='ocrx_word' id='word_1_47' title='bbox 1252 629 1574 683; x_wconf 85' lang='lat' dir='ltr'>antiquissimis</span> <span class='ocrx_word' id='word_1_48' title='bbox 1599 634 1717 668; x_wconf 91' lang='lat' dir='ltr'>tem-</span> 
     </span>
    </p>
   </div>
   <div class='ocr_carea' id='block_1_5' title="bbox 121 690 1718 808">
    <p class='ocr_par' dir='ltr' id='par_1_5' title="bbox 76 688 1718 808">
     <span class='ocr_line' id='line_1_7' title="bbox 197 690 1716 745; baseline 0 -15"><span class='ocrx_word' id='word_1_49' title='bbox 197 707 201 711; x_wconf 44' lang='lat'><strong>*</strong></span> <span class='ocrx_word' id='word_1_50' title='bbox 232 690 414 745; x_wconf 85' lang='lat' dir='ltr'>poribus</span> <span class='ocrx_word' id='word_1_51' title='bbox 440 705 579 744; x_wconf 90' lang='lat' dir='ltr'>usque</span> <span class='ocrx_word' id='word_1_52' title='bbox 610 692 667 732; x_wconf 91' lang='lat' dir='ltr'>ad</span> <span class='ocrx_word' id='word_1_53' title='bbox 699 691 834 732; x_wconf 89' lang='lat' dir='ltr'>finem</span> <span class='ocrx_word' id='word_1_54' title='bbox 866 691 1103 733; x_wconf 87' lang='lat' dir='ltr'>Ecclesiae</span> <span class='ocrx_word' id='word_1_55' title='bbox 1122 692 1351 745; x_wconf 89' lang='lat' dir='ltr'>Judaicae,</span> <span class='ocrx_word' id='word_1_56' title='bbox 1378 692 1568 732; x_wconf 90' lang='lat' dir='ltr'>increvit</span> <span class='ocrx_word' id='word_1_57' title='bbox 1600 691 1716 731; x_wconf 86' lang='lat' dir='ltr'>sicut</span> 
     </span>
     <span class='ocr_line' id='line_1_8' title="bbox 121 751 1718 808; baseline -0.001 -14.011"><span class='ocrx_word' id='word_1_58' title='bbox 121 752 145 806; x_wconf 42' lang='lat' dir='ltr'>g</span> <span class='ocrx_word' id='word_1_59' title='bbox 166 771 168 773; x_wconf 48' lang='lat'>&gt;</span> <span class='ocrx_word' id='word_1_60' title='bbox 231 751 372 794; x_wconf 87' lang='lat' dir='ltr'>homo</span> <span class='ocrx_word' id='word_1_61' title='bbox 392 754 465 807; x_wconf 91' lang='lat' dir='ltr'>qui</span> <span class='ocrx_word' id='word_1_62' title='bbox 488 755 752 808; x_wconf 90' lang='lat' dir='ltr'>concipitur,</span> <span class='ocrx_word' id='word_1_63' title='bbox 773 755 978 795; x_wconf 87' lang='lat' dir='ltr'>nascitur</span> <span class='ocrx_word' id='word_1_64' title='bbox 999 762 1046 796; x_wconf 92' lang='lat' dir='ltr'>et</span> <span class='ocrx_word' id='word_1_65' title='bbox 1071 754 1308 802; x_wconf 86' lang='lat' dir='ltr'>adolescit,</span> <span class='ocrx_word' id='word_1_66' title='bbox 1332 761 1379 795; x_wconf 85' lang='lat' dir='ltr'>et</span> <span class='ocrx_word' id='word_1_67' title='bbox 1406 761 1513 795; x_wconf 89' lang='lat' dir='ltr'>tunc</span> <span class='ocrx_word' id='word_1_68' title='bbox 1536 753 1718 794; x_wconf 85' lang='lat' dir='ltr'>instrui·</span> 
     </span>
    </p>
   </div>
   <div class='ocr_carea' id='block_1_6' title="bbox 233 816 1718 934">
    <p class='ocr_par' dir='ltr' id='par_1_6' title="bbox 233 816 1718 934">
     <span class='ocr_line' id='line_1_9' title="bbox 233 816 1717 870; baseline 0 -14"><span class='ocrx_word' id='word_1_69' title='bbox 233 822 307 857; x_wconf 85' lang='lat' dir='ltr'>tur</span> <span class='ocrx_word' id='word_1_70' title='bbox 335 822 383 857; x_wconf 91' lang='lat' dir='ltr'>et</span> <span class='ocrx_word' id='word_1_71' title='bbox 413 817 628 867; x_wconf 89' lang='lat' dir='ltr'>docetur;</span> <span class='ocrx_word' id='word_1_72' title='bbox 667 824 715 858; x_wconf 91' lang='lat' dir='ltr'>at</span> <span class='ocrx_word' id='word_1_73' title='bbox 746 824 894 858; x_wconf 89' lang='lat' dir='ltr'>status</span> <span class='ocrx_word' id='word_1_74' title='bbox 919 818 1161 858; x_wconf 86' lang='lat' dir='ltr'>successivi</span> <span class='ocrx_word' id='word_1_75' title='bbox 1186 817 1421 865; x_wconf 89' lang='lat' dir='ltr'>ecclesiae,</span> <span class='ocrx_word' id='word_1_76' title='bbox 1450 823 1555 870; x_wconf 90' lang='lat' dir='ltr'>post</span> <span class='ocrx_word' id='word_1_77' title='bbox 1581 816 1717 857; x_wconf 88' lang='lat' dir='ltr'>finem</span> 
     </span>
     <span class='ocr_line' id='line_1_10' title="bbox 233 877 1718 934; baseline 0 -15"><span class='ocrx_word' id='word_1_78' title='bbox 233 877 471 920; x_wconf 90' lang='lat' dir='ltr'>Ecclesiae</span> <span class='ocrx_word' id='word_1_79' title='bbox 492 880 722 932; x_wconf 78' lang='lat' dir='ltr'>judaicae,</span> <span class='ocrx_word' id='word_1_80' title='bbox 750 894 830 921; x_wconf 87' lang='lat' dir='ltr'>seu</span> <span class='ocrx_word' id='word_1_81' title='bbox 860 894 887 921; x_wconf 88' lang='lat' dir='ltr'>a</span> <span class='ocrx_word' id='word_1_82' title='bbox 911 887 1119 934; x_wconf 89' lang='lat' dir='ltr'>tempore</span> <span class='ocrx_word' id='word_1_83' title='bbox 1146 880 1347 928; x_wconf 89' lang='lat' dir='ltr'>Domini,</span> <span class='ocrx_word' id='word_1_84' title='bbox 1376 893 1516 933; x_wconf 92' lang='lat' dir='ltr'>usque</span> <span class='ocrx_word' id='word_1_85' title='bbox 1546 879 1604 920; x_wconf 89' lang='lat' dir='ltr'>ad</span> <span class='ocrx_word' id='word_1_86' title='bbox 1634 879 1718 919; x_wconf 89' lang='lat' dir='ltr'>ho·</span> 
     </span>
    </p>
   </div>
   <div class='ocr_carea' id='block_1_7' title="bbox 233 940 1719 994">
    <p class='ocr_par' dir='ltr' id='par_1_7' title="bbox 83 930 1719 1003">
     <span class='ocr_line' id='line_1_11' title="bbox 233 940 1719 994; baseline 0.001 -12.908"><span class='ocrx_word' id='word_1_87' title='bbox 233 940 437 982; x_wconf 69' lang='lat' dir='ltr'>dien-num</span> <span class='ocrx_word' id='word_1_88' title='bbox 468 942 603 990; x_wconf 93' lang='lat' dir='ltr'>diem,</span> <span class='ocrx_word' id='word_1_89' title='bbox 630 943 806 984; x_wconf 88' lang='lat' dir='ltr'>fuerunt</span> <span class='ocrx_word' id='word_1_90' title='bbox 837 943 952 984; x_wconf 91' lang='lat' dir='ltr'>sicut</span> <span class='ocrx_word' id='word_1_91' title='bbox 983 942 1122 984; x_wconf 91' lang='lat' dir='ltr'>homo</span> <span class='ocrx_word' id='word_1_92' title='bbox 1153 944 1317 983; x_wconf 91' lang='lat' dir='ltr'>crescit</span> <span class='ocrx_word' id='word_1_93' title='bbox 1341 942 1647 994; x_wconf 90' lang='lat' dir='ltr'>intelligentia</span> <span class='ocrx_word' id='word_1_94' title='bbox 1672 948 1719 982; x_wconf 93' lang='lat' dir='ltr'>et</span> 
     </span>
    </p>
   </div>
   <div class='ocr_carea' id='block_1_8' title="bbox 233 1003 1720 1183">
    <p class='ocr_par' dir='ltr' id='par_1_8' title="bbox 233 1003 1720 1183">
     <span class='ocr_line' id='line_1_12' title="bbox 233 1003 1718 1059; baseline 0 -15"><span class='ocrx_word' id='word_1_95' title='bbox 233 1004 469 1057; x_wconf 89' lang='lat' dir='ltr'>sapientia,</span> <span class='ocrx_word' id='word_1_96' title='bbox 496 1018 575 1045; x_wconf 92' lang='lat' dir='ltr'>seu</span> <span class='ocrx_word' id='word_1_97' title='bbox 600 1011 919 1058; x_wconf 83' lang='lat' dir='ltr'>regeneratur;</span> <span class='ocrx_word' id='word_1_98' title='bbox 956 1018 1090 1059; x_wconf 91' lang='lat' dir='ltr'>quem</span> <span class='ocrx_word' id='word_1_99' title='bbox 1115 1006 1176 1046; x_wconf 93' lang='lat' dir='ltr'>ob</span> <span class='ocrx_word' id='word_1_100' title='bbox 1200 1004 1335 1046; x_wconf 91' lang='lat' dir='ltr'>finem</span> <span class='ocrx_word' id='word_1_101' title='bbox 1361 1005 1576 1045; x_wconf 90' lang='lat' dir='ltr'>interiora</span> <span class='ocrx_word' id='word_1_102' title='bbox 1601 1003 1718 1044; x_wconf 91' lang='lat' dir='ltr'>Ver—</span> 
     </span>
     <span class='ocr_line' id='line_1_13' title="bbox 233 1066 1720 1115; baseline -0.001 -7"><span class='ocrx_word' id='word_1_103' title='bbox 233 1066 293 1115; x_wconf 90' lang='lat' dir='ltr'>bi,</span> <span class='ocrx_word' id='word_1_104' title='bbox 320 1066 539 1108; x_wconf 89' lang='lat' dir='ltr'>ecclesiae</span> <span class='ocrx_word' id='word_1_105' title='bbox 564 1074 611 1108; x_wconf 90' lang='lat' dir='ltr'>et</span> <span class='ocrx_word' id='word_1_106' title='bbox 642 1067 791 1108; x_wconf 91' lang='lat' dir='ltr'>cultus</span> <span class='ocrx_word' id='word_1_107' title='bbox 821 1082 848 1108; x_wconf 92' lang='lat' dir='ltr'>a</span> <span class='ocrx_word' id='word_1_108' title='bbox 879 1068 1093 1115; x_wconf 89' lang='lat' dir='ltr'>Domino,</span> <span class='ocrx_word' id='word_1_109' title='bbox 1121 1081 1225 1109; x_wconf 89' lang='lat' dir='ltr'>cum</span> <span class='ocrx_word' id='word_1_110' title='bbox 1257 1068 1337 1109; x_wconf 87' lang='lat' dir='ltr'>fuit</span> <span class='ocrx_word' id='word_1_111' title='bbox 1367 1068 1411 1108; x_wconf 89' lang='lat' dir='ltr'>in</span> <span class='ocrx_word' id='word_1_112' title='bbox 1438 1067 1622 1115; x_wconf 92' lang='lat' dir='ltr'>mundo,</span> <span class='ocrx_word' id='word_1_113' title='bbox 1649 1080 1720 1107; x_wconf 89' lang='lat' dir='ltr'>re-</span> 
     </span>
     <span class='ocr_line' id='line_1_14' title="bbox 233 1128 1718 1183; baseline 0 -14"><span class='ocrx_word' id='word_1_114' title='bbox 233 1128 387 1170; x_wconf 86' lang='lat' dir='ltr'>velata</span> <span class='ocrx_word' id='word_1_115' title='bbox 412 1136 517 1171; x_wconf 84' lang='lat' dir='ltr'>sunt</span> <span class='ocrx_word' id='word_1_116' title='bbox 533 1144 543 1180; x_wconf 90' lang='lat'>;</span> <span class='ocrx_word' id='word_1_117' title='bbox 576 1137 623 1171; x_wconf 88' lang='lat' dir='ltr'>et</span> <span class='ocrx_word' id='word_1_118' title='bbox 654 1143 771 1171; x_wconf 89' lang='lat' dir='ltr'>nunc</span> <span class='ocrx_word' id='word_1_119' title='bbox 804 1131 957 1171; x_wconf 91' lang='lat' dir='ltr'>denuo</span> <span class='ocrx_word' id='word_1_120' title='bbox 982 1131 1130 1171; x_wconf 91' lang='lat' dir='ltr'>adhuc</span> <span class='ocrx_word' id='word_1_121' title='bbox 1156 1131 1395 1181; x_wconf 89' lang='lat' dir='ltr'>interiora;</span> <span class='ocrx_word' id='word_1_122' title='bbox 1428 1137 1475 1171; x_wconf 91' lang='lat' dir='ltr'>et</span> <span class='ocrx_word' id='word_1_123' title='bbox 1500 1135 1718 1183; x_wconf 89' lang='lat' dir='ltr'>quantum</span> 
     </span>
    </p>
   </div>
   <div class='ocr_carea' id='block_1_9' title="bbox 98 1185 1719 1261">
    <p class='ocr_par' dir='ltr' id='par_1_9' title="bbox 93 1185 1719 1261">
     <span class='ocr_line' id='line_1_15' title="bbox 98 1185 1719 1261; baseline 0 -28"><span class='ocrx_word' id='word_1_124' title='bbox 98 1185 119 1223; x_wconf 70' lang='lat'>-¹&#39;.‘</span> <span class='ocrx_word' id='word_1_125' title='bbox 149 1228 169 1261; x_wconf 53' lang='lat'><em>2</em></span> <span class='ocrx_word' id='word_1_126' title='bbox 234 1191 448 1233; x_wconf 88' lang='lat' dir='ltr'>interiora</span> <span class='ocrx_word' id='word_1_127' title='bbox 472 1193 744 1242; x_wconf 86' lang='lat' dir='ltr'>revelantur,</span> <span class='ocrx_word' id='word_1_128' title='bbox 773 1199 954 1235; x_wconf 89' lang='lat' dir='ltr'>tantum</span> <span class='ocrx_word' id='word_1_129' title='bbox 981 1200 1136 1247; x_wconf 90' lang='lat' dir='ltr'>potest</span> <span class='ocrx_word' id='word_1_130' title='bbox 1162 1194 1301 1234; x_wconf 91' lang='lat' dir='ltr'>homo</span> <span class='ocrx_word' id='word_1_131' title='bbox 1327 1194 1574 1247; x_wconf 86' lang='lat' dir='ltr'>sapientior</span> <span class='ocrx_word' id='word_1_132' title='bbox 1599 1192 1719 1243; x_wconf 89' lang='lat' dir='ltr'>fieri;</span> 
     </span>
    </p>
   </div>
   <div class='ocr_carea' id='block_1_10' title="bbox 234 1255 1720 1359">
    <p class='ocr_par' dir='ltr' id='par_1_10' title="bbox 234 1255 1720 1359">
     <span class='ocr_line' id='line_1_16' title="bbox 234 1255 1720 1310; baseline 0 -14"><span class='ocrx_word' id='word_1_133' title='bbox 234 1267 340 1296; x_wconf 87' lang='lat' dir='ltr'>nam</span> <span class='ocrx_word' id='word_1_134' title='bbox 365 1256 551 1297; x_wconf 88' lang='lat' dir='ltr'>interior</span> <span class='ocrx_word' id='word_1_135' title='bbox 575 1255 669 1297; x_wconf 90' lang='lat' dir='ltr'>fieri</span> <span class='ocrx_word' id='word_1_136' title='bbox 693 1263 764 1297; x_wconf 93' lang='lat' dir='ltr'>est</span> <span class='ocrx_word' id='word_1_137' title='bbox 790 1258 1050 1310; x_wconf 89' lang='lat' dir='ltr'>sapientior,</span> <span class='ocrx_word' id='word_1_138' title='bbox 1077 1270 1129 1298; x_wconf 86' lang='lat' dir='ltr'>ac</span> <span class='ocrx_word' id='word_1_139' title='bbox 1156 1257 1406 1310; x_wconf 87' lang='lat' dir='ltr'>sapientior</span> <span class='ocrx_word' id='word_1_140' title='bbox 1431 1256 1525 1297; x_wconf 90' lang='lat' dir='ltr'>fieri</span> <span class='ocrx_word' id='word_1_141' title='bbox 1556 1262 1627 1297; x_wconf 91' lang='lat' dir='ltr'>est</span> <span class='ocrx_word' id='word_1_142' title='bbox 1652 1256 1720 1296; x_wconf 92' lang='lat' dir='ltr'>in-</span> 
     </span>
     <span class='ocr_line' id='line_1_17' title="bbox 234 1318 385 1359; baseline -0.007 0"><span class='ocrx_word' id='word_1_143' title='bbox 234 1318 385 1359; x_wconf 83' lang='lat' dir='ltr'>terior.</span> 
     </span>
    </p>
   </div>
   <div class='ocr_carea' id='block_1_11' title="bbox 311 1385 1723 1440">
    <p class='ocr_par' dir='ltr' id='par_1_11' title="bbox 311 1385 1723 1440">
     <span class='ocr_line' id='line_1_18' title="bbox 311 1385 1723 1440; baseline -0.001 -13"><span class='ocrx_word' id='word_1_144' title='bbox 311 1385 447 1440; x_wconf 75' lang='lat'>642.</span> <span class='ocrx_word' id='word_1_145' title='bbox 474 1385 611 1439; x_wconf 72' lang='lat' dir='ltr'>“lqm&#39;s</span> <span class='ocrx_word' id='word_1_146' title='bbox 630 1386 868 1440; x_wconf 66' lang='lat' dir='ltr'>egredietur</span> <span class='ocrx_word' id='word_1_147' title='bbox 885 1400 938 1427; x_wconf 74' lang='grc' dir='ltr'>οι</span> <span class='ocrx_word' id='word_1_148' title='bbox 960 1399 1032 1427; x_wconf 74' lang='lat' dir='ltr'>om</span> <span class='ocrx_word' id='word_1_149' title='bbox 1055 1387 1229 1433; x_wconf 77' lang='lat' dir='ltr'>illorum,</span> <span class='ocrx_word' id='word_1_150' title='bbox 1250 1390 1294 1427; x_wconf 68' lang='lat' dir='ltr'>ot</span> <span class='ocrx_word' id='word_1_151' title='bbox 1314 1386 1523 1426; x_wconf 68' lang='lat' dir='ltr'>damnabit</span> <span class='ocrx_word' id='word_1_152' title='bbox 1540 1385 1723 1426; x_wconf 75' lang='lat' dir='ltr'>inimicos</span> 
     </span>
    </p>
   </div>
   <div class='ocr_carea' id='block_1_12' title="bbox 234 1444 1723 1500">
    <p class='ocr_par' dir='ltr' id='par_1_12' title="bbox 103 1422 1723 1518">
     <span class='ocr_line' id='line_1_19' title="bbox 234 1444 1723 1500; baseline 0.002 -17.677"><span class='ocrx_word' id='word_1_153' title='bbox 234 1444 628 1498; x_wconf 74' lang='lat' dir='ltr'>illorum,”—Quod</span> <span class='ocrx_word' id='word_1_154' title='bbox 648 1446 874 1499; x_wconf 87' lang='lat' dir='ltr'>significet</span> <span class='ocrx_word' id='word_1_155' title='bbox 891 1447 1012 1500; x_wconf 84' lang='lat' dir='ltr'><em>quod</em></span> <span class='ocrx_word' id='word_1_156' title='bbox 1023 1447 1206 1487; x_wconf 81' lang='lat' dir='ltr'>illaturi</span> <span class='ocrx_word' id='word_1_157' title='bbox 1220 1447 1431 1487; x_wconf 88' lang='lat' dir='ltr'>damnum</span> <span class='ocrx_word' id='word_1_158' title='bbox 1447 1446 1545 1486; x_wconf 80' lang='lat' dir='ltr'>illis</span> <span class='ocrx_word' id='word_1_159' title='bbox 1558 1446 1723 1486; x_wconf 86' lang='lat' dir='ltr'>cadant</span> 
     </span>
    </p>
   </div>
   <div class='ocr_carea' id='block_1_13' title="bbox 232 1505 1723 1871">
    <p class='ocr_par' dir='ltr' id='par_1_13' title="bbox 232 1505 1723 1871">
     <span class='ocr_line' id='line_1_20' title="bbox 235 1505 1720 1561; baseline 0.001 -15"><span class='ocrx_word' id='word_1_160' title='bbox 235 1505 284 1546; x_wconf 80' lang='lat' dir='ltr'>in</span> <span class='ocrx_word' id='word_1_161' title='bbox 302 1505 422 1547; x_wconf 88' lang='lat' dir='ltr'>mala</span> <span class='ocrx_word' id='word_1_162' title='bbox 441 1513 484 1546; x_wconf 85' lang='lat' dir='ltr'>et</span> <span class='ocrx_word' id='word_1_163' title='bbox 491 1506 626 1558; x_wconf 86' lang='lat' dir='ltr'>falsa</span> <span class='ocrx_word' id='word_1_164' title='bbox 642 1521 754 1560; x_wconf 86' lang='lat' dir='ltr'>quae</span> <span class='ocrx_word' id='word_1_165' title='bbox 772 1507 828 1548; x_wconf 87' lang='lat' dir='ltr'>ab</span> <span class='ocrx_word' id='word_1_166' title='bbox 848 1508 1035 1559; x_wconf 86' lang='lat' dir='ltr'>inferno,</span> <span class='ocrx_word' id='word_1_167' title='bbox 1055 1522 1166 1561; x_wconf 87' lang='lat' dir='ltr'>quae</span> <span class='ocrx_word' id='word_1_168' title='bbox 1185 1507 1288 1548; x_wconf 86' lang='lat' dir='ltr'>illos</span> <span class='ocrx_word' id='word_1_169' title='bbox 1303 1507 1511 1559; x_wconf 82' lang='lat' dir='ltr'>perdunt,</span> <span class='ocrx_word' id='word_1_170' title='bbox 1535 1513 1720 1548; x_wconf 90' lang='lat' dir='ltr'>constat</span> 
     </span>
     <span class='ocr_line' id='line_1_21' title="bbox 236 1568 1719 1623; baseline 0 -13"><span class='ocrx_word' id='word_1_171' title='bbox 236 1581 298 1610; x_wconf 89' lang='lat' dir='ltr'>ex</span> <span class='ocrx_word' id='word_1_172' title='bbox 322 1568 653 1622; x_wconf 88' lang='lat' dir='ltr'>significatione</span> <span class='ocrx_word' id='word_1_173' title='bbox 681 1569 877 1623; x_wconf 89' lang='lat' dir='ltr'>“ignis‚’&#39;</span> <span class='ocrx_word' id='word_1_174' title='bbox 902 1571 1023 1623; x_wconf 92' lang='lat' dir='ltr'>quod</span> <span class='ocrx_word' id='word_1_175' title='bbox 1049 1571 1107 1611; x_wconf 91' lang='lat' dir='ltr'>sit</span> <span class='ocrx_word' id='word_1_176' title='bbox 1132 1583 1260 1610; x_wconf 86' lang='lat' dir='ltr'>amor</span> <span class='ocrx_word' id='word_1_177' title='bbox 1284 1571 1328 1610; x_wconf 90' lang='lat' dir='ltr'>in</span> <span class='ocrx_word' id='word_1_178' title='bbox 1355 1577 1545 1623; x_wconf 88' lang='lat' dir='ltr'>utroque-</span> <span class='ocrx_word' id='word_1_179' title='bbox 1571 1583 1719 1618; x_wconf 86' lang='lat' dir='ltr'>sensu,</span> 
     </span>
     <span class='ocr_line' id='line_1_22' title="bbox 234 1630 1721 1685; baseline 0.001 -13"><span class='ocrx_word' id='word_1_180' title='bbox 234 1630 310 1673; x_wconf 81' lang='lat' dir='ltr'>hic</span> <span class='ocrx_word' id='word_1_181' title='bbox 323 1645 451 1672; x_wconf 90' lang='lat' dir='ltr'>amor</span> <span class='ocrx_word' id='word_1_182' title='bbox 464 1633 531 1672; x_wconf 89' lang='lat' dir='ltr'>sui</span> <span class='ocrx_word' id='word_1_183' title='bbox 549 1639 595 1673; x_wconf 93' lang='lat' dir='ltr'>et</span> <span class='ocrx_word' id='word_1_184' title='bbox 613 1633 781 1680; x_wconf 87' lang='lat' dir='ltr'>mundi,</span> <span class='ocrx_word' id='word_1_185' title='bbox 793 1639 840 1673; x_wconf 91' lang='lat' dir='ltr'>et</span> <span class='ocrx_word' id='word_1_186' title='bbox 857 1633 961 1673; x_wconf 91' lang='lat' dir='ltr'>inde</span> <span class='ocrx_word' id='word_1_187' title='bbox 976 1646 1102 1673; x_wconf 87' lang='lat' dir='ltr'>amor</span> <span class='ocrx_word' id='word_1_188' title='bbox 1116 1633 1222 1673; x_wconf 89' lang='lat' dir='ltr'>mali</span> <span class='ocrx_word' id='word_1_189' title='bbox 1240 1640 1286 1673; x_wconf 89' lang='lat' dir='ltr'>et</span> <span class='ocrx_word' id='word_1_190' title='bbox 1304 1632 1403 1673; x_wconf 87' lang='lat' dir='ltr'>falsi</span> <span class='ocrx_word' id='word_1_191' title='bbox 1420 1634 1567 1673; x_wconf 87' lang='lat' dir='ltr'>omnis</span> <span class='ocrx_word' id='word_1_192' title='bbox 1580 1645 1721 1685; x_wconf 89' lang='lat' dir='ltr'>gene-</span> 
     </span>
     <span class='ocr_line' id='line_1_23' title="bbox 236 1693 1721 1747; baseline -0.001 -13"><span class='ocrx_word' id='word_1_193' title='bbox 236 1693 297 1734; x_wconf 82' lang='lat' dir='ltr'>ris</span> <span class='ocrx_word' id='word_1_194' title='bbox 314 1703 370 1742; x_wconf 84' lang='lat' dir='ltr'>(de</span> <span class='ocrx_word' id='word_1_195' title='bbox 383 1712 449 1741; x_wconf 86' lang='lat' dir='ltr'>qua</span> <span class='ocrx_word' id='word_1_196' title='bbox 461 1712 567 1741; x_wconf 84' lang='lat' dir='ltr'>supra,</span> <span class='ocrx_word' id='word_1_197' title='bbox 582 1713 613 1733; x_wconf 89' lang='lat' dir='ltr'>n.</span> <span class='ocrx_word' id='word_1_198' title='bbox 628 1693 696 1738; x_wconf 85' lang='lat'>68.</span> <span class='ocrx_word' id='word_1_199' title='bbox 710 1703 801 1746; x_wconf 86' lang='lat'><strong>504.</strong></span> <span class='ocrx_word' id='word_1_200' title='bbox 815 1702 911 1746; x_wconf 84' lang='lat'>539)</span> <span class='ocrx_word' id='word_1_201' title='bbox 928 1708 937 1743; x_wconf 89' lang='lat'>;</span> <span class='ocrx_word' id='word_1_202' title='bbox 964 1694 1070 1734; x_wconf 91' lang='lat' dir='ltr'>inde</span> <span class='ocrx_word' id='word_1_203' title='bbox 1082 1695 1286 1747; x_wconf 86' lang='lat' dir='ltr'>sequitur</span> <span class='ocrx_word' id='word_1_204' title='bbox 1300 1694 1421 1747; x_wconf 93' lang='lat' dir='ltr'>quod</span> <span class='ocrx_word' id='word_1_205' title='bbox 1438 1707 1518 1746; x_wconf 89' lang='lat' dir='ltr'>per</span> <span class='ocrx_word' id='word_1_206' title='bbox 1534 1697 1560 1714; x_wconf 80' lang='lat'>‘⁴</span> <span class='ocrx_word' id='word_1_207' title='bbox 1573 1693 1721 1746; x_wconf 86' lang='lat' dir='ltr'>Egre-</span> 
     </span>
     <span class='ocr_line' id='line_1_24' title="bbox 232 1754 1722 1808; baseline 0 -13"><span class='ocrx_word' id='word_1_208' title='bbox 232 1754 387 1807; x_wconf 76' lang='lat' dir='ltr'>dietur</span> <span class='ocrx_word' id='word_1_209' title='bbox 410 1755 528 1808; x_wconf 87' lang='lat' dir='ltr'>ignis</span> <span class='ocrx_word' id='word_1_210' title='bbox 558 1769 618 1795; x_wconf 87' lang='lat' dir='ltr'>ex</span> <span class='ocrx_word' id='word_1_211' title='bbox 650 1769 727 1795; x_wconf 90' lang='lat' dir='ltr'>ore</span> <span class='ocrx_word' id='word_1_212' title='bbox 752 1754 930 1795; x_wconf 91' lang='lat' dir='ltr'>illorum</span> <span class='ocrx_word' id='word_1_213' title='bbox 942 1754 961 1769; x_wconf 92' lang='lat'>’&#39;</span> <span class='ocrx_word' id='word_1_214' title='bbox 988 1754 1265 1807; x_wconf 87' lang='lat' dir='ltr'>significetur</span> <span class='ocrx_word' id='word_1_215' title='bbox 1295 1755 1416 1808; x_wconf 92' lang='lat' dir='ltr'>quod</span> <span class='ocrx_word' id='word_1_216' title='bbox 1447 1756 1492 1795; x_wconf 93' lang='lat' dir='ltr'>in</span> <span class='ocrx_word' id='word_1_217' title='bbox 1524 1754 1644 1795; x_wconf 89' lang='lat' dir='ltr'>mala</span> <span class='ocrx_word' id='word_1_218' title='bbox 1674 1762 1722 1795; x_wconf 91' lang='lat' dir='ltr'>et</span> 
     </span>
     <span class='ocr_line' id='line_1_25' title="bbox 237 1817 1723 1871; baseline -0.001 -13"><span class='ocrx_word' id='word_1_219' title='bbox 237 1817 351 1859; x_wconf 85' lang='lat' dir='ltr'>salsa</span> <span class='ocrx_word' id='word_1_220' title='bbox 380 1818 527 1858; x_wconf 85' lang='lat' dir='ltr'>omnis</span> <span class='ocrx_word' id='word_1_221' title='bbox 558 1818 750 1870; x_wconf 87' lang='lat' dir='ltr'>generis,</span> <span class='ocrx_word' id='word_1_222' title='bbox 783 1831 900 1871; x_wconf 91' lang='lat' dir='ltr'>quae</span> <span class='ocrx_word' id='word_1_223' title='bbox 935 1818 993 1858; x_wconf 89' lang='lat' dir='ltr'>ab</span> <span class='ocrx_word' id='word_1_224' title='bbox 1027 1817 1215 1865; x_wconf 87' lang='lat' dir='ltr'>inferno,</span> <span class='ocrx_word' id='word_1_225' title='bbox 1248 1818 1432 1865; x_wconf 86' lang='lat' dir='ltr'>cadant,</span> <span class='ocrx_word' id='word_1_226' title='bbox 1465 1831 1628 1870; x_wconf 91' lang='lat' dir='ltr'>nempe</span> <span class='ocrx_word' id='word_1_227' title='bbox 1658 1817 1723 1857; x_wconf 92' lang='lat' dir='ltr'>illi</span> 
     </span>
    </p>
   </div>
   <div class='ocr_carea' id='block_1_14' title="bbox 237 1879 1722 1934">
    <p class='ocr_par' dir='ltr' id='par_1_14' title="bbox 106 1875 1722 1934">
     <span class='ocr_line' id='line_1_26' title="bbox 237 1879 1722 1934; baseline -0.002 -11.243"><span class='ocrx_word' id='word_1_228' title='bbox 237 1879 313 1934; x_wconf 90' lang='lat' dir='ltr'>qui</span> <span class='ocrx_word' id='word_1_229' title='bbox 337 1880 498 1921; x_wconf 89' lang='lat' dir='ltr'>volunt</span> <span class='ocrx_word' id='word_1_230' title='bbox 524 1880 612 1920; x_wconf 91' lang='lat' dir='ltr'>illis</span> <span class='ocrx_word' id='word_1_231' title='bbox 638 1893 802 1921; x_wconf 90' lang='lat' dir='ltr'>nocere</span> <span class='ocrx_word' id='word_1_232' title='bbox 828 1894 907 1920; x_wconf 92' lang='lat' dir='ltr'>seu</span> <span class='ocrx_word' id='word_1_233' title='bbox 934 1880 1149 1920; x_wconf 90' lang='lat' dir='ltr'>damnum</span> <span class='ocrx_word' id='word_1_234' title='bbox 1175 1880 1359 1920; x_wconf 90' lang='lat' dir='ltr'>inferre:</span> <span class='ocrx_word' id='word_1_235' title='bbox 1393 1886 1440 1921; x_wconf 93' lang='lat' dir='ltr'>et</span> <span class='ocrx_word' id='word_1_236' title='bbox 1466 1894 1526 1921; x_wconf 85' lang='lat' dir='ltr'>ex</span> <span class='ocrx_word' id='word_1_237' title='bbox 1552 1879 1722 1933; x_wconf 90' lang='lat' dir='ltr'>signifi-</span> 
     </span>
    </p>
   </div>
   <div class='ocr_carea' id='block_1_15' title="bbox 240 1942 1722 1996">
    <p class='ocr_par' dir='ltr' id='par_1_15' title="bbox 240 1942 1722 1996">
     <span class='ocr_line' id='line_1_27' title="bbox 240 1942 1722 1996; baseline 0 -12"><span class='ocrx_word' id='word_1_238' title='bbox 240 1944 423 1984; x_wconf 87' lang='lat' dir='ltr'>catione</span> <span class='ocrx_word' id='word_1_239' title='bbox 451 1943 711 1983; x_wconf 90' lang='lat' dir='ltr'>“devorare</span> <span class='ocrx_word' id='word_1_240' title='bbox 736 1943 941 1983; x_wconf 91' lang='lat' dir='ltr'>inimicos</span> <span class='ocrx_word' id='word_1_241' title='bbox 971 1942 1189 1991; x_wconf 88' lang='lat' dir='ltr'>illorum,”</span> <span class='ocrx_word' id='word_1_242' title='bbox 1214 1943 1334 1996; x_wconf 90' lang='lat' dir='ltr'>quod</span> <span class='ocrx_word' id='word_1_243' title='bbox 1366 1943 1424 1983; x_wconf 83' lang='lat' dir='ltr'>sit</span> <span class='ocrx_word' id='word_1_244' title='bbox 1454 1943 1575 1996; x_wconf 94' lang='lat' dir='ltr'>quod</span> <span class='ocrx_word' id='word_1_245' title='bbox 1607 1944 1722 1996; x_wconf 88' lang='lat' dir='ltr'>peri-</span> 
     </span>
    </p>
   </div>
   <div class='ocr_carea' id='block_1_16' title="bbox 239 2005 1723 2059">
    <p class='ocr_par' dir='ltr' id='par_1_16' title="bbox 110 1995 1723 2059">
     <span class='ocr_line' id='line_1_28' title="bbox 239 2005 1723 2059; baseline 0 -13"><span class='ocrx_word' id='word_1_246' title='bbox 239 2006 328 2047; x_wconf 85' lang='lat' dir='ltr'>turi</span> <span class='ocrx_word' id='word_1_247' title='bbox 356 2019 436 2059; x_wconf 88' lang='lat' dir='ltr'>per</span> <span class='ocrx_word' id='word_1_248' title='bbox 464 2005 576 2046; x_wconf 90' lang='lat' dir='ltr'>falsa</span> <span class='ocrx_word' id='word_1_249' title='bbox 602 2005 734 2056; x_wconf 90' lang='lat' dir='ltr'>mali;</span> <span class='ocrx_word' id='word_1_250' title='bbox 771 2006 815 2046; x_wconf 91' lang='lat' dir='ltr'>in</span> <span class='ocrx_word' id='word_1_251' title='bbox 841 2005 997 2046; x_wconf 90' lang='lat' dir='ltr'>Verbo</span> <span class='ocrx_word' id='word_1_252' title='bbox 1028 2006 1146 2046; x_wconf 90' lang='lat' dir='ltr'>enim</span> <span class='ocrx_word' id='word_1_253' title='bbox 1178 2019 1257 2059; x_wconf 91' lang='lat' dir='ltr'>per</span> <span class='ocrx_word' id='word_1_254' title='bbox 1285 2006 1527 2046; x_wconf 89' lang='lat' dir='ltr'>“inimicos</span> <span class='ocrx_word' id='word_1_255' title='bbox 1538 2005 1558 2020; x_wconf 92' lang='lat'>‘&#39;</span> <span class='ocrx_word' id='word_1_256' title='bbox 1583 2007 1723 2059; x_wconf 88' lang='lat' dir='ltr'>signi-</span> 
     </span>
    </p>
   </div>
   <div class='ocr_carea' id='block_1_17' title="bbox 239 2067 1726 2310">
    <p class='ocr_par' dir='ltr' id='par_1_17' title="bbox 239 2067 1726 2310">
     <span class='ocr_line' id='line_1_29' title="bbox 239 2067 1724 2121; baseline 0 -13"><span class='ocrx_word' id='word_1_257' title='bbox 239 2067 432 2109; x_wconf 88' lang='lat' dir='ltr'>ficantur</span> <span class='ocrx_word' id='word_1_258' title='bbox 461 2068 574 2108; x_wconf 86' lang='lat' dir='ltr'>falsa</span> <span class='ocrx_word' id='word_1_259' title='bbox 604 2068 724 2116; x_wconf 92' lang='lat' dir='ltr'>mali,</span> <span class='ocrx_word' id='word_1_260' title='bbox 757 2074 805 2109; x_wconf 88' lang='lat' dir='ltr'>et</span> <span class='ocrx_word' id='word_1_261' title='bbox 836 2082 914 2121; x_wconf 86' lang='lat' dir='ltr'>per</span> <span class='ocrx_word' id='word_1_262' title='bbox 947 2068 1144 2108; x_wconf 88' lang='lat' dir='ltr'>“hostes</span> <span class='ocrx_word' id='word_1_263' title='bbox 1158 2068 1177 2082; x_wconf 85' lang='lat'>&#39;‘</span> <span class='ocrx_word' id='word_1_264' title='bbox 1209 2068 1342 2116; x_wconf 88' lang='lat' dir='ltr'>mala,</span> <span class='ocrx_word' id='word_1_265' title='bbox 1375 2082 1427 2108; x_wconf 91' lang='lat' dir='ltr'>ac</span> <span class='ocrx_word' id='word_1_266' title='bbox 1459 2082 1587 2109; x_wconf 90' lang='lat' dir='ltr'>amor</span> <span class='ocrx_word' id='word_1_267' title='bbox 1617 2068 1724 2109; x_wconf 90' lang='lat' dir='ltr'>mali</span> 
     </span>
     <span class='ocr_line' id='line_1_30' title="bbox 241 2130 1723 2184; baseline 0 -12"><span class='ocrx_word' id='word_1_268' title='bbox 241 2136 290 2173; x_wconf 88' lang='lat' dir='ltr'>et</span> <span class='ocrx_word' id='word_1_269' title='bbox 313 2130 413 2171; x_wconf 84' lang='lat' dir='ltr'>salsi</span> <span class='ocrx_word' id='word_1_270' title='bbox 439 2138 510 2172; x_wconf 92' lang='lat' dir='ltr'>est</span> <span class='ocrx_word' id='word_1_271' title='bbox 533 2131 607 2184; x_wconf 92' lang='lat' dir='ltr'>qui</span> <span class='ocrx_word' id='word_1_272' title='bbox 633 2130 795 2184; x_wconf 85' lang='lat' dir='ltr'>perdit.</span> <span class='ocrx_word' id='word_1_273' title='bbox 855 2130 1032 2171; x_wconf 89' lang='lat' dir='ltr'>Dicitur</span> <span class='ocrx_word' id='word_1_274' title='bbox 1056 2131 1176 2184; x_wconf 92' lang='lat' dir='ltr'>quod</span> <span class='ocrx_word' id='word_1_275' title='bbox 1201 2131 1356 2183; x_wconf 90' lang='lat' dir='ltr'>“ignis</span> <span class='ocrx_word' id='word_1_276' title='bbox 1381 2131 1640 2184; x_wconf 89' lang='lat' dir='ltr'>egredietur</span> <span class='ocrx_word' id='word_1_277' title='bbox 1664 2146 1723 2173; x_wconf 88' lang='lat' dir='ltr'>ex</span> 
     </span>
     <span class='ocr_line' id='line_1_31' title="bbox 241 2191 1723 2247; baseline 0.001 -13"><span class='ocrx_word' id='word_1_278' title='bbox 241 2207 319 2235; x_wconf 85' lang='lat' dir='ltr'>ore</span> <span class='ocrx_word' id='word_1_279' title='bbox 343 2193 560 2242; x_wconf 90' lang='lat' dir='ltr'>illorum,”</span> <span class='ocrx_word' id='word_1_280' title='bbox 586 2194 665 2234; x_wconf 92' lang='lat' dir='ltr'>sed</span> <span class='ocrx_word' id='word_1_281' title='bbox 696 2193 783 2234; x_wconf 92' lang='lat' dir='ltr'>hoc</span> <span class='ocrx_word' id='word_1_282' title='bbox 810 2191 978 2234; x_wconf 59' lang='lat' dir='ltr'>dietum</span> <span class='ocrx_word' id='word_1_283' title='bbox 1005 2200 1075 2234; x_wconf 90' lang='lat' dir='ltr'>est</span> <span class='ocrx_word' id='word_1_284' title='bbox 1106 2194 1355 2234; x_wconf 90' lang='lat' dir='ltr'>secundum</span> <span class='ocrx_word' id='word_1_285' title='bbox 1381 2195 1723 2247; x_wconf 71' lang='lat' dir='ltr'>apparentiam,</span> 
     </span>
     <span class='ocr_line' id='line_1_32' title="bbox 242 2256 1726 2310; baseline 0.001 -14"><span class='ocrx_word' id='word_1_286' title='bbox 242 2257 488 2298; x_wconf 89' lang='lat' dir='ltr'>secundum</span> <span class='ocrx_word' id='word_1_287' title='bbox 528 2269 663 2310; x_wconf 91' lang='lat' dir='ltr'>quam</span> <span class='ocrx_word' id='word_1_288' title='bbox 703 2257 842 2297; x_wconf 88' lang='lat' dir='ltr'>etiam</span> <span class='ocrx_word' id='word_1_289' title='bbox 888 2257 1050 2297; x_wconf 90' lang='lat' dir='ltr'>dicitur</span> <span class='ocrx_word' id='word_1_290' title='bbox 1089 2257 1210 2309; x_wconf 92' lang='lat' dir='ltr'>quod</span> <span class='ocrx_word' id='word_1_291' title='bbox 1254 2257 1410 2308; x_wconf 90' lang='lat' dir='ltr'>“ignis</span> <span class='ocrx_word' id='word_1_292' title='bbox 1450 2262 1497 2297; x_wconf 89' lang='lat' dir='ltr'>et</span> <span class='ocrx_word' id='word_1_293' title='bbox 1543 2256 1726 2297; x_wconf 86' lang='lat' dir='ltr'>flamma</span> 
     </span>
    </p>
   </div>
   <div class='ocr_carea' id='block_1_18' title="bbox 135 2318 1725 2381">
    <p class='ocr_par' dir='ltr' id='par_1_18' title="bbox 116 2310 1725 2381">
     <span class='ocr_line' id='line_1_33' title="bbox 135 2318 1725 2381; baseline 0 -21"><span class='ocrx_word' id='word_1_294' title='bbox 135 2343 177 2381; x_wconf 59' lang='lat'>⁷¹11</span> <span class='ocrx_word' id='word_1_295' title='bbox 242 2325 381 2360; x_wconf 87' lang='lat' dir='ltr'>exeat</span> <span class='ocrx_word' id='word_1_296' title='bbox 403 2333 463 2359; x_wconf 87' lang='lat' dir='ltr'>ex</span> <span class='ocrx_word' id='word_1_297' title='bbox 485 2333 561 2359; x_wconf 92' lang='lat' dir='ltr'>ore</span> <span class='ocrx_word' id='word_1_298' title='bbox 585 2318 708 2367; x_wconf 87' lang='lat' dir='ltr'>Dei,”</span> <span class='ocrx_word' id='word_1_299' title='bbox 725 2325 772 2359; x_wconf 90' lang='lat' dir='ltr'>et</span> <span class='ocrx_word' id='word_1_300' title='bbox 797 2319 917 2372; x_wconf 92' lang='lat' dir='ltr'>quod</span> <span class='ocrx_word' id='word_1_301' title='bbox 938 2319 1039 2359; x_wconf 88' lang='lat' dir='ltr'>“ira</span> <span class='ocrx_word' id='word_1_302' title='bbox 1055 2325 1102 2359; x_wconf 90' lang='lat' dir='ltr'>et</span> <span class='ocrx_word' id='word_1_303' title='bbox 1124 2318 1510 2359; x_wconf 87' lang='lat' dir='ltr'>excandescentia</span> <span class='ocrx_word' id='word_1_304' title='bbox 1531 2333 1591 2360; x_wconf 86' lang='lat' dir='ltr'>ex</span> <span class='ocrx_word' id='word_1_305' title='bbox 1612 2333 1725 2360; x_wconf 89' lang='lat' dir='ltr'>naso</span> 
     </span>
    </p>
   </div>
   <div class='ocr_carea' id='block_1_19' title="bbox 243 2380 1727 2498">
    <p class='ocr_par' dir='ltr' id='par_1_19' title="bbox 243 2380 1727 2498">
     <span class='ocr_line' id='line_1_34' title="bbox 244 2380 1724 2435; baseline 0 -13"><span class='ocrx_word' id='word_1_306' title='bbox 244 2380 429 2435; x_wconf 81' lang='lat' dir='ltr'>Ipsius‚”</span> <span class='ocrx_word' id='word_1_307' title='bbox 455 2394 557 2422; x_wconf 89' lang='lat' dir='ltr'>cum</span> <span class='ocrx_word' id='word_1_308' title='bbox 583 2388 739 2422; x_wconf 87' lang='lat' dir='ltr'>tamen</span> <span class='ocrx_word' id='word_1_309' title='bbox 765 2395 825 2422; x_wconf 84' lang='lat' dir='ltr'>ex</span> <span class='ocrx_word' id='word_1_310' title='bbox 858 2381 965 2434; x_wconf 88' lang='lat' dir='ltr'>Ipso</span> <span class='ocrx_word' id='word_1_311' title='bbox 991 2381 1100 2421; x_wconf 91' lang='lat' dir='ltr'>nihil</span> <span class='ocrx_word' id='word_1_312' title='bbox 1126 2382 1244 2434; x_wconf 88' lang='lat' dir='ltr'>ignis</span> <span class='ocrx_word' id='word_1_313' title='bbox 1269 2382 1359 2422; x_wconf 89' lang='lat' dir='ltr'>irae</span> <span class='ocrx_word' id='word_1_314' title='bbox 1390 2388 1436 2422; x_wconf 89' lang='lat' dir='ltr'>et</span> <span class='ocrx_word' id='word_1_315' title='bbox 1468 2383 1724 2423; x_wconf 89' lang='lat' dir='ltr'>excandes-</span> 
     </span>
     <span class='ocr_line' id='line_1_35' title="bbox 243 2443 1727 2498; baseline 0.001 -14"><span class='ocrx_word' id='word_1_316' title='bbox 243 2444 422 2484; x_wconf 89' lang='lat' dir='ltr'>centiae</span> <span class='ocrx_word' id='word_1_317' title='bbox 447 2445 572 2494; x_wconf 80' lang='lat' dir='ltr'>exit3</span> <span class='ocrx_word' id='word_1_318' title='bbox 605 2450 676 2484; x_wconf 86' lang='lat' dir='ltr'>est</span> <span class='ocrx_word' id='word_1_319' title='bbox 702 2444 822 2484; x_wconf 88' lang='lat' dir='ltr'>enirn</span> <span class='ocrx_word' id='word_1_320' title='bbox 850 2444 993 2497; x_wconf 88' lang='lat' dir='ltr'>ipsum</span> <span class='ocrx_word' id='word_1_321' title='bbox 1027 2443 1218 2491; x_wconf 90' lang='lat' dir='ltr'>Bonum,</span> <span class='ocrx_word' id='word_1_322' title='bbox 1246 2444 1341 2496; x_wconf 88' lang='lat' dir='ltr'>ipse</span> <span class='ocrx_word' id='word_1_323' title='bbox 1363 2444 1523 2492; x_wconf 86' lang='lat' dir='ltr'>Amor,</span> <span class='ocrx_word' id='word_1_324' title='bbox 1551 2451 1598 2485; x_wconf 92' lang='lat' dir='ltr'>et</span> <span class='ocrx_word' id='word_1_325' title='bbox 1629 2445 1727 2498; x_wconf 88' lang='lat' dir='ltr'>ipsa</span> 
     </span>
    </p>
   </div>
   <div class='ocr_carea' id='block_1_20' title="bbox 185 2505 1724 2559">
    <p class='ocr_par' dir='ltr' id='par_1_20' title="bbox 122 2503 1724 2559">
     <span class='ocr_line' id='line_1_36' title="bbox 185 2505 1724 2559; baseline 0.001 -11.961"><span class='ocrx_word' id='word_1_326' title='bbox 185 2547 187 2550; x_wconf 12' lang='grc' dir='ltr'><em>Α</em></span> <span class='ocrx_word' id='word_1_327' title='bbox 244 2505 564 2554; x_wconf 88' lang='lat' dir='ltr'>Misericordia,</span> <span class='ocrx_word' id='word_1_328' title='bbox 588 2519 647 2547; x_wconf 88' lang='lat' dir='ltr'>ex</span> <span class='ocrx_word' id='word_1_329' title='bbox 669 2506 829 2559; x_wconf 90' lang='lat' dir='ltr'>quibus</span> <span class='ocrx_word' id='word_1_330' title='bbox 851 2505 961 2546; x_wconf 90' lang='lat' dir='ltr'>nihil</span> <span class='ocrx_word' id='word_1_331' title='bbox 983 2506 1114 2558; x_wconf 86' lang='lat' dir='ltr'>ignis,</span> <span class='ocrx_word' id='word_1_332' title='bbox 1133 2506 1224 2546; x_wconf 88' lang='lat' dir='ltr'>irae</span> <span class='ocrx_word' id='word_1_333' title='bbox 1242 2513 1289 2546; x_wconf 91' lang='lat' dir='ltr'>et</span> <span class='ocrx_word' id='word_1_334' title='bbox 1312 2507 1724 2548; x_wconf 86' lang='lat' dir='ltr'>excandescentiae</span> 
     </span>
    </p>
   </div>
   <div class='ocr_carea' id='block_1_21' title="bbox 0 0 219 3332">
    <p class='ocr_par' dir='ltr' id='par_1_21' title="bbox 0 0 219 3332">
     <span class='ocr_line' id='line_1_37' title="bbox 0 0 219 3332; baseline 0 0"><span class='ocrx_word' id='word_1_335' title='bbox 0 0 219 3332; x_wconf 95' lang='lat' dir='ltr'> </span> 
     </span>
    </p>
   </div>
   <div class='ocr_carea' id='block_1_22' title="bbox 244 2568 1731 2937">
    <p class='ocr_par' dir='ltr' id='par_1_22' title="bbox 244 2568 1731 2937">
     <span class='ocr_line' id='line_1_38' title="bbox 244 2568 1725 2623; baseline 0 -13"><span class='ocrx_word' id='word_1_336' title='bbox 244 2574 399 2622; x_wconf 89' lang='lat' dir='ltr'>potest</span> <span class='ocrx_word' id='word_1_337' title='bbox 422 2570 547 2610; x_wconf 90' lang='lat' dir='ltr'>exire</span> <span class='ocrx_word' id='word_1_338' title='bbox 568 2583 577 2619; x_wconf 88' lang='lat'>;</span> <span class='ocrx_word' id='word_1_339' title='bbox 610 2570 690 2610; x_wconf 91' lang='lat' dir='ltr'>sed</span> <span class='ocrx_word' id='word_1_340' title='bbox 713 2582 852 2622; x_wconf 91' lang='lat' dir='ltr'>usque</span> <span class='ocrx_word' id='word_1_341' title='bbox 874 2569 938 2609; x_wconf 89' lang='lat' dir='ltr'>ita</span> <span class='ocrx_word' id='word_1_342' title='bbox 960 2568 1122 2609; x_wconf 80' lang='lat' dir='ltr'>dicitur</span> <span class='ocrx_word' id='word_1_343' title='bbox 1143 2569 1246 2622; x_wconf 91' lang='lat' dir='ltr'>quia</span> <span class='ocrx_word' id='word_1_344' title='bbox 1270 2569 1335 2609; x_wconf 90' lang='lat' dir='ltr'>ita</span> <span class='ocrx_word' id='word_1_345' title='bbox 1357 2576 1571 2623; x_wconf 88' lang='lat' dir='ltr'>apparet:</span> <span class='ocrx_word' id='word_1_346' title='bbox 1605 2570 1725 2623; x_wconf 93' lang='lat' dir='ltr'>quod</span> 
     </span>
     <span class='ocr_line' id='line_1_39' title="bbox 244 2631 1725 2685; baseline 0.001 -13"><span class='ocrx_word' id='word_1_347' title='bbox 244 2631 309 2672; x_wconf 87' lang='lat' dir='ltr'>ita</span> <span class='ocrx_word' id='word_1_348' title='bbox 325 2638 541 2685; x_wconf 88' lang='lat' dir='ltr'>appareat</span> <span class='ocrx_word' id='word_1_349' title='bbox 556 2638 626 2672; x_wconf 88' lang='lat' dir='ltr'>est</span> <span class='ocrx_word' id='word_1_350' title='bbox 644 2632 747 2685; x_wconf 89' lang='lat' dir='ltr'>quia</span> <span class='ocrx_word' id='word_1_351' title='bbox 764 2645 865 2672; x_wconf 91' lang='lat' dir='ltr'>cum</span> <span class='ocrx_word' id='word_1_352' title='bbox 883 2631 1028 2672; x_wconf 89' lang='lat' dir='ltr'>malus</span> <span class='ocrx_word' id='word_1_353' title='bbox 1050 2637 1097 2672; x_wconf 91' lang='lat' dir='ltr'>et</span> <span class='ocrx_word' id='word_1_354' title='bbox 1119 2631 1346 2672; x_wconf 82' lang='lat' dir='ltr'>infernalis</span> <span class='ocrx_word' id='word_1_355' title='bbox 1363 2633 1543 2685; x_wconf 88' lang='lat' dir='ltr'>spiritus</span> <span class='ocrx_word' id='word_1_356' title='bbox 1561 2646 1725 2685; x_wconf 89' lang='lat' dir='ltr'>aggre-</span> 
     </span>
     <span class='ocr_line' id='line_1_40' title="bbox 245 2693 1725 2748; baseline 0.001 -14"><span class='ocrx_word' id='word_1_357' title='bbox 245 2693 365 2735; x_wconf 76' lang='lat' dir='ltr'>ditur</span> <span class='ocrx_word' id='word_1_358' title='bbox 390 2693 571 2748; x_wconf 92' lang='lat' dir='ltr'>aliquod</span> <span class='ocrx_word' id='word_1_359' title='bbox 603 2693 815 2734; x_wconf 89' lang='lat' dir='ltr'>Divinum</span> <span class='ocrx_word' id='word_1_360' title='bbox 842 2694 1035 2734; x_wconf 89' lang='lat' dir='ltr'>nocendi</span> <span class='ocrx_word' id='word_1_361' title='bbox 1062 2707 1211 2742; x_wconf 90' lang='lat' dir='ltr'>causa,</span> <span class='ocrx_word' id='word_1_362' title='bbox 1239 2695 1355 2736; x_wconf 87' lang='lat' dir='ltr'>sicut</span> <span class='ocrx_word' id='word_1_363' title='bbox 1384 2708 1486 2736; x_wconf 90' lang='lat' dir='ltr'>cum</span> <span class='ocrx_word' id='word_1_364' title='bbox 1512 2695 1725 2748; x_wconf 90' lang='lat' dir='ltr'>blasphe-</span> 
     </span>
     <span class='ocr_line' id='line_1_41' title="bbox 245 2755 1725 2810; baseline 0.001 -14"><span class='ocrx_word' id='word_1_365' title='bbox 245 2762 343 2796; x_wconf 90' lang='lat' dir='ltr'>mat</span> <span class='ocrx_word' id='word_1_366' title='bbox 375 2755 619 2796; x_wconf 89' lang='lat' dir='ltr'>Dominum</span> <span class='ocrx_word' id='word_1_367' title='bbox 645 2762 723 2796; x_wconf 88' lang='lat' dir='ltr'>aut</span> <span class='ocrx_word' id='word_1_368' title='bbox 746 2756 963 2804; x_wconf 88' lang='lat' dir='ltr'>Verbum,</span> <span class='ocrx_word' id='word_1_369' title='bbox 991 2762 1069 2796; x_wconf 88' lang='lat' dir='ltr'>aut</span> <span class='ocrx_word' id='word_1_370' title='bbox 1095 2756 1275 2810; x_wconf 92' lang='lat' dir='ltr'>aliquod</span> <span class='ocrx_word' id='word_1_371' title='bbox 1306 2757 1474 2797; x_wconf 89' lang='lat' dir='ltr'>bonum</span> <span class='ocrx_word' id='word_1_372' title='bbox 1499 2764 1546 2798; x_wconf 93' lang='lat' dir='ltr'>et</span> <span class='ocrx_word' id='word_1_373' title='bbox 1571 2771 1725 2798; x_wconf 89' lang='lat' dir='ltr'>verum</span> 
     </span>
     <span class='ocr_line' id='line_1_42' title="bbox 247 2817 1723 2873; baseline 0.001 -14"><span class='ocrx_word' id='word_1_374' title='bbox 247 2817 493 2867; x_wconf 60' lang='lat' dir='ltr'>doctrinae,</span> <span class='ocrx_word' id='word_1_375' title='bbox 517 2820 594 2859; x_wconf 77' lang='lat' dir='ltr'>aut</span> <span class='ocrx_word' id='word_1_376' title='bbox 616 2819 811 2872; x_wconf 89' lang='lat' dir='ltr'>aliquem</span> <span class='ocrx_word' id='word_1_377' title='bbox 837 2819 1006 2859; x_wconf 91' lang='lat' dir='ltr'>bonum</span> <span class='ocrx_word' id='word_1_378' title='bbox 1028 2819 1232 2872; x_wconf 88' lang='lat' dir='ltr'>spiritum</span> <span class='ocrx_word' id='word_1_379' title='bbox 1254 2819 1326 2860; x_wconf 92' lang='lat' dir='ltr'>vel</span> <span class='ocrx_word' id='word_1_380' title='bbox 1353 2820 1566 2872; x_wconf 90' lang='lat' dir='ltr'>angelum</span> <span class='ocrx_word' id='word_1_381' title='bbox 1592 2832 1723 2873; x_wconf 89' lang='lat' dir='ltr'>quem</span> 
     </span>
     <span class='ocr_line' id='line_1_43' title="bbox 249 2878 1731 2937; baseline 0.001 -16"><span class='ocrx_word' id='word_1_382' title='bbox 249 2878 470 2922; x_wconf 88' lang='lat' dir='ltr'>Dominus</span> <span class='ocrx_word' id='word_1_383' title='bbox 501 2887 692 2931; x_wconf 85' lang='lat' dir='ltr'>tutatur,</span> <span class='ocrx_word' id='word_1_384' title='bbox 720 2887 828 2922; x_wconf 93' lang='lat' dir='ltr'>tunc</span> <span class='ocrx_word' id='word_1_385' title='bbox 862 2881 1006 2922; x_wconf 86' lang='lat' dir='ltr'>malus</span> <span class='ocrx_word' id='word_1_386' title='bbox 1037 2881 1113 2923; x_wconf 90' lang='lat' dir='ltr'>ille</span> <span class='ocrx_word' id='word_1_387' title='bbox 1145 2882 1325 2936; x_wconf 87' lang='lat' dir='ltr'>spiritus</span> <span class='ocrx_word' id='word_1_388' title='bbox 1350 2882 1472 2923; x_wconf 90' lang='lat' dir='ltr'>illico</span> <span class='ocrx_word' id='word_1_389' title='bbox 1498 2896 1546 2924; x_wconf 90' lang='lat' dir='ltr'>se</span> <span class='ocrx_word' id='word_1_390' title='bbox 1577 2883 1731 2937; x_wconf 85' lang='lat' dir='ltr'>depri-&#39;</span> 
     </span>
    </p>
   </div>
  </div>
 </body>
</html>
