1962 3334
573 307 576 308 γ
603 287 710 320 CAP.
733 287 816 327 1x.,
838 286 977 319 VERs.
1000 277 1146 318 8.-Ν.
1172 274 1329 330 556[c].
1429 282 1434 286 ’
1602 284 1704 326 1401

221 399 341 454 quod
371 399 455 441 hoc
481 398 684 440 involvat
710 399 829 452 quod
861 397 936 439 filii
961 411 1013 439 ac
1045 397 1215 451 posteri
1240 409 1331 438 non
1357 395 1483 437 luent
1515 408 1709 448 poenam

221 468 407 516 propter
436 461 555 502 mala
584 469 837 515 parentum,
869 461 949 502 sed
985 461 1105 514 quod
1141 460 1327 514 quisque
1358 465 1544 512 propter
1581 470 1708 498 suum

223 525 403 574 malum,
430 531 588 578 patet;
620 537 699 577 per
721 524 997 565 “comedere
1023 522 1307 563 labruscam’'
1328 520 1606 575 significatur
1630 534 1708 573 ap·

221 587 447 640 propriare
473 588 554 628 sibi
583 586 745 627 falsum
771 586 891 635 mali,
919 585 1193 626 “labrusca”
1219 585 1352 633 enim,
1379 597 1493 637 quae
1524 590 1593 624 est
1625 596 1710 623 uva

220 662 373 691 amara
397 656 444 691 et
475 649 607 698 mala,
633 648 855 702 significat
881 648 1040 689 salsum
1066 648 1186 696 mali,
1213 654 1261 689 et
1289 647 1562 688 “comedere
1573 646 1593 661 '¹
1614 646 1707 699 sig-

221 711 372 753 nificat
384 713 668 765 appropriare
679 712 761 752 sibi
778 726 787 762 ;
819 719 865 752 et
879 725 957 764 per
972 715 997 731 “
1010 711 1213 752 hebetari
1225 710 1386 751 dentes
1397 709 1416 725 ’¹
1430 708 1706 762 significatur

219 775 264 815 in
288 774 400 816 falso
426 775 531 815 mali
561 774 665 815 inde
690 788 802 823 esse,
832 773 1062 815 “dentes”
1084 774 1202 815 enim
1228 773 1299 813 hic
1331 778 1380 813 ut
1411 785 1544 824 supra
1569 772 1710 824 signi-

220 836 356 878 ficant
387 837 500 878 salsa
528 838 573 878 in
606 836 773 877 ultimis
798 851 876 877 seu
906 837 951 877 in
981 835 1176 877 sensuali
1207 835 1403 884 homine,
1430 835 1475 875 in
1506 848 1595 888 quo
1625 835 1709 874 im-

221 900 372 952 primis
403 900 548 941 latent
585 899 704 940 mala
735 906 988 952 parentum,
1021 912 1136 952 quae
1175 898 1446 940 hereditaria
1475 903 1708 945 vocantur,

220 962 338 1014 apud
360 961 536 1010 liberos,
559 969 606 1003 et
633 962 872 1003 “hebetari
884 961 903 976 ”
925 961 1148 1014 significat
1174 961 1587 1014 appropriationem
1612 959 1710 1000 salsi

221 1038 281 1065 ex
303 1024 448 1065 malo:
481 1025 617 1065 homo
633 1025 752 1065 enim
771 1030 955 1078 propter
973 1024 1244 1065 hereditaria
1261 1023 1380 1064 mala
1406 1035 1496 1063 non
1514 1022 1708 1075 punitur,

222 1086 302 1127 sed
324 1093 508 1140 propter
525 1101 616 1135 sua,
636 1093 682 1128 et
704 1101 881 1140 quoque
903 1087 940 1127 si
960 1086 1233 1127 hereditaria
1254 1086 1361 1126 facit
1383 1083 1576 1126 actualia
1592 1085 1710 1138 apud

222 1162 296 1200 se3
328 1163 462 1202 quare
485 1150 646 1190 dicitur
666 1149 785 1203 quod
802 1154 826 1169 ‘⁴
844 1150 1030 1203 quisque
1055 1149 1100 1189 in
1122 1149 1357 1202 iniquitate
1380 1161 1460 1188 sua
1481 1148 1708 1196 morietur,

221 1217 270 1252 et
307 1212 428 1252 omni
468 1212 636 1253 homini
675 1213 748 1265 qui
784 1212 1033 1253 comederit
1071 1211 1339 1260 labruscam,
1376 1209 1711 1251 hebetabuntur

221 1273 420 1315 dentes.'’
477 1274 615 1327 Apud
641 1274 846 1324 Hiobum,

286 1368 579 1402 “Abominantur
587 1380 644 1401 me
657 1380 784 1402 omnes
797 1370 972 1408 homines,
981 1395 989 1402 .
1004 1395 1011 1402 .
1024 1394 1032 1402 .
1047 1370 1134 1402 .cuti
1147 1379 1247 1401 meae
1263 1376 1299 1401 et
1317 1369 1414 1400 carni
1427 1378 1528 1400 meae
1541 1369 1711 1400 adhaeret

392 1421 432 1445 os
446 1423 574 1452 meum,
588 1414 685 1445 evasi
698 1423 777 1445 cum
794 1422 872 1445 cute
889 1414 1050 1445 dentium
1068 1423 1229 1445 meorum
1242 1412 1260 1424 ''
1273 1413 1356 1453 (xix.
1373 1421 1422 1453 19,
1436 1414 1511 1453 2o):

220 1524 300 1564 per
323 1510 434 1551 haec
460 1511 504 1551 in
530 1523 662 1551 sensu
685 1510 864 1551 litterae
885 1509 1154 1563 intelligitur
1175 1509 1294 1563 quod
1322 1515 1416 1550 tam
1441 1507 1710 1549 macilentus

221 1580 268 1615 et
290 1586 439 1614 macer
459 1571 600 1614 faetus
622 1574 679 1613 sit
696 1587 706 1623 ;
738 1573 817 1613 sed
839 1573 883 1612 in
906 1572 1122 1625 spirituali
1146 1586 1279 1612 sensu
1297 1570 1573 1624 significatur
1589 1571 1710 1623 quod

223 1637 501 1677 tentationes
522 1637 849 1688 suppresserint
871 1636 1083 1676 interiora
1106 1635 1275 1675 mentis
1296 1634 1403 1687 ejus,
1422 1640 1470 1674 ut
1492 1632 1710 1674 sensualis

223 1696 365 1739 factus
387 1699 458 1746 sit,
482 1705 528 1738 et
554 1698 690 1738 modo
712 1699 885 1750 cogitet
911 1698 955 1738 in
977 1698 1221 1747 extremis;
1257 1703 1305 1738 at
1327 1710 1465 1750 usque
1487 1709 1578 1736 non
1599 1695 1710 1736 falsa

221 1760 301 1801 sed
332 1773 462 1801 vera:
505 1761 590 1800 hoc
622 1760 899 1813 significatur
930 1773 1008 1812 per
1035 1759 1213 1800 “Evasi
1244 1773 1345 1800 cum
1376 1766 1479 1800 cute
1507 1759 1709 1799 dentium

221 1823 460 1871 meorum,”
485 1836 590 1863 nam
618 1822 849 1863 “dentes’'
871 1823 1038 1876 absque
1070 1829 1175 1863 cute
1202 1821 1457 1875 significant
1487 1822 1611 1874 falsa,
1638 1829 1709 1863 ast

221 1898 322 1926 cum
348 1891 451 1926 cute
482 1899 573 1926 non
604 1885 728 1934 falsa,
756 1885 859 1939 quia
892 1899 1031 1938 usque
1062 1885 1315 1938 aliqualiter
1345 1885 1512 1926 vestiti.
1571 1884 1709 1939 Apud

218 1947 376 1997 Amos,
1634 1954 1638 1958 ·

286 2036 393 2078 “Ego
408 2037 490 2068 dedi
506 2037 610 2068 vobis
626 2037 838 2068 vacuitatem
857 2037 1017 2068 dentium
1039 2037 1074 2068 in
1095 2037 1261 2068 omnibus
1278 2037 1423 2069 urbibus
1441 2038 1580 2077 vestris,
1597 2044 1633 2070 et
1649 2038 1710 2070 de-

392 2079 524 2112 fectum
542 2081 644 2121 panis
661 2081 697 2112 in
715 2081 882 2112 omnibus
899 2081 986 2112 locis
1003 2081 1131 2112 vestris
1142 2080 1160 2092 ”
1174 2081 1232 2121 (iv.
1246 2081 1299 2121 6):

222 2170 462 2210 “vacuitas
487 2170 689 2211 dentium
720 2170 763 2210 in
790 2170 968 2210 urbibus
981 2169 1000 2184 ”
1028 2183 1108 2222 pro
1134 2171 1318 2223 penuria
1342 2171 1434 2212 veri
1465 2172 1508 2211 in
1540 2170 1706 2213 doctri·

219 2233 302 2282 nis,
321 2239 368 2274 et
386 2237 411 2252 ‘⁴
427 2231 627 2273 defectus
649 2234 776 2286 panis
798 2234 840 2273 in
866 2232 1113 2286 [omnibus]
1138 2233 1281 2274 locis”
1298 2247 1379 2286 pro
1396 2235 1580 2288 penuria
1602 2235 1707 2276 boni

219 2309 279 2336 ex
304 2295 390 2337 iuis
414 2296 459 2336 in
486 2296 592 2337 vita.
652 2295 790 2348 Apud
818 2295 1100 2345 Samariam,

285 2393 304 2406 ⁴·
315 2390 523 2466 Reuziovebo
540 2392 736 2474 sangu{nes
752 2391 831 2473 {ejus
849 2401 893 2423 ex
912 2401 973 2423 ore
995 2391 1084 2432 ejus,
1101 2398 1136 2423 et
1152 2392 1439 2425 abominationes
1455 2393 1533 2434 ejus
1550 2395 1595 2426 ab
1614 2394 1707 2426 inter

416 2441 517 2466 entes
534 2445 612 2475 ejus
671 2445 715 2466 ix.
732 2443 749 2473 7
776 2446 782 2466 :

219 2524 331 2566 haec
353 2524 408 2565 de
426 2524 549 2577 Tyro
574 2531 621 2565 et
647 2523 827 2572 Sidone,
852 2537 930 2577 per
955 2538 1065 2578 quas
1090 2525 1398 2579 significantur
1420 2529 1704 2581 cognitiones

219 2587 311 2628 veri
336 2594 383 2629 et
408 2587 527 2636 boni,
555 2587 625 2628 hic
652 2587 754 2628 illae
780 2586 1070 2638 falsificatae3
1102 2602 1180 2641 per
1207 2591 1486 2643 “sanguines
1512 2605 1571 2632 ex
1597 2606 1672 2633 ore
1686 2592 1705 2607 ’'

219 2649 526 2702 significantur
546 2649 879 2691 falsificationes
901 2651 1211 2709 cognitionum
1234 2653 1351 2704 veri;
1383 2660 1430 2694 et
1452 2667 1531 2706 per
1555 2655 1703 2695 “abo-

220 2712 488 2753 minationes
528 2713 585 2754 ab
625 2714 741 2754 inter
779 2713 970 2754 dentes”
1006 2713 1313 2767 significantur
1348 2717 1703 2758 adulterationes

220 2775 528 2828 cognitionum
554 2776 685 2826 boni;
718 2777 1001 2829 cognitiones
1026 2777 1132 2818 boni
1157 2786 1261 2820 sunt
1288 2779 1424 2820 etiam
1450 2794 1569 2828 vera,
1598 2794 1701 2820 nam

219 2851 493 2890 cognoscere
524 2839 642 2879 bona
672 2838 721 2880 fit
753 2853 811 2880 ex
843 2838 1090 2890 intellectu,
1117 2854 1168 2882 ac
1200 2840 1457 2884 intellectus
1489 2849 1559 2884 est
1591 2844 1701 2884 veri.

219 2899 357 2953 Apud
380 2900 617 2951 Davidem,
