1962 3334
631 248 739 281 CAP.
763 248 846 289 XL,
869 247 1007 280 VERS.
1022 238 1177 296 ·6.—5N.
1198 199 1294 290 6ss6.
1386 231 1392 236 ”
1603 233 1704 291 1671

218 363 337 418 apud
360 363 466 405 illos
483 363 556 418 qui
573 376 738 404 nocere
756 368 803 403 et
820 353 1034 403 damnum
1052 361 1213 403 inferre
1230 361 1392 402 volunt
1407 361 1561 401 “binis
1579 361 1710 402 testi-

218 426 342 474 bus,”
362 427 436 480 qui
461 427 567 467 sunt
592 426 713 466 bona
738 431 786 466 et
810 439 917 466 vera
943 424 1059 466 caeli
1085 431 1131 474 et
1157 424 1379 465 ecclesiae
1401 437 1516 478 quae
1543 437 1711 476 agnos-

219 495 328 530 cunt
359 495 406 529 et
437 487 712 530 confitentur
737 487 998 535 Dominum,
1025 493 1265 528 vertantur
1290 487 1411 527 bona
1441 487 1486 527 in
1512 485 1633 526 mala
1663 492 1711 526 et

218 551 323 593 inde
346 565 454 592 vera
483 552 526 592 in
553 551 690 591 falsa:
728 550 849 604 quod
876 551 941 591 ita
967 550 1061 598 fiat,
1090 550 1275 604 quisque
1302 556 1459 603 potest
1485 549 1638 589 videre
1664 556 1711 589 et

219 613 491 655 concludere
513 627 573 654 ex
597 627 666 661 eo,
685 613 806 666 quod
828 626 963 654 omne
982 613 1153 653 bonum
1171 613 1337 653 amoris
1360 619 1407 653 et
1429 625 1585 653 verum
1608 611 1712 652 fidei

221 677 279 717 sit
301 690 327 717 a
350 676 563 724 Domino,
583 681 630 716 et
652 675 773 729 quod
796 674 860 716 illi
881 676 955 729 qui
978 689 1068 716 non
1086 682 1344 728 agnoscunt
1367 682 1414 716 et
1436 674 1713 716 confitentur

220 738 466 780 Dominum
503 751 594 779 non
627 739 805 792 possint
845 738 1027 792 aliquod
1069 738 1238 778 bonum
1275 738 1439 778 amoris
1474 744 1520 778 et
1556 750 1711 778 verum

219 800 321 842 fidei
343 802 569 854 recipere;
602 814 707 841 nam
729 814 809 854 per
825 813 916 841 non
935 801 1219 854 agnitionem
1242 807 1289 842 et
1311 814 1390 854 per
1412 801 1707 853 negationem

222 863 440 905 claudunt
476 864 559 904 sibi
590 863 782 912 caelum,
816 864 903 904 hoc
936 870 1007 904 est
1038 863 1245 916 rejiciunt
1277 876 1461 904 omnem
1492 862 1711 903 influxum

218 927 326 968 boni
351 932 398 967 et
423 927 516 967 veri
548 940 573 967 e
604 926 748 975 caelo,
775 940 855 967 seu
880 941 959 980 per
984 926 1160 967 caelum
1192 940 1219 966 a
1250 926 1476 976 Domino;
1510 925 1614 966 inde
1640 932 1712 966 est

220 989 341 1043 quod
377 989 421 1029 in
453 1003 533 1029 suo
565 990 746 1042 proprio
779 990 885 1037 sint,
918 989 1038 1043 quod
1070 990 1114 1029 in
1146 1003 1195 1030 se
1226 987 1486 1042 spectatum
1519 1002 1610 1029 non
1642 994 1712 1029 est

221 1053 304 1093 nisi
329 1066 463 1106 quam
486 1052 654 1093 malum
676 1059 723 1094 et
749 1053 854 1093 inde
880 1053 1040 1093 falsum
1060 1067 1070 1103 ;
1103 1067 1239 1106 quare
1261 1066 1353 1093 non
1376 1052 1496 1092 aliud
1522 1059 1714 1105 possunt

222 1115 427 1168 cogitare
458 1128 540 1156 nec
572 1115 694 1156 aliud
725 1115 858 1163 velle,
892 1116 995 1169 quia
1025 1130 1085 1156 ex
1117 1129 1198 1156 suo
1229 1116 1410 1169 proprio
1442 1129 1521 1155 seu
1555 1129 1615 1155 ex
1647 1128 1711 1161 se,

223 1192 358 1232 quam
384 1179 505 1232 quod
531 1193 590 1220 ex
616 1193 769 1220 amore
796 1180 861 1220 sui
887 1186 934 1220 et
965 1193 1024 1220 ex
1056 1193 1210 1220 amore
1237 1179 1406 1226 mundi,
1434 1187 1481 1219 et
1513 1193 1575 1220 ex
1606 1178 1710 1219 illo-

220 1255 318 1283 rum
354 1243 749 1295 concupiscentiis,
788 1243 994 1291 scaturit,
1035 1249 1082 1284 et
1125 1256 1308 1296 prorsus
1349 1242 1459 1282 nihil
1495 1242 1616 1295 quod
1653 1255 1714 1282 ex

222 1318 375 1346 amore
405 1305 450 1345 in
483 1305 728 1345 Dominum
755 1312 802 1346 et
834 1319 893 1346 ex
919 1318 1076 1346 amore
1107 1318 1215 1358 erga
1247 1306 1531 1358 proximum3
1563 1310 1610 1345 et
1641 1304 1715 1357 qui

222 1382 282 1409 ex
307 1368 534 1409 amoribus
561 1368 626 1408 sui
658 1374 705 1409 et
733 1368 891 1408 mundi
917 1374 964 1408 et
995 1367 1173 1408 illorum
1200 1368 1581 1421 concupiscentiis
1607 1367 1715 1407 solis

222 1431 383 1472 volunt
414 1437 461 1471 et
495 1432 719 1484 cogitant,
753 1444 844 1471 non
888 1437 1080 1484 possunt
1112 1431 1244 1471 aliter
1274 1444 1408 1484 quam
1441 1430 1562 1470 mala
1597 1430 1715 1471 velle

222 1499 271 1536 et
294 1493 408 1535 salsa
425 1494 650 1546 cogitare.
712 1493 847 1546 Quod
879 1494 943 1534 ita
969 1494 1042 1542 sit,
1069 1493 1221 1534 videri
1240 1499 1288 1534 et
1319 1493 1529 1534 concludi
1560 1500 1715 1547 potest

223 1569 251 1597 a
274 1556 477 1610 quolibet
503 1557 577 1610 qui
602 1557 689 1597 scit
715 1557 836 1610 quod
863 1569 998 1597 omne
1024 1556 1192 1596 bonum
1219 1563 1266 1596 et
1291 1569 1446 1596 verum
1472 1557 1530 1596 sit
1561 1569 1588 1596 a
1619 1556 1716 1596 Do·

223 1620 361 1668 mino,
388 1633 440 1660 ac
468 1632 603 1660 omne
629 1619 798 1660 malum
824 1626 871 1660 et
903 1619 1064 1660 falsum
1091 1633 1118 1659 a
1143 1619 1323 1672 proprio
1349 1619 1558 1659 hominis.
1619 1618 1715 1660 Sci-

223 1681 390 1723 endum
421 1689 493 1723 est
529 1682 649 1736 quod
685 1689 904 1736 quantum
945 1682 1085 1722 homo
1117 1682 1329 1734 agnoscit
1374 1681 1635 1730 Dominum,
1668 1689 1716 1723 et

223 1745 336 1786 vivit
372 1745 620 1785 secundum
652 1751 898 1798 praecepta
930 1745 1089 1798 Ipsius,
1122 1751 1304 1785 tantum
1342 1744 1547 1785 elevetur
1583 1758 1717 1798 supra

223 1808 451 1862 proprium
477 1821 632 1858 suum;
664 1808 863 1849 elevatio
889 1815 963 1849 est
988 1822 1013 1848 e
1039 1807 1139 1848 luce
1163 1808 1316 1848 mundi
1342 1808 1386 1847 in
1413 1807 1560 1848 lucem
1587 1809 1714 1850 caeli.

226 1869 362 1924 Quod
398 1870 536 1911 homo
568 1870 773 1911 elevetur
803 1885 937 1924 supra
969 1884 1096 1910 suum
1128 1871 1370 1924 proprium,
1404 1870 1495 1919 ille,
1528 1871 1636 1912 dum
1672 1873 1716 1912 in

225 1933 394 1974 mundo
410 1934 536 1982 vivit,
555 1934 716 1982 nescit,
737 1934 839 1987 quia
861 1947 952 1974 non
964 1934 1104 1974 sentit
1122 1947 1132 1983 ;
1159 1934 1238 1973 sed
1257 1947 1395 1987 usque
1410 1941 1480 1974 est
1503 1934 1715 1983 elevatio,

224 2002 303 2037 aut
325 1996 441 2037 sicut
467 1994 684 2037 attractio
706 1997 930 2037 interioris
952 1994 1211 2037 intellectus
1237 2002 1283 2036 et
1310 1997 1534 2036 interioris
1556 1996 1716 2038 volun-

226 2059 336 2100 tatis
373 2058 569 2099 hominis
599 2059 657 2099 ad
697 2059 957 2107 Dominum,
990 2066 1037 2100 et
1070 2060 1174 2099 inde
1215 2065 1286 2100 est
1321 2060 1560 2100 conversio
1590 2060 1718 2101 faciei

227 2121 423 2167 hominis
440 2121 589 2174 quoad
611 2122 815 2175 spiritum
838 2135 966 2162 suum
988 2122 1046 2162 ad
1070 2122 1247 2175 Ipsum:
1282 2121 1370 2162 hoc
1394 2128 1549 2162 tamen
1574 2123 1716 2163 mani·

225 2187 418 2229 restatur
444 2187 617 2227 homini
656 2186 779 2226 bono
810 2192 917 2239 post
948 2193 1160 2234 mortem,
1198 2199 1304 2226 nam
1335 2192 1444 2226 tunc
1477 2185 1718 2228 co‘nversio

225 2249 354 2291 faciei
378 2249 472 2302 ejus
498 2255 720 2302 perpetua
745 2255 815 2289 est
840 2249 898 2288 ad
921 2248 1185 2297 Dominum,
1208 2255 1255 2288 et
1281 2248 1398 2288 sicut
1420 2248 1639 2290 attractio
1659 2251 1718 2290 ad

227 2312 383 2366 Ipsum
400 2318 450 2351 ut
471 2311 529 2351 ad
547 2318 756 2352 centrum
774 2323 1017 2351 Commune
1035 2322 1091 2359 (de
1106 2330 1171 2358 qua
1185 2321 1393 2350 conversione
1409 2321 1553 2350 videatur
1571 2323 1603 2351 in
1623 2332 1720 2360 opere

229 2382 280 2412 De
297 2382 388 2412 Caelo
401 2385 431 2410 et
447 2382 582 2420 Inferna.
598 2389 629 2411 n.
651 2389 699 2417 17,
717 2389 785 2418 123,
803 2388 951 2418 142-145,
968 2379 1073 2418 [¹1253.
1089 2390 1158 2417 272,
1174 2388 1244 2418 552,
1263 2381 1351 2418 561).
1407 2369 1498 2410 Sed
1520 2372 1625 2424 quia
1646 2386 1718 2413 se-

228 2433 426 2474 cundum
442 2433 656 2473 Divinum
672 2433 877 2473 ordinem
896 2439 983 2481 est,
1000 2433 1122 2486 quod
1143 2433 1218 2473 ubi
1239 2432 1455 2473 attractio
1473 2433 1533 2473 ibi
1549 2434 1718 2476 debeat

227 2509 329 2537 esse
350 2495 577 2549 impulsio,
601 2508 706 2535 nam
729 2494 946 2536 attractio
967 2495 1140 2548 absque
1162 2495 1435 2548 impulsione
1459 2508 1549 2535 non
1568 2497 1716 2546 datur,

211 2557 332 2599 -ideo
362 2558 612 2598 secundum
645 2557 860 2598 Divinum
892 2558 1098 2598 ordinem
1130 2564 1201 2599 est
1234 2564 1283 2598 ut
1324 2559 1443 2611 apud
1485 2559 1718 2600 hominem

229 2621 370 2661 etiam
391 2621 449 2661 sit
475 2620 715 2674 impulsio;
747 2634 863 2673 quae
888 2622 1075 2661 tametsi
1105 2621 1164 2661 ibi
1190 2627 1261 2662 est
1287 2635 1313 2661 a
1339 2622 1554 2670 Domino,
1578 2636 1718 2675 usque

229 2689 421 2736 apparet
436 2685 552 2724 sicut
569 2683 685 2723 foret
701 2683 759 2723 ab
775 2683 974 2730 homine,
988 2690 1034 2723 et
1051 2685 1321 2736 apparentia
1336 2685 1444 2725 facit
1461 2692 1508 2726 ut
1526 2686 1584 2726 sit
1603 2686 1719 2726 sicut

229 2745 440 2786 hominis.
491 2745 710 2798 Impulsio
732 2745 811 2786 illa
832 2746 957 2798 quasi
974 2746 1032 2786 ab
1054 2745 1238 2787 homine
1261 2748 1628 2801 correspondens
1647 2754 1717 2788 at-

230 2806 444 2848 tractioni
460 2821 486 2848 a
507 2807 707 2848 Domino
724 2814 795 2848 est
817 2809 1007 2861 agnitio,
1026 2809 1090 2848 ita
1110 2810 1314 2862 receptio
1331 2823 1391 2850 ex
1413 2811 1649 2863 agnitione
1671 2817 1718 2850 et

232 2869 517 2912 confessione
536 2870 734 2920 Domini,
753 2877 799 2912 et
822 2885 881 2912 ex
903 2872 998 2912 vita
1015 2873 1264 2913 secundum
1283 2880 1532 2927 praecepta
1556 2873 1716 2913 Domi-
