1962 3334
617 271 724 305 cAP.
746 272 829 313 xt„
851 272 990 304 VERS.
1016 272 1186 316 19.—N.
1207 262 1388 318 7oo[f].
1510 262 1516 268 '
1639 265 1747 319 1889

262 391 507 440 postquam
532 385 610 426 filii
635 385 816 426 Israelis
840 388 1058 439 ceperunt
1080 386 1212 427 urbes
1236 386 1295 426 ab
1315 386 1499 428 Ekrone
1524 401 1664 441 usque
1689 387 1747 428 ad

264 448 389 490 Gath
419 462 447 488 a
477 448 767 488 Philisthaeis
801 447 841 500 (1
877 447 999 489 Sam.
1029 449 1103 488 vii.
1140 447 1321 501 13—15):
1362 449 1514 489 “Zion
1526 449 1545 464 ’'
1575 457 1744 498 autem,

262 509 339 551 ubi
362 516 461 551 erat
487 510 650 558 David,
674 505 945 563 significavit
970 511 1179 550 intimum
1204 510 1440 559 ecclesiae,
1462 512 1584 564 quod
1609 525 1746 552 voca-

262 578 338 613 tur
361 572 562 613 caeleste
587 571 693 624 ejus.
754 571 830 612 Ex
860 571 931 612 his
961 579 1091 625 patet
1122 572 1243 626 quod
1272 573 1556 614 “translatio
1580 573 1747 614 arcae”

261 633 585 687 significaverit
616 634 979 687 progressionem
1016 633 1237 675 ecclesiae
1272 635 1391 687 apud
1428 635 1658 676 hominem
1689 636 1747 676 ab

261 696 548 748 ultimoejus
584 696 642 736 ad
678 697 886 736 intimum
922 695 1030 748 ejus,
1063 703 1110 736 et
1147 697 1233 737 hoc
1272 698 1374 750 quia
1405 697 1746 750 progressiones

261 757 368 799 illae
392 757 505 799 fiunt
530 772 608 812 per
633 758 845 798 Divinum
871 757 1058 806 Verum,
1086 759 1206 812 quod
1232 758 1534 811 significatum
1566 767 1637 801 est
1668 774 1747 814 per

264 824 455 861 “arcam
473 820 507 870 ;‘’
538 834 643 861 nam
673 821 959 874 progreditur
989 820 1128 861 homo
1153 821 1373 862 ecclesiae
1405 836 1431 862 a
1462 823 1656 862 naturali
1686 823 1744 863 ad

262 883 509 935 spirituale,
542 890 590 923 et
626 896 704 935 per
739 883 826 923 hoc
863 883 921 923 ad
957 883 1171 931 caeleste,
1207 882 1434 936 (naturale
1470 891 1543 925 est
1577 885 1746 925 bonum

263 945 401 992 vitae,
428 945 659 998 spirituale
689 951 761 986 est
792 945 960 986 bonum
993 945 1231 986 charitatis
1262 959 1370 998 erga
1401 948 1671 999 proximum,
1699 954 1746 987 et

261 1007 461 1048 caeleste
483 1015 555 1049 est
580 1008 749 1048 bonum
771 1009 937 1048 amoris
962 1008 1006 1048 in
1033 1007 1317 1061 Dominum,)
1345 1015 1392 1048 et
1419 1009 1505 1049 hoc
1532 1010 1747 1050 continue

261 1081 290 1109 a
315 1069 514 1110 Domino
539 1084 618 1124 per
648 1070 860 1110 Divinum
893 1070 1038 1123 Ipsius
1063 1069 1260 1110 Verum:
1298 1072 1343 1110 in
1374 1071 1507 1111 simili
1537 1084 1746 1124 progres-

262 1132 390 1172 sione
426 1139 531 1173 sunt
566 1133 687 1173 bona
721 1133 856 1172 trium
892 1131 1147 1182 caelorum;
1189 1146 1326 1185 quare
1362 1134 1500 1173 etiam
1532 1146 1747 1173 ascensus

262 1207 344 1247 per
381 1194 484 1235 illos
524 1195 681 1235 ordine
721 1195 860 1235 etiam
900 1200 1392 1247 repraesentatus‘est.
1470 1194 1604 1247 Quod
1644 1208 1747 1236 cum

261 1255 560 1297 deduceretur
599 1270 717 1305 arca,
759 1256 945 1296 luserint
993 1263 1040 1296 et
1084 1256 1342 1297 clanxerint
1383 1259 1529 1297 omnis
1569 1258 1747 1310 generis

261 1319 574 1359 instrumentis
594 1319 789 1366 musicis,
814 1325 861 1359 et
886 1318 1007 1372 quod
1034 1318 1182 1358 David
1208 1319 1459 1367 saltaverit,
1483 1333 1745 1372 repraesen-

262 1381 395 1422 tabat
426 1381 650 1422 laetitiam
686 1388 734 1421 et
773 1381 986 1433 gaudium
1017 1394 1131 1434 quae
1163 1381 1387 1421 resultant
1418 1396 1478 1422 ex
1510 1380 1747 1422 affectione

261 1444 356 1484 veri
390 1450 438 1484 et
474 1444 581 1484 boni
616 1457 643 1483 a
680 1443 878 1483 Domino
920 1457 999 1496 per
1030 1443 1249 1483 influxum
1286 1443 1437 1483 Divini
1471 1443 1594 1491 Veri,
1627 1445 1747 1498 quod

262 1505 602 1559 significabatur
633 1519 712 1559 per
740 1510 930 1546 “arcam
948 1505 981 1555 ;'‘
1012 1506 1318 1546 instrumenta
1350 1514 1617 1555 memorata,
1650 1507 1746 1560 qui-

261 1569 345 1609 bus
367 1567 568 1608 luserunt
589 1569 633 1608 in
656 1569 800 1621 primo
822 1569 980 1608 itinere
1000 1581 1027 1607 a
1048 1568 1186 1607 domo
1203 1567 1463 1608 Abinadabi
1484 1569 1541 1608 ad
1563 1570 1747 1610 domum

264 1627 581 1677 ObedEdomi,
599 1629 1006 1682 repraesentabant
1029 1628 1250 1668 laetitiam
1273 1630 1409 1669 animi
1431 1643 1490 1669 ex
1512 1628 1748 1670 affectione

262 1691 357 1731 veri
388 1691 583 1731 naturali
613 1699 660 1732 et
691 1690 936 1744 spirituali;
974 1703 1026 1730 ac
1059 1690 1246 1731 saltatio
1278 1691 1480 1738 Davidis,
1508 1699 1604 1732 tum
1630 1691 1747 1744 jubi-

265 1752 358 1793 lum
394 1760 442 1794 et
482 1766 619 1793 sonus
651 1754 883 1800 buccinae,
915 1753 1323 1805 repraesentabant
1354 1754 1567 1806 gaudium
1599 1755 1748 1794 cordis

261 1829 324 1856 ex
344 1813 580 1855 affectione
593 1816 700 1856 boni
717 1815 957 1868 spiritualis
972 1822 1021 1855 et
1043 1814 1267 1855 caelestis.
1328 1815 1463 1868 Quod
1485 1815 1747 1858 harmoniae

262 1890 476 1918 sonorum
508 1878 778 1918 musicorum
809 1878 899 1917 sint
935 1891 995 1917 ex
1031 1877 1249 1930 spirituali
1280 1879 1462 1926 mundo,
1495 1885 1542 1919 et
1578 1878 1746 1932 signifi-

262 1946 370 1980 cent
387 1938 646 1980 affectiones
668 1947 715 1980 et
736 1953 888 1980 earum
907 1939 1105 1979 laetitias
1127 1947 1173 1980 et
1195 1941 1372 1992 gaudia,
1391 1941 1599 1981 videatur
1615 1955 1748 1995 supra

263 2011 310 2047 (ιι
328 2010 421 2052 323.
443 1999 567 2051 326);
598 2007 646 2040 et
670 2001 791 2053 quod
820 2005 845 2020 ‘⁴
861 1999 975 2040 Zion
988 1999 1008 2013 ”
1033 1999 1259 2052 significet
1285 2001 1470 2041 tertium
1496 2001 1674 2041 caelum
1699 2009 1747 2042 et

262 2059 369 2098 inde
382 2060 592 2099 intimum
613 2059 850 2107 ecclesiae,
870 2059 1009 2099 etiam
1023 2072 1158 2111 supra
1176 2070 1221 2106 (n.
1235 2070 1426 2111 405[b.c]).
1485 2059 1621 2112 Quod
1642 2074 1749 2101 arca

264 2118 459 2160 deducta
479 2121 538 2160 sit
560 2133 692 2173 super
710 2133 838 2160 curru
855 2133 988 2167 nove,
1008 2126 1054 2160 et
1076 2120 1196 2172 quod
1219 2121 1258 2160 ei
1280 2120 1455 2173 alligati
1478 2122 1567 2162 sint
1589 2122 1743 2169 boves,

261 2182 635 2235 repraesentabat
658 2188 704 2222 et
726 2182 829 2222 inde
851 2181 1134 2234 significabat
1156 2180 1407 2222 doctrinam
1430 2184 1521 2223 veri
1544 2198 1602 2224 ex
1624 2184 1747 2224 bono

264 2245 445 2292 amoris,
471 2248 661 2284 “currus
671 2244 691 2258 ”
712 2242 962 2284 dofflinam
985 2244 1091 2291 veri,
1115 2257 1167 2284 ac
1193 2244 1373 2284 “boves
1385 2244 1404 2259 ''
1426 2245 1594 2285 bonum
1619 2259 1746 2286 amo—

263 2307 337 2355 ris,
370 2313 606 2360 utrumque
637 2307 682 2346 in
714 2306 906 2346 naturali
937 2306 1145 2356 homine;
1182 2319 1287 2346 nam
1320 2306 1532 2348 Divinum
1559 2307 1744 2355 Verum,

263 2369 383 2422 quod
410 2369 686 2422 significatur
710 2382 789 2421 per
817 2368 1045 2415 “arcam‚”
1070 2369 1275 2409 subsistit
1301 2376 1347 2409 et
1378 2369 1589 2410 fundatur
1615 2384 1746 2424 super

263 2427 467 2470 doftrina
492 2430 584 2470 veri
609 2429 826 2470 naturalis
847 2430 966 2482 quod
992 2443 1051 2470 ex
1076 2429 1224 2479 bono;
1257 2430 1359 2470 inde
1381 2437 1478 2471 erat
1500 2432 1621 2484 quod
1643 2445 1749 2472 arca

264 2491 418 2543 posita
445 2490 578 2530 suerit
605 2494 779 2543 “super
803 2503 948 2537 curru,
975 2496 1084 2529 ante
1114 2503 1248 2543 quem
1279 2490 1460 2530 boves.’'
1518 2502 1630 2538 (Quod
1650 2500 1749 2531 '‘cur-

264 2553 347 2582 rus''
359 2553 514 2590 significet
528 2553 707 2582 doctrinam
719 2554 794 2587 veri,
806 2554 951 2582 videatur
964 2562 1069 2590 supra.
1085 2562 1116 2582 n.
1132 2552 1181 2594 35
1191 2553 1302 2594 5[a-e]
1315 2563 1321 2587 ;
1345 2561 1376 2583 et
1390 2555 1480 2591 quod
1495 2554 1512 2562 ‘¹
1524 2556 1583 2583 bos
1594 2556 1610 2562 ''
1627 2556 1747 2584 bonum

266 2606 421 2640 naturale.
435 2606 468 2634 in
482 2607 620 2635 Ananis
640 2607 832 2640 Caelestibus,
845 2616 876 2635 n.
893 2608 981 2640 2180,
995 2607 1101 2644 2566.)
1158 2596 1293 2648 Quod
1316 2596 1414 2637 Usa
1434 2597 1549 2637 filius
1568 2598 1746 2637 Abina-

264 2656 369 2696 dabi
409 2663 611 2697 mortuus
654 2658 713 2698 sit
748 2658 852 2711 quia
892 2670 1028 2697 manu
1064 2657 1409 2710 comprehendit
1445 2672 1610 2706 arcam,
1650 2666 1748 2700 erat

264 2719 367 2772 quia
400 2722 627 2771 “tangere
663 2719 827 2759 manu'’
858 2718 1083 2772 significat
1120 2721 1594 2768 communicationem,
1627 2722 1747 2774 quod

264 2779 315 2820 fit
351 2793 453 2820 cum
485 2780 682 2821 Domino
713 2795 792 2834 per
826 2781 995 2821 bonum
1026 2782 1218 2831 amoris3
1259 2789 1305 2822 et
1343 2790 1496 2823 tamen
1530 2783 1625 2823 Usa
1656 2796 1746 2823 non

267 2840 427 2882 unctus
457 2842 552 2891 fuit,
580 2844 696 2884 sicut
722 2851 851 2884 erant
877 2843 1140 2884 sacerdotes
1168 2851 1214 2884 et
1246 2844 1451 2892 Levitae,
1480 2846 1637 2897 quibus
1668 2858 1747 2898 per

265 2903 526 2945 unctionem
544 2905 738 2946 accessit
756 2905 1120 2958 repraesentatio
1138 2905 1244 2945 boni
1262 2906 1430 2945 amoris
1447 2919 1457 2956 ;
1481 2917 1583 2955 gquod
1598 2917 1631 2945 id
1643 2924 1747 2946 acees-
