1962 3334
274 239 383 291 1824
686 247 1022 280 APOCALYPSIS
1053 247 1353 281 EXPLICATA.

269 370 415 399 videatur
428 380 533 408 supra,
550 380 580 400 n.
597 360 693 412 652,
710 375 741 399 et
755 371 833 408 quid
849 367 989 399 ‘'fossa''
1006 375 1061 400 aut
1078 367 1252 408 “puteus,''
1271 380 1301 400 n.
1320 369 1399 412 537
1413 370 1435 408 z)
1469 359 1587 400 “sed
1614 360 1658 400 in
1680 373 1762 400 an-

269 422 419 473 gustia
446 428 701 474 temporum
714 421 732 436 '‘
755 420 979 474 significat
1006 435 1140 474 aegre
1167 427 1213 462 et
1240 421 1494 469 difficulter,
1518 422 1620 474 quia
1645 422 1764 474 apud

267 490 444 536 gentes,
474 485 632 537 quibus
665 498 820 536 parum
853 485 1156 537 perceptionis
1187 485 1282 524 veri
1315 483 1580 537 spiritualis:
1622 487 1763 537 “post

267 553 420 587 autem
448 548 724 599 septimanas
751 548 995 600 sexaginta
1025 554 1071 588 et
1099 547 1209 587 duas
1221 547 1239 561 '⁹
1266 546 1490 599 significat
1517 553 1621 599 post
1647 553 1762 587 tem-

267 623 349 662 pus
381 617 426 650 et
460 617 630 650 statum
663 610 846 662 plenum
879 611 1156 650 instauratae
1183 609 1400 650 ecclesiae
1433 609 1582 662 quoad
1608 623 1763 650 verum

267 679 313 713 et
355 674 503 726 quoad
545 673 740 714 bonum:
792 673 1069 713 “excidetur
1110 672 1331 713 Messias”
1373 672 1596 725 significat
1643 673 1763 726 quod

266 736 481 776 recedent
514 750 539 776 a
571 736 782 784 Domino,
817 736 936 789 quod
972 734 1139 776 factum
1170 736 1386 788 imprimis
1418 749 1444 775 a
1476 734 1764 788 Babylonicis

266 812 344 851 per
371 798 717 839 translationem
745 799 935 839 Divinae
963 799 1195 851 potentiae
1224 798 1406 838 Domini
1437 798 1481 838 in
1509 798 1761 851 pontificeS,

266 869 311 902 et
339 862 399 902 sic
429 876 506 914 per
533 876 622 902 non
650 862 932 915 agnitionem
956 862 1106 902 Divini
1128 862 1171 901 in
1201 861 1414 901 Humano
1438 861 1608 914 Ipsius:
1645 862 1762 902 “sed

266 938 355 965 non
389 924 480 966 Sibi
493 925 511 939 ”
538 925 763 978 significat
795 925 916 978 quod
949 939 1087 977 usque
1114 931 1320 977 potestas
1348 924 1439 976 Ipsi
1471 930 1517 964 et
1550 924 1762 965 Divinum

268 988 382 1040 Ipsi:
426 988 625 1028 “deinde
653 985 808 1028 urbem
836 994 881 1028 et
909 986 1210 1028 sanctuarium
1235 987 1395 1039 perdet
1423 987 1615 1039 populus
1642 988 1762 1039 prin-

266 1051 377 1103 cipis
408 1052 585 1092 venturi
599 1051 616 1066 ”
648 1050 872 1104 significat
905 1051 1024 1104 quod
1063 1051 1124 1090 sic
1158 1051 1354 1102 peritura
1390 1050 1448 1090 sit
1480 1042 1686 1090 doctrina
1716 1056 1762 1091 et

268 1114 460 1154 ecclesia
488 1128 565 1167 per
590 1113 727 1164 falsa;
769 1114 911 1154 “urbs
924 1113 942 1127 ”
969 1112 1191 1166 significat
1219 1111 1484 1161 doctrinam,
1515 1111 1761 1153 “sanctua-

265 1177 407 1218 rium‘’
434 1177 686 1225 ecclesiam,
721 1183 766 1217 et
797 1177 1042 1229 “princeps
1074 1175 1321 1216 venturus”
1347 1175 1507 1216 falsum
1539 1189 1760 1228 regnans:

269 1241 371 1281 “ita
398 1247 446 1281 ut
473 1239 570 1280 finis
597 1239 688 1292 ejus
712 1253 812 1280 cum
840 1240 1148 1287 inundatione,
1174 1246 1220 1279 et
1248 1252 1386 1292 usque
1414 1238 1470 1279 ad
1496 1238 1630 1278 finem
1657 1238 1762 1279 belli

266 1304 445 1344 decisae
478 1302 826 1350 desolationes,’'
849 1301 1072 1355 significat
1099 1301 1456 1342 falsificationem
1489 1302 1594 1350 veri,
1623 1315 1762 1355 usque

267 1367 373 1407 dum
400 1379 489 1406 non
517 1366 665 1419 aliqua
692 1366 808 1405 inter
834 1379 987 1405 verum
1020 1372 1066 1405 et
1098 1364 1257 1405 falsum
1290 1365 1347 1405 sit
1374 1378 1553 1417 pugna;
1595 1365 1760 1404 “inun-

267 1430 394 1470 datio
442 1428 666 1482 significat
715 1428 1074 1469 falsificationem
1119 1429 1225 1475 veri,
1276 1427 1482 1468 “bellum
1499 1427 1516 1442 ”
1562 1440 1761 1480 pugnam

266 1495 382 1534 inter
423 1505 576 1533 verum
619 1498 665 1532 et
706 1491 880 1539 falsum,
925 1497 971 1532 et
1011 1491 1271 1531 “desolatio
1287 1490 1305 1505 '³
1342 1497 1512 1531 statum
1554 1490 1761 1531 ultimum

265 1555 497 1604 ecclesiae,
519 1555 624 1595 dum
649 1568 738 1595 non
758 1554 947 1607 amplius
965 1554 1146 1607 aliquod
1166 1568 1319 1594 verum
1338 1554 1416 1594 sed
1436 1567 1555 1594 mere
1574 1553 1732 1594 falsum
1750 1567 1758 1593 :

269 1618 592 1660 “confirmabit
615 1624 769 1658 tamen
796 1617 952 1657 foedus
974 1618 1228 1669 septimana
1254 1617 1370 1656 una”
1393 1615 1616 1669 significat
1643 1623 1758 1657 tem-

266 1696 348 1735 pus
379 1682 745 1729 Reformationis‚
771 1680 952 1733 quando
984 1681 1145 1720 iterum
1174 1678 1308 1720 leffio
1331 1680 1485 1729 Verbi,
1510 1686 1556 1721 et
1588 1681 1760 1733 agnitio

266 1746 464 1794 Domini,
494 1757 655 1797 nempe
685 1744 832 1783 Divini
859 1744 902 1783 in
931 1743 1145 1783 Humano
1169 1743 1338 1795 Ipsius;
1377 1743 1488 1783 haec
1516 1743 1687 1795 agnitio
1713 1749 1759 1784 et

265 1809 368 1849 inde
395 1805 651 1860 conjunctio
679 1807 860 1846 Domini
888 1819 965 1858 per
991 1806 1194 1846 Verbum
1227 1805 1503 1858 significatur
1528 1819 1606 1858 per
1630 1805 1758 1846 “foe-

266 1872 387 1921 dus,''
414 1878 460 1912 et
493 1878 672 1923 tempus
705 1870 1057 1910 Reformationis
1089 1883 1167 1922 per
1202 1870 1542 1922 “septimanam
1575 1882 1708 1909 unam
1726 1869 1759 1910 :⁷'

268 1935 386 1976 “sed
429 1936 471 1975 in
514 1934 662 1974 medio
703 1934 984 1986 septimanae
1022 1946 1197 1973 cessare
1239 1933 1372 1973 faciet
1414 1931 1676 1973 sacrificium
1713 1939 1759 1973 et

266 1998 524 2043 mincham”
561 1996 786 2049 significat
824 1996 944 2050 quod
982 2010 1120 2049 usque
1158 1997 1342 2036 interius
1384 1995 1502 2048 apud
1543 1995 1644 2036 illos
1686 1996 1759 2049 qui

265 2062 492 2103 reformati
531 2074 621 2100 non
658 2073 813 2100 verum
851 2066 897 2100 et
934 2059 1102 2099 bonum
1140 2060 1183 2099 in
1222 2058 1371 2108 cultu;
1422 2057 1725 2098 “sacrificium
1741 2057 1760 2072 ”

265 2124 489 2178 significat
517 2123 688 2164 cultum
722 2137 780 2163 ex
809 2123 938 2170 veris,
966 2128 1012 2162 et
1042 2121 1292 2162 “mincha''
1319 2121 1490 2162 cultum
1517 2135 1575 2161 ex
1602 2121 1757 2171 bonis;

265 2202 343 2241 per
366 2180 606 2227 >“medium
638 2185 949 2239 septimanae’'
982 2199 1072 2225 non
1105 2184 1381 2237 significatur
1413 2184 1609 2224 medium
1641 2191 1757 2224 tem-

265 2251 384 2303 poris
421 2250 549 2298 illius,
586 2249 664 2290 sed
702 2250 909 2289 intimum
947 2255 1094 2288 status
1130 2247 1249 2300 apud
1287 2247 1588 2295 Reformatos‚
1626 2250 1758 2287 “me-

264 2313 417 2354 dium’‘
454 2314 572 2353 enim
614 2311 837 2365 significat
879 2313 1101 2359 intimum,
1141 2324 1190 2351 ac
1232 2309 1551 2363 “septimana”
1588 2316 1758 2351 statum

265 2376 512 2426 ecclesiae3
551 2390 686 2416 causa
711 2375 831 2428 quod
859 2388 949 2415 non
976 2387 1130 2414 verum
1156 2379 1202 2414 et
1228 2373 1395 2413 bonum
1422 2373 1465 2413 in
1492 2373 1616 2413 cultu
1641 2373 1757 2413 inte-

264 2440 352 2480 rius
397 2446 517 2479 esset
564 2445 666 2491 post
710 2438 1113 2485 Reformationem,
1157 2442 1227 2477 est
1273 2436 1375 2489 quia
1420 2443 1758 2488 assumpserunt

264 2502 399 2543 fidem
427 2516 507 2555 pro
533 2501 762 2542 essentiali
788 2501 1007 2542 ecclesiae
1034 2507 1080 2541 et
1106 2506 1370 2552 separarunt
1402 2499 1525 2539 illam
1557 2513 1583 2540 a
1613 2499 1757 2540 chari-

264 2572 388 2616 tate;
432 2572 477 2606 et
515 2565 696 2618 quando
733 2564 845 2604 fides
882 2570 1090 2617 separata
1126 2570 1195 2603 est
1232 2577 1258 2603 a
1295 2563 1530 2611 charitate,
1570 2569 1676 2603 tunc
1714 2563 1758 2603 in

264 2629 425 2669 intimo
462 2628 609 2668 cultus
645 2641 735 2668 non
773 2633 842 2668 est
874 2640 1028 2667 verum
1066 2639 1147 2666 nec
1185 2626 1367 2674 bonum,
1401 2626 1607 2666 intimum
1639 2626 1758 2665 enim

264 2691 412 2732 cultus
454 2697 523 2731 est
565 2691 733 2731 bonum
772 2691 1020 2738 charitatis,
1060 2695 1106 2729 et
1142 2703 1201 2729 ex
1243 2688 1322 2728 illo
1362 2688 1567 2741 procedit
1603 2701 1757 2728 verum

264 2753 391 2794 fidei:
448 2753 673 2793 “tandem
720 2766 853 2805 super
898 2765 1028 2792 avem
1073 2751 1460 2792 abominationum
1502 2749 1759 2790 desolatio’'

265 2816 490 2870 significat
517 2815 870 2856 exstinctionem
898 2816 1043 2856 omnis
1069 2815 1161 2855 veri
1194 2827 1271 2866 per
1297 2813 1398 2854 fidei
1425 2814 1756 2866 separationem

265 2893 290 2920 a
316 2880 563 2930 charitate,
600 2880 732 2920 “avis
755 2877 1171 2919 abominationum’‘
1194 2876 1416 2930 significat
1439 2876 1573 2917 fidem
1595 2875 1753 2925 solam,

1953 1728 1962 1799 ..ψ-..ι
1956 1662 1962 1702 .-..ι.
1950 1626 1962 1647 xv.

1941 2064 1962 2123 a!

1947 2370 1962 2399 :s-
