1962 3334
274 245 382 298 1646
683 253 1014 287 APOCALYPSIS
1045 254 1345 287 EXPLICATA.

266 381 346 421 per
372 370 397 388 ‘⁶
413 366 659 408 luminare''
685 366 794 408 illud
821 381 898 408 seu
924 380 1003 420 per
1029 367 1423 409 “candelabrum''
1447 367 1505 409 ibi
1531 368 1755 422 significa-

265 432 397 472 batur
419 430 611 472 ecclesia
635 430 878 483 spiritualis
904 431 1100 479 Domini,
1125 437 1171 472 et
1197 444 1276 484 per
1299 432 1489 484 “ignem
1515 445 1754 473 accensum

227 525 241 535 .
264 495 307 534 in
327 494 517 535 lucernis
533 493 901 547 ”significabatur
917 507 1044 534 amor
1063 493 1305 547 spiritualis
1323 495 1395 547 qui
1413 500 1483 535 est
1504 508 1631 536 amor
1648 509 1756 549 erga

263 558 519 610 proximum
540 571 549 608 ;
582 557 787 598 similiter
813 571 892 610 per
914 561 940 578 “
956 557 1106 598 oleum
1133 557 1278 598 olivae
1306 571 1462 610 purum
1486 565 1635 599 tusum
1648 558 1667 574 '¹
1693 573 1752 600 ex

263 632 353 672 quo
371 619 488 671 ignis
507 629 562 666 (de
573 638 637 666 qua
651 638 684 658 re
699 629 794 658 etiam
808 630 976 658 videantur
983 630 1116 659 Arcana
1130 630 1280 659 Caelestia
1292 630 1334 658 ad
1344 630 1432 659 illum
1444 630 1579 669 locum).
1617 619 1752 673 Quod

264 685 289 700 “
302 680 403 721 olea
416 680 435 695 '’
453 686 499 721 et
520 683 544 701 “
561 680 679 721 oliva
693 679 712 695 ”
734 679 958 733 significet
976 681 1144 721 bonum
1162 681 1340 729 amoris,
1359 681 1497 722 etiam
1514 694 1540 721 a
1561 694 1752 734 sequen-

262 744 382 784 tibus
409 743 520 784 locis
549 749 731 784 constat
751 743 961 796 z—Apud
984 743 1245 792 Hmclmzm,

327 837 426 869 “Ero
443 838 535 870 sicut
552 848 609 870 ros
626 838 748 870 Israeli
762 849 769 877 ;
794 839 967 871 efflorebit
984 839 1074 871 sicut
1091 840 1216 878 lilium,
1231 846 1266 872 et
1290 840 1413 881 infiget
1426 840 1562 873 radices
1579 851 1673 879 suas,
1688 842 1753 873 sic-

434 888 472 913 ut
487 882 648 913 Libanon
664 892 671 918 ;
695 883 797 914 ibunt
810 884 898 914 rami
912 883 1000 924 ejus,
1012 890 1048 915 et
1064 884 1130 914 erit
1148 884 1239 915 sicut
1252 884 1369 915 olivae
1386 885 1502 916 honor
1514 885 1602 926 erS,
1616 891 1652 917 et
1664 886 1753 918 odor

434 926 484 957 illi
502 926 593 957 sicut
611 926 736 958 Libani
749 926 767 938 '’
785 926 867 966 (xiv.
882 927 912 964 6,
928 927 979 966 7):

257 1018 370 1059 haec
393 1018 448 1059 de
471 1018 662 1060 ecclesia
679 1019 911 1072 spirituali,
927 1034 1040 1073 quae
1059 1019 1336 1073 significatur
1351 1033 1429 1073 per
1445 1020 1699 1062 “Israelem
1716 1020 1751 1061 τ’*

259 1085 398 1122 “esse
420 1082 483 1122 illi
506 1083 621 1123 sicut
639 1096 711 1123 ros
724 1082 741 1096 ”
759 1081 984 1135 significat
1008 1082 1103 1135 ejus
1126 1084 1422 1124 existentiam
1440 1090 1487 1125 et
1509 1097 1749 1125 renascen-

256 1144 366 1184 tiam
392 1145 695 1197 spiritualem:
735 1146 902 1198 primus
933 1151 1080 1186 status
1112 1147 1423 1187 renascentiae
1455 1160 1533 1187 seu
1559 1160 1748 1200 regene-

256 1208 440 1248 rationis
463 1207 555 1261 ejus
582 1207 858 1261 significatur
884 1222 962 1261 per
984 1209 1105 1262 quod
1129 1208 1392 1250 “efflorebit
1418 1210 1533 1251 sicut
1556 1209 1695 1252 lilium
1717 1211 1750 1261 ;’'

258 1270 468 1311 “lilium''
489 1271 713 1324 significat
735 1271 1112 1313 efflorescentiam
1139 1286 1253 1325 quae
1280 1273 1510 1326 praecedit
1532 1271 1720 1313 fructum
1739 1288 1748 1324 ;

253 1335 479 1374 secundus
509 1340 655 1375 status
680 1335 1035 1387 regenerationis
1061 1334 1336 1388 significatur
1362 1349 1440 1389 per
1465 1335 1585 1389 quod
1613 1335 1748 1376 “infi—

255 1405 335 1450 get
358 1398 532 1438 radices
554 1396 694 1446 sua5,”
712 1398 785 1451 qui
808 1404 954 1438 status
977 1404 1046 1438 est
1064 1397 1156 1450 ejus
1179 1398 1453 1439 existentiae
1475 1399 1519 1438 in
1542 1398 1747 1447 naturali,

256 1474 359 1501 nam
396 1461 455 1501 ibi
491 1460 688 1514 figuntur
725 1460 930 1510 radices;
975 1461 1136 1501 tertius
1175 1467 1322 1501 status
1359 1460 1636 1514 significatur
1671 1475 1748 1515 per

255 1523 375 1577 quod
404 1524 568 1564 “ibunt
594 1523 704 1564 rami
731 1523 861 1575 ejus,‘’
884 1536 963 1576 per
988 1537 1100 1577 quos
1126 1523 1404 1576 significatur
1430 1523 1748 1577 multiplicatio

253 1586 346 1626 veri
368 1586 599 1627 scientifici
621 1593 668 1627 et
691 1587 1028 1639 cognitionum:
1049 1584 1268 1640 [¹]quintus
1291 1593 1451 1636 status,
1469 1588 1543 1641 qui
1565 1594 1635 1628 est
1653 1594 1747 1628 sta-

256 1656 329 1690 tus
359 1648 725 1698 fructificationis,
753 1649 1031 1702 significatur
1057 1664 1135 1703 per
1160 1650 1280 1703 quod
1309 1651 1429 1691 “erit
1460 1651 1575 1692 sicut
1601 1650 1746 1691 olivae

256 1713 400 1754 honor
426 1713 518 1766 ejus
537 1713 570 1763 ;”
598 1712 788 1754 “oliva”
810 1712 1034 1766 significat
1066 1714 1233 1754 bonum
1259 1714 1436 1762 amoris,
1463 1721 1510 1754 et
1534 1714 1747 1755 “honor’'

253 1774 544 1826 praedicatur
568 1774 624 1815 de
651 1774 731 1814 illo
750 1789 758 1824 3
791 1785 895 1822 (quod
911 1782 928 1793 ¹¹
940 1785 1071 1814 honor''
1088 1785 1289 1823 praedicetur
1304 1786 1344 1814 de
1358 1785 1447 1814 bono
1461 1786 1588 1820 amoris,
1603 1786 1749 1815 videatur

251 1853 358 1881 supra,
375 1853 405 1874 n.
423 1835 517 1879 288,
536 1843 652 1886 345:)
683 1841 729 1874 et
756 1833 955 1874 [²¹sextus
987 1841 1151 1883 status,
1184 1835 1258 1888 qui
1289 1840 1359 1875 est
1390 1840 1542 1875 status
1572 1834 1744 1875 intelli-

251 1897 433 1948 gentiae
459 1903 506 1937 et
532 1897 793 1949 sapientiae,
821 1895 1098 1949 significatur
1125 1910 1202 1950 per
1233 1896 1354 1950 quod
1382 1896 1532 1937 “odor
1557 1895 1650 1949 ejus
1680 1896 1745 1937 illi

251 1961 364 2001 sicut
397 1959 556 2000 Libani
574 1959 606 2008 ;’'
644 1959 825 2000 “odor’'
857 1959 1080 2012 significat
1108 1960 1460 2012 perceptionem,
1488 1972 1539 2000 ac
1568 1959 1744 2000 “Liba-

251 2022 364 2063 nus’'
396 2022 765 2071 rationalitatem,
799 2036 858 2063 ex
895 2022 1055 2076 quibus
1086 2022 1390 2075 intelligentia
1425 2028 1473 2063 et
1509 2022 1742 2076 sapientia.

252 2085 391 2138 Apud
416 2085 651 2134 Davidem,
1453 2081 1455 2083 ¹

316 2183 335 2196 ‘¹
345 2181 422 2223 Ego
435 2183 526 2214 sicut
539 2182 618 2213 olea
631 2183 751 2213 virens
765 2182 799 2213 in
815 2182 923 2213 domo
939 2181 1014 2219 Dei,
1029 2181 1169 2213 confido
1184 2182 1219 2213 in
1235 2181 1481 2213 misericordia
1494 2181 1560 2213 Dei
1572 2181 1607 2213 in
1622 2191 1746 2214 saecu-

424 2226 497 2257 lum
518 2233 553 2258 et
569 2225 783 2258 aeternum''
802 2226 876 2266 (Ps.
894 2226 942 2258 lii.
966 2234 1006 2256 10
1025 2223 1085 2267 [B.
1102 2227 1146 2257 A.
1166 2223 1236 2267 8]):

250 2321 411 2362 dicitur
438 2321 590 2361 “sicut
615 2320 717 2361 olea
747 2321 895 2361 virens
926 2321 970 2360 in
1002 2320 1139 2361 domo
1166 2320 1290 2368 Dei,’'
1315 2321 1418 2374 quia
1449 2335 1528 2374 per
1554 2321 1740 2363 “oleam

249 2383 502 2424 virentem'’
534 2383 812 2436 significatur
842 2383 1011 2424 bonum
1048 2384 1211 2423 amoris
1248 2397 1438 2424 nascens
1475 2397 1554 2437 per
1586 2398 1738 2425 verum

249 2447 403 2495 Verbi,
437 2453 482 2487 et
514 2460 593 2500 per
625 2447 847 2487 “domum
880 2446 995 2487 Dei'’
1027 2445 1304 2499 significatur
1335 2445 1539 2487 ecclesia.
1599 2446 1738 2501 Apud

250 2509 458 2558 eundem,

315 2598 447 2630 “Uxor
466 2604 526 2630 tua
549 2598 638 2629 sicut
657 2598 739 2629 vitis
764 2596 948 2629 fruetifera
972 2598 1007 2629 in
1032 2598 1201 2629 lateribus
1225 2598 1353 2629 domus
1379 2604 1470 2636 tuae,
1489 2598 1549 2629 filii
1574 2598 1623 2630 tui
1648 2599 1738 2630 sicut

422 2642 565 2682 plantae
590 2642 747 2672 olearum
772 2642 998 2672 circumcirca
1022 2651 1166 2673 mensas
1191 2647 1306 2679 tuas;.
1321 2642 1386 2673 ‚sic
1410 2642 1640 2673 benedicetur
1660 2642 1736 2673 viro

422 2685 561 2716 timenti
578 2685 753 2726 Jehovam
765 2685 783 2697 ''
800 2685 873 2725 (Ps.
888 2683 1062 2716 [³]cxxviii.
1082 2694 1110 2724 3,
1129 2685 1182 2724 4):

248 2784 326 2823 per
350 2770 461 2811 haec
493 2770 536 2810 in
564 2770 754 2811 naturali
786 2783 933 2818 sensu,
962 2770 1034 2823 qui
1067 2776 1137 2811 est
1169 2784 1324 2811 sensus
1349 2770 1543 2819 litterae,
1570 2771 1735 2811 intelli-

247 2839 413 2886 guntur
439 2847 553 2873 uxor
578 2832 745 2882 etfilii,
773 2847 824 2873 ac
852 2832 1157 2886 jucunditates
1189 2848 1247 2873 ex
1281 2833 1488 2886 conjugio
1520 2840 1565 2874 et
1598 2834 1733 2886 proli-

248 2895 484 2944 ficatione;
529 2896 606 2936 sed
648 2896 691 2936 in
737 2909 869 2936 sensu
906 2896 1098 2946 interno,
1141 2897 1214 2950 qui
1255 2903 1324 2937 est
1365 2909 1521 2937 sensus
1555 2897 1734 2950 spiritus

1935 3229 1962 3334 &⁴2:11-
1945 3172 1958 3214 u.-
