<?xml version="1.0" encoding="UTF-8"?>
<!DOCTYPE html PUBLIC "-//W3C//DTD XHTML 1.0 Transitional//EN"
    "http://www.w3.org/TR/xhtml1/DTD/xhtml1-transitional.dtd">
<html xmlns="http://www.w3.org/1999/xhtml" xml:lang="en" lang="en">
 <head>
  <title>
</title>
<meta http-equiv="Content-Type" content="text/html;charset=utf-8" />
  <meta name='ocr-system' content='tesseract 3.04.00' />
  <meta name='ocr-capabilities' content='ocr_page ocr_carea ocr_par ocr_line ocrx_word'/>
</head>
<body>
  <div class='ocr_page' id='page_1' title='image "apocalypsisexpli03sweduoft_0285.png"; bbox 0 0 1962 3334; ppageno 0'>
   <div class='ocr_carea' id='block_1_1' title="bbox 609 251 1719 306">
    <p class='ocr_par' dir='ltr' id='par_1_1' title="bbox 609 251 1719 306">
     <span class='ocr_line' id='line_1_1' title="bbox 609 251 1719 306; baseline -0.007 -9"><span class='ocrx_word' id='word_1_1' title='bbox 609 263 716 297; x_wconf 80' lang='lat' dir='ltr'>CAP.</span> <span class='ocrx_word' id='word_1_2' title='bbox 738 264 822 304; x_wconf 82' lang='lat' dir='ltr'><strong>XL,</strong></span> <span class='ocrx_word' id='word_1_3' title='bbox 844 263 983 296; x_wconf 82' lang='lat' dir='ltr'><strong>VERS.</strong></span> <span class='ocrx_word' id='word_1_4' title='bbox 1010 262 1152 295; x_wconf 84' lang='lat' dir='ltr'>1.—N.</span> <span class='ocrx_word' id='word_1_5' title='bbox 1173 251 1343 306; x_wconf 89' lang='lat' dir='ltr'><strong>627[a].</strong></span> <span class='ocrx_word' id='word_1_6' title='bbox 1600 259 1719 303; x_wconf 76' lang='lat'>›1599</span> 
     </span>
    </p>
   </div>
   <div class='ocr_carea' id='block_1_2' title="bbox 232 367 1719 1119">
    <p class='ocr_par' dir='ltr' id='par_1_2' title="bbox 232 367 1719 1119">
     <span class='ocr_line' id='line_1_2' title="bbox 234 367 1716 431; baseline -0.005 -12"><span class='ocrx_word' id='word_1_7' title='bbox 234 367 302 419; x_wconf 84' lang='lat' dir='ltr'><strong>tio</strong></span> <span class='ocrx_word' id='word_1_8' title='bbox 325 374 442 419; x_wconf 66' lang='lat' dir='ltr'><strong>facta</strong></span> <span class='ocrx_word' id='word_1_9' title='bbox 467 383 537 418; x_wconf 89' lang='lat' dir='ltr'><strong>est</strong></span> <span class='ocrx_word' id='word_1_10' title='bbox 564 376 719 431; x_wconf 88' lang='lat' dir='ltr'><strong>quales</strong></span> <span class='ocrx_word' id='word_1_11' title='bbox 745 382 898 418; x_wconf 87' lang='lat' dir='ltr'>essent</span> <span class='ocrx_word' id='word_1_12' title='bbox 924 375 1073 429; x_wconf 91' lang='lat' dir='ltr'><strong>quoad</strong></span> <span class='ocrx_word' id='word_1_13' title='bbox 1099 374 1408 427; x_wconf 88' lang='lat' dir='ltr'>receptionem</span> <span class='ocrx_word' id='word_1_14' title='bbox 1433 384 1602 418; x_wconf 84' lang='lat' dir='ltr'><strong>eorum,</strong></span> <span class='ocrx_word' id='word_1_15' title='bbox 1629 370 1716 411; x_wconf 92' lang='lat' dir='ltr'><strong>hoc</strong></span> 
     </span>
     <span class='ocr_line' id='line_1_3' title="bbox 234 434 1717 494; baseline -0.005 -13"><span class='ocrx_word' id='word_1_16' title='bbox 234 446 320 489; x_wconf 85' lang='lat' dir='ltr'><strong>est,</strong></span> <span class='ocrx_word' id='word_1_17' title='bbox 338 439 494 493; x_wconf 89' lang='lat' dir='ltr'><strong>quales</strong></span> <span class='ocrx_word' id='word_1_18' title='bbox 515 446 669 481; x_wconf 82' lang='lat' dir='ltr'><strong>essent</strong></span> <span class='ocrx_word' id='word_1_19' title='bbox 691 439 839 493; x_wconf 91' lang='lat' dir='ltr'><strong>quoad</strong></span> <span class='ocrx_word' id='word_1_20' title='bbox 861 439 1169 492; x_wconf 88' lang='lat' dir='ltr'><strong>receptionem</strong></span> <span class='ocrx_word' id='word_1_21' title='bbox 1193 437 1344 478; x_wconf 89' lang='lat' dir='ltr'><strong>Divini</strong></span> <span class='ocrx_word' id='word_1_22' title='bbox 1358 435 1468 476; x_wconf 87' lang='lat' dir='ltr'><strong>Veri</strong></span> <span class='ocrx_word' id='word_1_23' title='bbox 1490 448 1542 494; x_wconf 85' lang='lat' dir='ltr'><strong>ac</strong></span> <span class='ocrx_word' id='word_1_24' title='bbox 1565 434 1717 475; x_wconf 87' lang='lat' dir='ltr'><strong>Divini</strong></span> 
     </span>
     <span class='ocr_line' id='line_1_4' title="bbox 234 496 1718 556; baseline -0.005 -13"><span class='ocrx_word' id='word_1_25' title='bbox 234 502 363 550; x_wconf 88' lang='lat' dir='ltr'><strong>Boni,</strong></span> <span class='ocrx_word' id='word_1_26' title='bbox 408 515 513 543; x_wconf 90' lang='lat' dir='ltr'><strong>nam</strong></span> <span class='ocrx_word' id='word_1_27' title='bbox 544 502 695 556; x_wconf 86' lang='lat' dir='ltr'><strong>angeli</strong></span> <span class='ocrx_word' id='word_1_28' title='bbox 734 501 799 543; x_wconf 90' lang='lat' dir='ltr'><strong>illi</strong></span> <span class='ocrx_word' id='word_1_29' title='bbox 838 501 1246 555; x_wconf 83' lang='lat' dir='ltr'><strong>repraesentabant</strong></span> <span class='ocrx_word' id='word_1_30' title='bbox 1287 499 1532 540; x_wconf 90' lang='lat' dir='ltr'><strong>Dominum</strong></span> <span class='ocrx_word' id='word_1_31' title='bbox 1568 496 1718 551; x_wconf 89' lang='lat' dir='ltr'><strong>quoad</strong></span> 
     </span>
     <span class='ocr_line' id='line_1_5' title="bbox 235 559 1717 619; baseline -0.005 -13"><span class='ocrx_word' id='word_1_32' title='bbox 235 564 448 606; x_wconf 89' lang='lat' dir='ltr'><strong>Divinum</strong></span> <span class='ocrx_word' id='word_1_33' title='bbox 479 566 758 619; x_wconf 90' lang='lat' dir='ltr'><strong>procedens;</strong></span> <span class='ocrx_word' id='word_1_34' title='bbox 804 570 852 606; x_wconf 90' lang='lat' dir='ltr'><strong>et</strong></span> <span class='ocrx_word' id='word_1_35' title='bbox 883 570 1127 618; x_wconf 83' lang='lat' dir='ltr'><strong>postquam</strong></span> <span class='ocrx_word' id='word_1_36' title='bbox 1159 561 1451 616; x_wconf 83' lang='lat' dir='ltr'><strong>exploratum</strong></span> <span class='ocrx_word' id='word_1_37' title='bbox 1482 566 1569 607; x_wconf 86' lang='lat' dir='ltr'><strong>est,</strong></span> <span class='ocrx_word' id='word_1_38' title='bbox 1596 559 1717 613; x_wconf 92' lang='lat' dir='ltr'><strong>quod</strong></span> 
     </span>
     <span class='ocr_line' id='line_1_6' title="bbox 233 623 1718 681; baseline -0.004 -13"><span class='ocrx_word' id='word_1_39' title='bbox 233 639 392 668; x_wconf 91' lang='lat' dir='ltr'><strong>omnes</strong></span> <span class='ocrx_word' id='word_1_40' title='bbox 422 628 467 668; x_wconf 92' lang='lat' dir='ltr'><strong>in</strong></span> <span class='ocrx_word' id='word_1_41' title='bbox 498 627 711 677; x_wconf 86' lang='lat' dir='ltr'>Sodoma,</span> <span class='ocrx_word' id='word_1_42' title='bbox 738 634 918 681; x_wconf 89' lang='lat' dir='ltr'><strong>praeter</strong></span> <span class='ocrx_word' id='word_1_43' title='bbox 949 626 1166 675; x_wconf 91' lang='lat' dir='ltr'><strong>Lothum,</strong></span> <span class='ocrx_word' id='word_1_44' title='bbox 1194 639 1285 666; x_wconf 90' lang='lat' dir='ltr'><strong>non</strong></span> <span class='ocrx_word' id='word_1_45' title='bbox 1315 624 1488 665; x_wconf 91' lang='lat' dir='ltr'><strong>vellent</strong></span> <span class='ocrx_word' id='word_1_46' title='bbox 1519 623 1718 675; x_wconf 88' lang='lat' dir='ltr'><strong>recipere</strong></span> 
     </span>
     <span class='ocr_line' id='line_1_7' title="bbox 233 685 1716 739; baseline -0.004 -8"><span class='ocrx_word' id='word_1_47' title='bbox 233 689 350 739; x_wconf 90' lang='lat' dir='ltr'><strong>illos,</strong></span> <span class='ocrx_word' id='word_1_48' title='bbox 372 690 453 731; x_wconf 87' lang='lat' dir='ltr'><strong>sed</strong></span> <span class='ocrx_word' id='word_1_49' title='bbox 479 691 692 731; x_wconf 90' lang='lat' dir='ltr'><strong>damnum</strong></span> <span class='ocrx_word' id='word_1_50' title='bbox 718 690 878 731; x_wconf 86' lang='lat' dir='ltr'><strong>inferre</strong></span> <span class='ocrx_word' id='word_1_51' title='bbox 903 689 1005 738; x_wconf 82' lang='lat' dir='ltr'><strong>illis,</strong></span> <span class='ocrx_word' id='word_1_52' title='bbox 1028 695 1136 730; x_wconf 88' lang='lat' dir='ltr'><strong>tunc</strong></span> <span class='ocrx_word' id='word_1_53' title='bbox 1161 688 1352 729; x_wconf 85' lang='lat' dir='ltr'><strong>exitium</strong></span> <span class='ocrx_word' id='word_1_54' title='bbox 1374 686 1553 727; x_wconf 89' lang='lat' dir='ltr'><strong>illorum</strong></span> <span class='ocrx_word' id='word_1_55' title='bbox 1575 685 1716 732; x_wconf 90' lang='lat' dir='ltr'><strong>venit,</strong></span> 
     </span>
     <span class='ocr_line' id='line_1_8' title="bbox 234 747 1718 808; baseline -0.004 -14"><span class='ocrx_word' id='word_1_56' title='bbox 234 766 314 807; x_wconf 89' lang='lat' dir='ltr'><strong>per</strong></span> <span class='ocrx_word' id='word_1_57' title='bbox 351 753 471 808; x_wconf 91' lang='lat' dir='ltr'><strong>quod</strong></span> <span class='ocrx_word' id='word_1_58' title='bbox 513 753 723 794; x_wconf 89' lang='lat' dir='ltr'><strong>ultimum</strong></span> <span class='ocrx_word' id='word_1_59' title='bbox 760 752 974 806; x_wconf 91' lang='lat' dir='ltr'><strong>judicium</strong></span> <span class='ocrx_word' id='word_1_60' title='bbox 1014 751 1193 792; x_wconf 90' lang='lat' dir='ltr'><strong>illorum</strong></span> <span class='ocrx_word' id='word_1_61' title='bbox 1234 750 1518 803; x_wconf 85' lang='lat' dir='ltr'><strong>intelligitur.</strong></span> <span class='ocrx_word' id='word_1_62' title='bbox 1581 747 1718 801; x_wconf 85' lang='lat' dir='ltr'><strong>Quod</strong></span> 
     </span>
     <span class='ocr_line' id='line_1_9' title="bbox 232 812 1719 870; baseline -0.003 -14"><span class='ocrx_word' id='word_1_63' title='bbox 232 815 363 856; x_wconf 84' lang='lat' dir='ltr'><strong>fuerit</strong></span> <span class='ocrx_word' id='word_1_64' title='bbox 393 815 608 864; x_wconf 85' lang='lat' dir='ltr'><strong>calamus,</strong></span> <span class='ocrx_word' id='word_1_65' title='bbox 641 830 720 869; x_wconf 91' lang='lat' dir='ltr'><strong>per</strong></span> <span class='ocrx_word' id='word_1_66' title='bbox 749 828 883 870; x_wconf 90' lang='lat' dir='ltr'><strong>quem</strong></span> <span class='ocrx_word' id='word_1_67' title='bbox 914 815 1192 855; x_wconf 89' lang='lat' dir='ltr'><strong>mensuratio</strong></span> <span class='ocrx_word' id='word_1_68' title='bbox 1222 812 1365 861; x_wconf 87' lang='lat' dir='ltr'><strong>fieret,</strong></span> <span class='ocrx_word' id='word_1_69' title='bbox 1398 819 1468 853; x_wconf 88' lang='lat' dir='ltr'><strong>est</strong></span> <span class='ocrx_word' id='word_1_70' title='bbox 1505 812 1609 865; x_wconf 89' lang='lat' dir='ltr'><strong>quia</strong></span> <span class='ocrx_word' id='word_1_71' title='bbox 1639 825 1719 864; x_wconf 90' lang='lat' dir='ltr'><strong>per</strong></span> 
     </span>
     <span class='ocr_line' id='line_1_10' title="bbox 235 874 1718 930; baseline -0.003 -11"><span class='ocrx_word' id='word_1_72' title='bbox 235 877 528 929; x_wconf 53' lang='lat' dir='ltr'><strong>‘fcalamum’&#39;</strong></span> <span class='ocrx_word' id='word_1_73' title='bbox 564 892 643 919; x_wconf 90' lang='lat' dir='ltr'><strong>seu</strong></span> <span class='ocrx_word' id='word_1_74' title='bbox 682 877 943 919; x_wconf 83' lang='lat' dir='ltr'><strong>“cannam”</strong></span> <span class='ocrx_word' id='word_1_75' title='bbox 981 876 1260 930; x_wconf 84' lang='lat' dir='ltr'><strong>significatur</strong></span> <span class='ocrx_word' id='word_1_76' title='bbox 1296 876 1509 916; x_wconf 91' lang='lat' dir='ltr'><strong>Divinum</strong></span> <span class='ocrx_word' id='word_1_77' title='bbox 1546 874 1718 915; x_wconf 87' lang='lat' dir='ltr'><strong>Verum</strong></span> 
     </span>
     <span class='ocr_line' id='line_1_11' title="bbox 232 936 1718 995; baseline -0.004 -13"><span class='ocrx_word' id='word_1_78' title='bbox 232 940 279 981; x_wconf 87' lang='lat' dir='ltr'><strong>in</strong></span> <span class='ocrx_word' id='word_1_79' title='bbox 308 940 470 982; x_wconf 91' lang='lat' dir='ltr'><strong>ultimo</strong></span> <span class='ocrx_word' id='word_1_80' title='bbox 496 941 692 992; x_wconf 88' lang='lat' dir='ltr'><strong>ordinis;</strong></span> <span class='ocrx_word' id='word_1_81' title='bbox 729 947 776 982; x_wconf 91' lang='lat' dir='ltr'><strong>et</strong></span> <span class='ocrx_word' id='word_1_82' title='bbox 807 955 886 995; x_wconf 88' lang='lat' dir='ltr'><strong>per</strong></span> <span class='ocrx_word' id='word_1_83' title='bbox 913 939 1203 987; x_wconf 87' lang='lat' dir='ltr'><strong>“baculum,”</strong></span> <span class='ocrx_word' id='word_1_84' title='bbox 1227 940 1297 980; x_wconf 91' lang='lat' dir='ltr'><strong>cui</strong></span> <span class='ocrx_word' id='word_1_85' title='bbox 1328 938 1529 979; x_wconf 90' lang='lat' dir='ltr'><strong>calamus</strong></span> <span class='ocrx_word' id='word_1_86' title='bbox 1561 936 1718 977; x_wconf 89' lang='lat' dir='ltr'><strong>similis</strong></span> 
     </span>
     <span class='ocr_line' id='line_1_12' title="bbox 233 1000 1718 1057; baseline -0.003 -13"><span class='ocrx_word' id='word_1_87' title='bbox 233 1009 346 1051; x_wconf 88' lang='lat' dir='ltr'><strong>erat,</strong></span> <span class='ocrx_word' id='word_1_88' title='bbox 369 1003 646 1056; x_wconf 85' lang='lat' dir='ltr'><strong>significatur</strong></span> <span class='ocrx_word' id='word_1_89' title='bbox 670 1004 906 1057; x_wconf 90' lang='lat' dir='ltr'><strong>potentia;</strong></span> <span class='ocrx_word' id='word_1_90' title='bbox 939 1010 986 1044; x_wconf 90' lang='lat' dir='ltr'><strong>et</strong></span> <span class='ocrx_word' id='word_1_91' title='bbox 1012 1016 1092 1056; x_wconf 88' lang='lat' dir='ltr'><strong>per</strong></span> <span class='ocrx_word' id='word_1_92' title='bbox 1116 1015 1271 1043; x_wconf 90' lang='lat' dir='ltr'><strong>verum</strong></span> <span class='ocrx_word' id='word_1_93' title='bbox 1297 1002 1340 1042; x_wconf 90' lang='lat' dir='ltr'><strong>in</strong></span> <span class='ocrx_word' id='word_1_94' title='bbox 1367 1001 1528 1042; x_wconf 88' lang='lat' dir='ltr'><strong>ultimo</strong></span> <span class='ocrx_word' id='word_1_95' title='bbox 1550 1000 1718 1040; x_wconf 89' lang='lat' dir='ltr'><strong>ordinis</strong></span> 
     </span>
     <span class='ocr_line' id='line_1_13' title="bbox 235 1060 1718 1119; baseline -0.003 -12"><span class='ocrx_word' id='word_1_96' title='bbox 235 1071 283 1107; x_wconf 91' lang='lat' dir='ltr'><strong>et</strong></span> <span class='ocrx_word' id='word_1_97' title='bbox 313 1065 406 1118; x_wconf 89' lang='lat' dir='ltr'><strong>ejus</strong></span> <span class='ocrx_word' id='word_1_98' title='bbox 432 1067 686 1119; x_wconf 89' lang='lat' dir='ltr'><strong>potentiam</strong></span> <span class='ocrx_word' id='word_1_99' title='bbox 717 1066 767 1107; x_wconf 88' lang='lat' dir='ltr'><strong>fit</strong></span> <span class='ocrx_word' id='word_1_100' title='bbox 799 1060 944 1107; x_wconf 84' lang='lat' dir='ltr'><strong>omnis</strong></span> <span class='ocrx_word' id='word_1_101' title='bbox 970 1066 1174 1106; x_wconf 88' lang='lat' dir='ltr'><strong>visitatio</strong></span> <span class='ocrx_word' id='word_1_102' title='bbox 1198 1062 1584 1117; x_wconf 69' lang='lat' dir='ltr'><strong>seu&#39;exploratio,</strong></span> <span class='ocrx_word' id='word_1_103' title='bbox 1612 1075 1718 1104; x_wconf 91' lang='lat' dir='ltr'><strong>nam</strong></span> 
     </span>
    </p>
   </div>
   <div class='ocr_carea' id='block_1_3' title="bbox 172 1127 1717 1182">
    <p class='ocr_par' dir='ltr' id='par_1_3' title="bbox 172 1127 1717 1182">
     <span class='ocr_line' id='line_1_14' title="bbox 172 1127 1717 1182; baseline -0.003 -11"><span class='ocrx_word' id='word_1_104' title='bbox 172 1163 182 1171; x_wconf 92' lang='lat'><strong>.</strong></span> <span class='ocrx_word' id='word_1_105' title='bbox 235 1129 386 1169; x_wconf 84' lang='lat' dir='ltr'><strong>omnia</strong></span> <span class='ocrx_word' id='word_1_106' title='bbox 411 1142 518 1169; x_wconf 90' lang='lat' dir='ltr'><strong>vera</strong></span> <span class='ocrx_word' id='word_1_107' title='bbox 543 1142 682 1182; x_wconf 92' lang='lat' dir='ltr'><strong>usque</strong></span> <span class='ocrx_word' id='word_1_108' title='bbox 712 1142 739 1170; x_wconf 90' lang='lat' dir='ltr'><strong>a</strong></span> <span class='ocrx_word' id='word_1_109' title='bbox 769 1129 922 1182; x_wconf 89' lang='lat' dir='ltr'><strong>primis</strong></span> <span class='ocrx_word' id='word_1_110' title='bbox 947 1128 1267 1169; x_wconf 88' lang='lat' dir='ltr'><strong>simultaneum</strong></span> <span class='ocrx_word' id='word_1_111' title='bbox 1292 1127 1503 1174; x_wconf 82' lang='lat' dir='ltr'><strong>formant,</strong></span> <span class='ocrx_word' id='word_1_112' title='bbox 1531 1140 1609 1166; x_wconf 90' lang='lat' dir='ltr'><strong>seu</strong></span> <span class='ocrx_word' id='word_1_113' title='bbox 1639 1139 1717 1166; x_wconf 91' lang='lat' dir='ltr'><strong>co-</strong></span> 
     </span>
    </p>
   </div>
   <div class='ocr_carea' id='block_1_4' title="bbox 232 1187 1718 1434">
    <p class='ocr_par' dir='ltr' id='par_1_4' title="bbox 232 1187 1718 1434">
     <span class='ocr_line' id='line_1_15' title="bbox 232 1187 1716 1245; baseline -0.003 -13"><span class='ocrx_word' id='word_1_114' title='bbox 232 1191 454 1240; x_wconf 86' lang='lat' dir='ltr'><strong>existunt,</strong></span> <span class='ocrx_word' id='word_1_115' title='bbox 473 1192 517 1232; x_wconf 90' lang='lat' dir='ltr'><strong>in</strong></span> <span class='ocrx_word' id='word_1_116' title='bbox 539 1191 725 1242; x_wconf 87' lang='lat' dir='ltr'><strong>ultim0;</strong></span> <span class='ocrx_word' id='word_1_117' title='bbox 757 1197 1033 1245; x_wconf 82' lang='lat' dir='ltr'><strong>quapropter</strong></span> <span class='ocrx_word' id='word_1_118' title='bbox 1050 1192 1201 1231; x_wconf 87' lang='lat' dir='ltr'><strong>omnia</strong></span> <span class='ocrx_word' id='word_1_119' title='bbox 1222 1204 1337 1244; x_wconf 88' lang='lat' dir='ltr'><strong>quae</strong></span> <span class='ocrx_word' id='word_1_120' title='bbox 1359 1204 1385 1230; x_wconf 90' lang='lat' dir='ltr'><strong>a</strong></span> <span class='ocrx_word' id='word_1_121' title='bbox 1403 1189 1568 1230; x_wconf 89' lang='lat' dir='ltr'><strong>Divino</strong></span> <span class='ocrx_word' id='word_1_122' title='bbox 1589 1187 1716 1236; x_wconf 84' lang='lat' dir='ltr'><strong>fiunt,</strong></span> 
     </span>
     <span class='ocr_line' id='line_1_16' title="bbox 234 1251 1718 1308; baseline -0.002 -13"><span class='ocrx_word' id='word_1_123' title='bbox 234 1267 294 1296; x_wconf 87' lang='lat' dir='ltr'><strong>ex</strong></span> <span class='ocrx_word' id='word_1_124' title='bbox 315 1255 469 1307; x_wconf 88' lang='lat' dir='ltr'><strong>primis</strong></span> <span class='ocrx_word' id='word_1_125' title='bbox 495 1268 574 1308; x_wconf 89' lang='lat' dir='ltr'><strong>per</strong></span> <span class='ocrx_word' id='word_1_126' title='bbox 594 1254 754 1295; x_wconf 90' lang='lat' dir='ltr'><strong>ultima</strong></span> <span class='ocrx_word' id='word_1_127' title='bbox 778 1254 918 1305; x_wconf 87' lang='lat' dir='ltr'><strong>fiunt;</strong></span> <span class='ocrx_word' id='word_1_128' title='bbox 950 1254 1022 1295; x_wconf 93' lang='lat' dir='ltr'><strong>hic</strong></span> <span class='ocrx_word' id='word_1_129' title='bbox 1048 1255 1202 1307; x_wconf 90' lang='lat' dir='ltr'><strong>itaque</strong></span> <span class='ocrx_word' id='word_1_130' title='bbox 1222 1253 1426 1294; x_wconf 89' lang='lat' dir='ltr'><strong>visitatio</strong></span> <span class='ocrx_word' id='word_1_131' title='bbox 1451 1266 1529 1293; x_wconf 91' lang='lat' dir='ltr'><strong>seu</strong></span> <span class='ocrx_word' id='word_1_132' title='bbox 1555 1251 1718 1305; x_wconf 88' lang='lat' dir='ltr'><strong>explo-</strong></span> 
     </span>
     <span class='ocr_line' id='line_1_17' title="bbox 233 1315 1718 1371; baseline -0.001 -14"><span class='ocrx_word' id='word_1_133' title='bbox 233 1317 364 1365; x_wconf 86' lang='lat' dir='ltr'><strong>ratio,</strong></span> <span class='ocrx_word' id='word_1_134' title='bbox 393 1317 513 1371; x_wconf 92' lang='lat' dir='ltr'><strong>quod</strong></span> <span class='ocrx_word' id='word_1_135' title='bbox 544 1331 698 1358; x_wconf 88' lang='lat' dir='ltr'><strong>verum</strong></span> <span class='ocrx_word' id='word_1_136' title='bbox 730 1317 1009 1370; x_wconf 87' lang='lat' dir='ltr'><strong>significatur</strong></span> <span class='ocrx_word' id='word_1_137' title='bbox 1039 1331 1118 1370; x_wconf 88' lang='lat' dir='ltr'><strong>per</strong></span> <span class='ocrx_word' id='word_1_138' title='bbox 1144 1315 1439 1357; x_wconf 87' lang='lat' dir='ltr'><strong>“calamum&#39;&#39;</strong></span> <span class='ocrx_word' id='word_1_139' title='bbox 1465 1329 1544 1356; x_wconf 90' lang='lat' dir='ltr'><strong>seu</strong></span> <span class='ocrx_word' id='word_1_140' title='bbox 1572 1318 1718 1356; x_wconf 86' lang='lat' dir='ltr'><strong>“can-</strong></span> 
     </span>
     <span class='ocr_line' id='line_1_18' title="bbox 234 1378 1519 1434; baseline -0.001 -15"><span class='ocrx_word' id='word_1_141' title='bbox 234 1378 378 1419; x_wconf 88' lang='lat' dir='ltr'><strong>nam.”</strong></span> <span class='ocrx_word' id='word_1_142' title='bbox 437 1378 653 1420; x_wconf 86' lang='lat' dir='ltr'><strong>Similiter</strong></span> <span class='ocrx_word' id='word_1_143' title='bbox 681 1381 726 1420; x_wconf 92' lang='lat' dir='ltr'><strong>in</strong></span> <span class='ocrx_word' id='word_1_144' title='bbox 751 1380 820 1420; x_wconf 88' lang='lat' dir='ltr'><strong>his</strong></span> <span class='ocrx_word' id='word_1_145' title='bbox 846 1380 1138 1434; x_wconf 89' lang='lat' dir='ltr'><strong>sequentibus</strong></span> <span class='ocrx_word' id='word_1_146' title='bbox 1163 1380 1208 1420; x_wconf 90' lang='lat' dir='ltr'><strong>in</strong></span> <span class='ocrx_word' id='word_1_147' title='bbox 1233 1378 1519 1432; x_wconf 84' lang='lat' dir='ltr'><strong>Apocalypsi,</strong></span> 
     </span>
    </p>
   </div>
   <div class='ocr_carea' id='block_1_5' title="bbox 300 1473 1720 1645">
    <p class='ocr_par' dir='ltr' id='par_1_5' title="bbox 300 1473 1720 1645">
     <span class='ocr_line' id='line_1_19' title="bbox 300 1473 1720 1515; baseline -0.001 -9"><span class='ocrx_word' id='word_1_148' title='bbox 300 1473 406 1515; x_wconf 73' lang='lat' dir='ltr'><strong>Quod</strong></span> <span class='ocrx_word' id='word_1_149' title='bbox 417 1483 511 1506; x_wconf 87' lang='lat' dir='ltr'><strong>unns</strong></span> <span class='ocrx_word' id='word_1_150' title='bbox 524 1485 569 1506; x_wconf 85' lang='lat' dir='ltr'><strong>ex</strong></span> <span class='ocrx_word' id='word_1_151' title='bbox 581 1481 719 1515; x_wconf 89' lang='lat' dir='ltr'><strong>septem</strong></span> <span class='ocrx_word' id='word_1_152' title='bbox 733 1475 871 1515; x_wconf 84' lang='lat' dir='ltr'><strong>angelis</strong></span> <span class='ocrx_word' id='word_1_153' title='bbox 881 1475 1046 1506; x_wconf 88' lang='lat' dir='ltr'><strong>habuerit</strong></span> <span class='ocrx_word' id='word_1_154' title='bbox 1059 1474 1238 1506; x_wconf 90' lang='lat' dir='ltr'><strong>calamum</strong></span> <span class='ocrx_word' id='word_1_155' title='bbox 1252 1484 1409 1512; x_wconf 85' lang='lat' dir='ltr'><strong>aureum,</strong></span> <span class='ocrx_word' id='word_1_156' title='bbox 1418 1484 1490 1515; x_wconf 93' lang='lat' dir='ltr'><strong>quo</strong></span> <span class='ocrx_word' id='word_1_157' title='bbox 1503 1474 1720 1506; x_wconf 86' lang='lat' dir='ltr'><strong>metiebatur</strong></span> 
     </span>
     <span class='ocr_line' id='line_1_20' title="bbox 407 1517 1720 1559; baseline 0 -10"><span class='ocrx_word' id='word_1_158' title='bbox 407 1517 588 1549; x_wconf 83' lang='lat' dir='ltr'><strong>civitatem</strong></span> <span class='ocrx_word' id='word_1_159' title='bbox 611 1518 905 1559; x_wconf 88' lang='lat' dir='ltr'><strong>Hierosolymam</strong></span> <span class='ocrx_word' id='word_1_160' title='bbox 925 1524 961 1550; x_wconf 91' lang='lat' dir='ltr'><strong>et</strong></span> <span class='ocrx_word' id='word_1_161' title='bbox 980 1524 1102 1559; x_wconf 87' lang='lat' dir='ltr'><strong>portas</strong></span> <span class='ocrx_word' id='word_1_162' title='bbox 1122 1518 1200 1558; x_wconf 89' lang='lat' dir='ltr'><strong>ejus</strong></span> <span class='ocrx_word' id='word_1_163' title='bbox 1219 1524 1255 1550; x_wconf 86' lang='lat' dir='ltr'><strong>et</strong></span> <span class='ocrx_word' id='word_1_164' title='bbox 1274 1528 1414 1549; x_wconf 87' lang='lat' dir='ltr'><strong>murum</strong></span> <span class='ocrx_word' id='word_1_165' title='bbox 1433 1518 1534 1558; x_wconf 86' lang='lat' dir='ltr'><strong>ejus;</strong></span> <span class='ocrx_word' id='word_1_166' title='bbox 1564 1524 1601 1550; x_wconf 89' lang='lat' dir='ltr'><strong>et</strong></span> <span class='ocrx_word' id='word_1_167' title='bbox 1624 1519 1720 1559; x_wconf 89' lang='lat' dir='ltr'><strong>quod</strong></span> 
     </span>
     <span class='ocr_line' id='line_1_21' title="bbox 407 1561 1718 1645; baseline 0.002 -53"><span class='ocrx_word' id='word_1_168' title='bbox 407 1571 554 1645; x_wconf 62' lang='lat' dir='ltr'><strong>rInens61)1s</strong></span> <span class='ocrx_word' id='word_1_169' title='bbox 573 1562 620 1593; x_wconf 84' lang='lat' dir='ltr'><strong>sit</strong></span> <span class='ocrx_word' id='word_1_170' title='bbox 642 1562 827 1594; x_wconf 79' lang='lat' dir='ltr'><strong>civitatem</strong></span> <span class='ocrx_word' id='word_1_171' title='bbox 845 1563 986 1594; x_wconf 86' lang='lat' dir='ltr'><strong>calamo</strong></span> <span class='ocrx_word' id='word_1_172' title='bbox 1005 1562 1050 1594; x_wconf 90' lang='lat' dir='ltr'><strong>ad</strong></span> <span class='ocrx_word' id='word_1_173' title='bbox 1070 1562 1270 1594; x_wconf 86' lang='lat' dir='ltr'><strong>stadiorum</strong></span> <span class='ocrx_word' id='word_1_174' title='bbox 1290 1562 1481 1593; x_wconf 90' lang='lat' dir='ltr'><strong>duodecim</strong></span> <span class='ocrx_word' id='word_1_175' title='bbox 1501 1561 1618 1593; x_wconf 87' lang='lat' dir='ltr'><strong>millia</strong></span> <span class='ocrx_word' id='word_1_176' title='bbox 1635 1562 1718 1601; x_wconf 84' lang='lat' dir='ltr'><strong>(xxi.</strong></span> 
     </span>
    </p>

    <p class='ocr_par' dir='ltr' id='par_1_6' title="bbox 431 1612 552 1644">
     <span class='ocr_line' id='line_1_22' title="bbox 431 1612 552 1644; baseline -0.008 0"><span class='ocrx_word' id='word_1_177' title='bbox 431 1612 459 1644; x_wconf 85' lang='lat'><strong>5.</strong></span> <span class='ocrx_word' id='word_1_178' title='bbox 480 1613 494 1636; x_wconf 91' lang='lat'>1</span> <span class='ocrx_word' id='word_1_179' title='bbox 544 1615 552 1643; x_wconf 75' lang='grc' dir='ltr'><strong><em>ἱ</em></strong></span> 
     </span>
    </p>
   </div>
   <div class='ocr_carea' id='block_1_6' title="bbox 234 1687 733 1742">
    <p class='ocr_par' dir='ltr' id='par_1_7' title="bbox 234 1687 733 1742">
     <span class='ocr_line' id='line_1_23' title="bbox 234 1687 733 1742; baseline 0.002 -14"><span class='ocrx_word' id='word_1_180' title='bbox 234 1693 282 1728; x_wconf 88' lang='lat' dir='ltr'><strong>et</strong></span> <span class='ocrx_word' id='word_1_181' title='bbox 307 1688 425 1742; x_wconf 90' lang='lat' dir='ltr'><strong>apud</strong></span> <span class='ocrx_word' id='word_1_182' title='bbox 449 1687 733 1738; x_wconf 76' lang='lat' dir='ltr'><strong>Ezechielem,</strong></span> 
     </span>
    </p>
   </div>
   <div class='ocr_carea' id='block_1_7' title="bbox 301 1762 1721 1977">
    <p class='ocr_par' dir='ltr' id='par_1_8' title="bbox 301 1762 1721 1977">
     <span class='ocr_line' id='line_1_24' title="bbox 301 1762 1719 1804; baseline 0.001 -10"><span class='ocrx_word' id='word_1_183' title='bbox 301 1762 406 1804; x_wconf 74' lang='lat' dir='ltr'><strong>Quod</strong></span> <span class='ocrx_word' id='word_1_184' title='bbox 423 1763 460 1794; x_wconf 89' lang='lat' dir='ltr'><strong>in</strong></span> <span class='ocrx_word' id='word_1_185' title='bbox 481 1773 591 1795; x_wconf 89' lang='lat' dir='ltr'><strong>manu</strong></span> <span class='ocrx_word' id='word_1_186' title='bbox 610 1764 730 1804; x_wconf 88' lang='lat' dir='ltr'><strong>angeli</strong></span> <span class='ocrx_word' id='word_1_187' title='bbox 749 1771 845 1796; x_wconf 87' lang='lat' dir='ltr'><strong>esset</strong></span> <span class='ocrx_word' id='word_1_188' title='bbox 868 1765 965 1796; x_wconf 89' lang='lat' dir='ltr'><strong>filum</strong></span> <span class='ocrx_word' id='word_1_189' title='bbox 983 1765 1046 1796; x_wconf 87' lang='lat' dir='ltr'><strong>lini</strong></span> <span class='ocrx_word' id='word_1_190' title='bbox 1062 1770 1098 1796; x_wconf 92' lang='lat' dir='ltr'><strong>et</strong></span> <span class='ocrx_word' id='word_1_191' title='bbox 1114 1764 1274 1796; x_wconf 86' lang='lat' dir='ltr'><strong>calamus</strong></span> <span class='ocrx_word' id='word_1_192' title='bbox 1291 1774 1493 1802; x_wconf 83' lang='lat' dir='ltr'><strong>mensurae,</strong></span> <span class='ocrx_word' id='word_1_193' title='bbox 1507 1770 1543 1796; x_wconf 88' lang='lat' dir='ltr'><strong>et</strong></span> <span class='ocrx_word' id='word_1_194' title='bbox 1559 1764 1719 1796; x_wconf 88' lang='lat' dir='ltr'><strong>calamus</strong></span> 
     </span>
     <span class='ocr_line' id='line_1_25' title="bbox 407 1807 1721 1848; baseline 0.002 -10"><span class='ocrx_word' id='word_1_195' title='bbox 407 1816 470 1838; x_wconf 84' lang='lat' dir='ltr'><strong>sex</strong></span> <span class='ocrx_word' id='word_1_196' title='bbox 488 1807 664 1846; x_wconf 89' lang='lat' dir='ltr'><strong>ulnarum,</strong></span> <span class='ocrx_word' id='word_1_197' title='bbox 681 1814 717 1839; x_wconf 89' lang='lat' dir='ltr'><strong>et</strong></span> <span class='ocrx_word' id='word_1_198' title='bbox 733 1809 827 1848; x_wconf 91' lang='lat' dir='ltr'><strong>quod</strong></span> <span class='ocrx_word' id='word_1_199' title='bbox 844 1808 906 1839; x_wconf 88' lang='lat' dir='ltr'><strong>illo</strong></span> <span class='ocrx_word' id='word_1_200' title='bbox 922 1818 1070 1840; x_wconf 83' lang='lat' dir='ltr'><strong>mensus</strong></span> <span class='ocrx_word' id='word_1_201' title='bbox 1087 1809 1133 1840; x_wconf 91' lang='lat' dir='ltr'><strong>sit</strong></span> <span class='ocrx_word' id='word_1_202' title='bbox 1150 1808 1423 1848; x_wconf 89' lang='lat' dir='ltr'><strong>longitudinem,</strong></span> <span class='ocrx_word' id='word_1_203' title='bbox 1442 1808 1666 1839; x_wconf 85' lang='lat' dir='ltr'><strong>latitudinem</strong></span> <span class='ocrx_word' id='word_1_204' title='bbox 1683 1815 1721 1840; x_wconf 88' lang='lat' dir='ltr'><strong>et</strong></span> 
     </span>
     <span class='ocr_line' id='line_1_26' title="bbox 408 1851 1721 1892; baseline 0.001 -11"><span class='ocrx_word' id='word_1_205' title='bbox 408 1851 635 1882; x_wconf 87' lang='lat' dir='ltr'><strong>altitudinem</strong></span> <span class='ocrx_word' id='word_1_206' title='bbox 659 1851 823 1889; x_wconf 87' lang='lat' dir='ltr'><strong>aedificii,</strong></span> <span class='ocrx_word' id='word_1_207' title='bbox 847 1858 984 1892; x_wconf 86' lang='lat' dir='ltr'><strong>portae,</strong></span> <span class='ocrx_word' id='word_1_208' title='bbox 1003 1852 1173 1892; x_wconf 86' lang='lat' dir='ltr'><strong>porticus,</strong></span> <span class='ocrx_word' id='word_1_209' title='bbox 1194 1851 1286 1889; x_wconf 89' lang='lat' dir='ltr'><strong>atrii,</strong></span> <span class='ocrx_word' id='word_1_210' title='bbox 1307 1852 1443 1891; x_wconf 88' lang='lat' dir='ltr'><strong>templi,</strong></span> <span class='ocrx_word' id='word_1_211' title='bbox 1463 1858 1499 1883; x_wconf 88' lang='lat' dir='ltr'><strong>et</strong></span> <span class='ocrx_word' id='word_1_212' title='bbox 1522 1851 1625 1891; x_wconf 88' lang='lat' dir='ltr'><strong>plura</strong></span> <span class='ocrx_word' id='word_1_213' title='bbox 1646 1851 1721 1883; x_wconf 75' lang='lat' dir='ltr'><strong>alia</strong></span> 
     </span>
     <span class='ocr_line' id='line_1_27' title="bbox 406 1893 1719 1936; baseline 0.002 -12"><span class='ocrx_word' id='word_1_214' title='bbox 406 1893 495 1934; x_wconf 90' lang='lat' dir='ltr'><strong>(cap.</strong></span> <span class='ocrx_word' id='word_1_215' title='bbox 513 1894 558 1925; x_wconf 88' lang='lat' dir='ltr'><strong>xl.</strong></span> <span class='ocrx_word' id='word_1_216' title='bbox 577 1903 606 1933; x_wconf 89' lang='lat'><strong>3,</strong></span> <span class='ocrx_word' id='word_1_217' title='bbox 626 1902 654 1933; x_wconf 89' lang='lat'><strong>5,</strong></span> <span class='ocrx_word' id='word_1_218' title='bbox 667 1895 698 1932; x_wconf 89' lang='lat'><strong>6,</strong></span> <span class='ocrx_word' id='word_1_219' title='bbox 715 1895 745 1933; x_wconf 88' lang='lat'><strong>8,</strong></span> <span class='ocrx_word' id='word_1_220' title='bbox 765 1903 814 1933; x_wconf 90' lang='lat'><strong>11,</strong></span> <span class='ocrx_word' id='word_1_221' title='bbox 830 1903 879 1934; x_wconf 88' lang='lat'><strong>13,</strong></span> <span class='ocrx_word' id='word_1_222' title='bbox 896 1903 946 1933; x_wconf 85' lang='lat'><strong>17.</strong></span> <span class='ocrx_word' id='word_1_223' title='bbox 959 1905 1032 1936; x_wconf 87' lang='lat' dir='ltr'><strong>seq.</strong></span> <span class='ocrx_word' id='word_1_224' title='bbox 1047 1905 1055 1933; x_wconf 84' lang='lat'>;</span> <span class='ocrx_word' id='word_1_225' title='bbox 1078 1905 1154 1936; x_wconf 88' lang='lat' dir='ltr'><strong>cap.</strong></span> <span class='ocrx_word' id='word_1_226' title='bbox 1168 1895 1228 1926; x_wconf 86' lang='lat' dir='ltr'><strong>xli.</strong></span> <span class='ocrx_word' id='word_1_227' title='bbox 1245 1903 1316 1933; x_wconf 86' lang='lat'><strong>1-5,</strong></span> <span class='ocrx_word' id='word_1_228' title='bbox 1333 1903 1382 1933; x_wconf 85' lang='lat'><strong>13,</strong></span> <span class='ocrx_word' id='word_1_229' title='bbox 1403 1903 1452 1933; x_wconf 85' lang='lat'><strong>14,</strong></span> <span class='ocrx_word' id='word_1_230' title='bbox 1470 1903 1511 1926; x_wconf 87' lang='lat'><strong>22</strong></span> <span class='ocrx_word' id='word_1_231' title='bbox 1525 1905 1533 1933; x_wconf 83' lang='lat'>;</span> <span class='ocrx_word' id='word_1_232' title='bbox 1556 1905 1632 1936; x_wconf 89' lang='lat' dir='ltr'><strong>cap.</strong></span> <span class='ocrx_word' id='word_1_233' title='bbox 1646 1895 1719 1927; x_wconf 90' lang='lat' dir='ltr'><strong>xlii.</strong></span> 
     </span>
     <span class='ocr_line' id='line_1_28' title="bbox 412 1937 596 1977; baseline 0.011 -9"><span class='ocrx_word' id='word_1_234' title='bbox 412 1945 426 1968; x_wconf 86' lang='lat'>1</span> <span class='ocrx_word' id='word_1_235' title='bbox 445 1938 490 1968; x_wconf 88' lang='lat' dir='ltr'><strong>ad</strong></span> <span class='ocrx_word' id='word_1_236' title='bbox 506 1937 596 1977; x_wconf 89' lang='lat' dir='ltr'><strong>fin.):</strong></span> 
     </span>
    </p>
   </div>
   <div class='ocr_carea' id='block_1_8' title="bbox 235 2024 1720 2080">
    <p class='ocr_par' dir='ltr' id='par_1_9' title="bbox 235 2024 1720 2080">
     <span class='ocr_line' id='line_1_29' title="bbox 235 2024 1720 2080; baseline 0.001 -15"><span class='ocrx_word' id='word_1_237' title='bbox 235 2024 356 2079; x_wconf 91' lang='lat' dir='ltr'><strong>quod</strong></span> <span class='ocrx_word' id='word_1_238' title='bbox 392 2038 471 2078; x_wconf 89' lang='lat' dir='ltr'><strong>per</strong></span> <span class='ocrx_word' id='word_1_239' title='bbox 509 2025 769 2066; x_wconf 90' lang='lat' dir='ltr'><strong>“calamum</strong></span> <span class='ocrx_word' id='word_1_240' title='bbox 812 2026 1078 2067; x_wconf 89' lang='lat' dir='ltr'><strong>mensurae‘&#39;</strong></span> <span class='ocrx_word' id='word_1_241' title='bbox 1113 2027 1183 2067; x_wconf 91' lang='lat' dir='ltr'><strong>hic</strong></span> <span class='ocrx_word' id='word_1_242' title='bbox 1220 2040 1397 2080; x_wconf 91' lang='lat' dir='ltr'><strong>quoque</strong></span> <span class='ocrx_word' id='word_1_243' title='bbox 1437 2026 1720 2080; x_wconf 87' lang='lat' dir='ltr'><strong>intelligatur</strong></span> 
     </span>
    </p>
   </div>
   <div class='ocr_carea' id='block_1_9' title="bbox 171 2087 1716 2143">
    <p class='ocr_par' dir='ltr' id='par_1_10' title="bbox 171 2087 1716 2143">
     <span class='ocr_line' id='line_1_30' title="bbox 171 2087 1716 2143; baseline 0.002 -16"><span class='ocrx_word' id='word_1_244' title='bbox 171 2099 178 2105; x_wconf 60' lang='lat'><strong>²</strong></span> <span class='ocrx_word' id='word_1_245' title='bbox 236 2087 396 2128; x_wconf 91' lang='lat' dir='ltr'><strong>modus</strong></span> <span class='ocrx_word' id='word_1_246' title='bbox 413 2087 682 2141; x_wconf 88' lang='lat' dir='ltr'><strong>explorandi</strong></span> <span class='ocrx_word' id='word_1_247' title='bbox 699 2088 937 2129; x_wconf 89' lang='lat' dir='ltr'><strong>ecclesiam</strong></span> <span class='ocrx_word' id='word_1_248' title='bbox 955 2089 1103 2142; x_wconf 87' lang='lat' dir='ltr'><strong>quoad</strong></span> <span class='ocrx_word' id='word_1_249' title='bbox 1120 2102 1274 2130; x_wconf 90' lang='lat' dir='ltr'><strong>verum</strong></span> <span class='ocrx_word' id='word_1_250' title='bbox 1296 2096 1342 2130; x_wconf 87' lang='lat' dir='ltr'><strong>et</strong></span> <span class='ocrx_word' id='word_1_251' title='bbox 1364 2090 1511 2143; x_wconf 87' lang='lat' dir='ltr'><strong>quoad</strong></span> <span class='ocrx_word' id='word_1_252' title='bbox 1534 2090 1716 2138; x_wconf 90' lang='lat' dir='ltr'><strong>bonum,</strong></span> 
     </span>
    </p>
   </div>
   <div class='ocr_carea' id='block_1_10' title="bbox 0 0 138 3334">
    <p class='ocr_par' dir='ltr' id='par_1_11' title="bbox 0 0 138 3334">
     <span class='ocr_line' id='line_1_31' title="bbox 0 0 138 3334; baseline 0 0"><span class='ocrx_word' id='word_1_253' title='bbox 0 0 138 3334; x_wconf 95' lang='lat' dir='ltr'><strong> </strong></span> 
     </span>
    </p>
   </div>
   <div class='ocr_carea' id='block_1_11' title="bbox 235 2152 1720 2394">
    <p class='ocr_par' dir='ltr' id='par_1_12' title="bbox 235 2152 1720 2394">
     <span class='ocr_line' id='line_1_32' title="bbox 235 2152 1720 2212; baseline 0.002 -22"><span class='ocrx_word' id='word_1_254' title='bbox 235 2156 447 2191; x_wconf 88' lang='lat' dir='ltr'><strong>constare</strong></span> <span class='ocrx_word' id='word_1_255' title='bbox 477 2157 630 2204; x_wconf 89' lang='lat' dir='ltr'><strong>potest</strong></span> <span class='ocrx_word' id='word_1_256' title='bbox 662 2165 720 2192; x_wconf 86' lang='lat' dir='ltr'><strong>ex</strong></span> <span class='ocrx_word' id='word_1_257' title='bbox 752 2166 821 2199; x_wconf 91' lang='lat' dir='ltr'><strong>eo,</strong></span> <span class='ocrx_word' id='word_1_258' title='bbox 854 2153 974 2205; x_wconf 91' lang='lat' dir='ltr'><strong>quod</strong></span> <span class='ocrx_word' id='word_1_259' title='bbox 1009 2152 1198 2204; x_wconf 89' lang='lat' dir='ltr'><strong>angelus</strong></span> <span class='ocrx_word' id='word_1_260' title='bbox 1234 2165 1415 2193; x_wconf 89' lang='lat' dir='ltr'><strong>mensus</strong></span> <span class='ocrx_word' id='word_1_261' title='bbox 1451 2153 1509 2193; x_wconf 86' lang='lat' dir='ltr'><strong>sit</strong></span> <span class='ocrx_word' id='word_1_262' title='bbox 1541 2153 1720 2212; x_wconf 86' lang='lat' dir='ltr'><strong>singula</strong></span> 
     </span>
     <span class='ocr_line' id='line_1_33' title="bbox 236 2213 1716 2267; baseline 0.002 -14"><span class='ocrx_word' id='word_1_263' title='bbox 236 2213 395 2266; x_wconf 88' lang='lat' dir='ltr'><strong>templi</strong></span> <span class='ocrx_word' id='word_1_264' title='bbox 430 2214 578 2267; x_wconf 90' lang='lat' dir='ltr'><strong>quoad</strong></span> <span class='ocrx_word' id='word_1_265' title='bbox 616 2214 961 2267; x_wconf 90' lang='lat' dir='ltr'><strong>longitudinem,</strong></span> <span class='ocrx_word' id='word_1_266' title='bbox 995 2215 1283 2256; x_wconf 89' lang='lat' dir='ltr'><strong>latitudinem</strong></span> <span class='ocrx_word' id='word_1_267' title='bbox 1319 2222 1366 2256; x_wconf 92' lang='lat' dir='ltr'><strong>et</strong></span> <span class='ocrx_word' id='word_1_268' title='bbox 1402 2215 1716 2265; x_wconf 86' lang='lat' dir='ltr'><strong>altitudinem;</strong></span> 
     </span>
     <span class='ocr_line' id='line_1_34' title="bbox 236 2276 1718 2332; baseline 0.002 -16"><span class='ocrx_word' id='word_1_269' title='bbox 236 2281 284 2317; x_wconf 91' lang='lat' dir='ltr'><strong>et</strong></span> <span class='ocrx_word' id='word_1_270' title='bbox 314 2289 394 2329; x_wconf 90' lang='lat' dir='ltr'><strong>per</strong></span> <span class='ocrx_word' id='word_1_271' title='bbox 426 2276 795 2329; x_wconf 87' lang='lat' dir='ltr'><strong>“longitudinem</strong></span> <span class='ocrx_word' id='word_1_272' title='bbox 809 2277 829 2292; x_wconf 92' lang='lat'>”</span> <span class='ocrx_word' id='word_1_273' title='bbox 851 2277 1130 2330; x_wconf 88' lang='lat' dir='ltr'><strong>significatur</strong></span> <span class='ocrx_word' id='word_1_274' title='bbox 1158 2278 1340 2327; x_wconf 93' lang='lat' dir='ltr'><strong>bonum,</strong></span> <span class='ocrx_word' id='word_1_275' title='bbox 1369 2292 1447 2332; x_wconf 90' lang='lat' dir='ltr'><strong>per</strong></span> <span class='ocrx_word' id='word_1_276' title='bbox 1475 2278 1718 2320; x_wconf 89' lang='lat' dir='ltr'><strong>“latitudi-</strong></span> 
     </span>
     <span class='ocr_line' id='line_1_35' title="bbox 236 2338 1719 2394; baseline 0.003 -15"><span class='ocrx_word' id='word_1_277' title='bbox 236 2338 371 2391; x_wconf 76' lang='lat' dir='ltr'><strong>nem”</strong></span> <span class='ocrx_word' id='word_1_278' title='bbox 396 2352 564 2388; x_wconf 86' lang='lat' dir='ltr'><strong>verum,</strong></span> <span class='ocrx_word' id='word_1_279' title='bbox 593 2346 640 2380; x_wconf 90' lang='lat' dir='ltr'><strong>et</strong></span> <span class='ocrx_word' id='word_1_280' title='bbox 671 2353 750 2393; x_wconf 91' lang='lat' dir='ltr'><strong>per</strong></span> <span class='ocrx_word' id='word_1_281' title='bbox 778 2340 1136 2381; x_wconf 89' lang='lat' dir='ltr'><strong>“altitudinem&#39;’</strong></span> <span class='ocrx_word' id='word_1_282' title='bbox 1162 2341 1327 2394; x_wconf 89' lang='lat' dir='ltr'><strong>gradus</strong></span> <span class='ocrx_word' id='word_1_283' title='bbox 1358 2342 1465 2382; x_wconf 90' lang='lat' dir='ltr'><strong>boni</strong></span> <span class='ocrx_word' id='word_1_284' title='bbox 1496 2349 1543 2383; x_wconf 91' lang='lat' dir='ltr'><strong>et</strong></span> <span class='ocrx_word' id='word_1_285' title='bbox 1568 2343 1661 2383; x_wconf 89' lang='lat' dir='ltr'><strong>veri</strong></span> <span class='ocrx_word' id='word_1_286' title='bbox 1692 2357 1719 2383; x_wconf 91' lang='lat' dir='ltr'><strong>a</strong></span> 
     </span>
    </p>
   </div>
   <div class='ocr_carea' id='block_1_12' title="bbox 235 2400 1718 2508">
    <p class='ocr_par' dir='ltr' id='par_1_13' title="bbox 235 2400 1718 2508">
     <span class='ocr_line' id='line_1_36' title="bbox 236 2400 1718 2452; baseline 0.003 -13"><span class='ocrx_word' id='word_1_287' title='bbox 236 2400 458 2452; x_wconf 89' lang='lat' dir='ltr'><strong>supremis</strong></span> <span class='ocrx_word' id='word_1_288' title='bbox 478 2413 558 2440; x_wconf 91' lang='lat' dir='ltr'><strong>seu</strong></span> <span class='ocrx_word' id='word_1_289' title='bbox 578 2401 748 2441; x_wconf 91' lang='lat' dir='ltr'><strong>intimis</strong></span> <span class='ocrx_word' id='word_1_290' title='bbox 769 2401 827 2441; x_wconf 94' lang='lat' dir='ltr'><strong>ad</strong></span> <span class='ocrx_word' id='word_1_291' title='bbox 851 2400 1005 2441; x_wconf 87' lang='lat' dir='ltr'><strong>infima</strong></span> <span class='ocrx_word' id='word_1_292' title='bbox 1029 2415 1109 2442; x_wconf 87' lang='lat' dir='ltr'><strong>seu</strong></span> <span class='ocrx_word' id='word_1_293' title='bbox 1133 2402 1307 2443; x_wconf 88' lang='lat' dir='ltr'><strong>ultima.</strong></span> <span class='ocrx_word' id='word_1_294' title='bbox 1365 2413 1478 2451; x_wconf 84' lang='lat' dir='ltr'><strong>(Quod</strong></span> <span class='ocrx_word' id='word_1_295' title='bbox 1493 2411 1510 2421; x_wconf 81' lang='lat'><strong>¹·</strong></span> <span class='ocrx_word' id='word_1_296' title='bbox 1521 2413 1689 2451; x_wconf 80' lang='lat' dir='ltr'><strong>longitudo</strong></span> <span class='ocrx_word' id='word_1_297' title='bbox 1701 2415 1718 2423; x_wconf 88' lang='grc'><strong>·’</strong></span> 
     </span>
     <span class='ocr_line' id='line_1_37' title="bbox 235 2456 1717 2508; baseline 0.004 -17"><span class='ocrx_word' id='word_1_298' title='bbox 235 2459 267 2491; x_wconf 73' lang='lat' dir='ltr'><strong>et</strong></span> <span class='ocrx_word' id='word_1_299' title='bbox 278 2459 297 2470; x_wconf 81' lang='lat'><strong>&#39;⁰</strong></span> <span class='ocrx_word' id='word_1_300' title='bbox 306 2462 441 2492; x_wconf 86' lang='lat' dir='ltr'><strong>latitudo</strong></span> <span class='ocrx_word' id='word_1_301' title='bbox 452 2463 468 2471; x_wconf 90' lang='lat'><strong>&#39;¹</strong></span> <span class='ocrx_word' id='word_1_302' title='bbox 483 2463 536 2492; x_wconf 82' lang='lat' dir='ltr'><strong>illa</strong></span> <span class='ocrx_word' id='word_1_303' title='bbox 544 2464 731 2500; x_wconf 84' lang='lat' dir='ltr'><strong>significent,</strong></span> <span class='ocrx_word' id='word_1_304' title='bbox 741 2465 886 2493; x_wconf 85' lang='lat' dir='ltr'><strong>videatur</strong></span> <span class='ocrx_word' id='word_1_305' title='bbox 897 2464 928 2493; x_wconf 90' lang='lat' dir='ltr'><strong>in</strong></span> <span class='ocrx_word' id='word_1_306' title='bbox 942 2473 1038 2501; x_wconf 87' lang='lat' dir='ltr'><strong>opere</strong></span> <span class='ocrx_word' id='word_1_307' title='bbox 1050 2465 1099 2494; x_wconf 87' lang='lat' dir='ltr'><strong>De</strong></span> <span class='ocrx_word' id='word_1_308' title='bbox 1111 2466 1202 2494; x_wconf 85' lang='lat' dir='ltr'><strong>Caelo</strong></span> <span class='ocrx_word' id='word_1_309' title='bbox 1211 2469 1242 2495; x_wconf 83' lang='lat' dir='ltr'><strong>el</strong></span> <span class='ocrx_word' id='word_1_310' title='bbox 1252 2467 1389 2504; x_wconf 77' lang='lat' dir='ltr'><strong>Inferna.</strong></span> <span class='ocrx_word' id='word_1_311' title='bbox 1403 2476 1433 2495; x_wconf 91' lang='lat' dir='ltr'><strong>n.</strong></span> <span class='ocrx_word' id='word_1_312' title='bbox 1450 2467 1532 2504; x_wconf 91' lang='lat'>107.)</span> <span class='ocrx_word' id='word_1_313' title='bbox 1579 2456 1717 2508; x_wconf 77' lang='lat' dir='ltr'><strong>Quod</strong></span> 
     </span>
    </p>
   </div>
   <div class='ocr_carea' id='block_1_13' title="bbox 235 2512 1718 2943">
    <p class='ocr_par' dir='ltr' id='par_1_14' title="bbox 235 2512 1718 2943">
     <span class='ocr_line' id='line_1_38' title="bbox 238 2512 1717 2570; baseline 0.004 -17"><span class='ocrx_word' id='word_1_314' title='bbox 238 2512 474 2554; x_wconf 85' lang='lat' dir='ltr'><strong>“calamus</strong></span> <span class='ocrx_word' id='word_1_315' title='bbox 489 2513 509 2528; x_wconf 88' lang='lat'><strong>”</strong></span> <span class='ocrx_word' id='word_1_316' title='bbox 534 2514 757 2567; x_wconf 85' lang='lat' dir='ltr'><strong>significet</strong></span> <span class='ocrx_word' id='word_1_317' title='bbox 783 2528 936 2555; x_wconf 91' lang='lat' dir='ltr'><strong>verum</strong></span> <span class='ocrx_word' id='word_1_318' title='bbox 968 2516 1012 2555; x_wconf 91' lang='lat' dir='ltr'><strong>in</strong></span> <span class='ocrx_word' id='word_1_319' title='bbox 1038 2515 1221 2565; x_wconf 87' lang='lat' dir='ltr'><strong>ultimis,</strong></span> <span class='ocrx_word' id='word_1_320' title='bbox 1248 2530 1327 2570; x_wconf 89' lang='lat' dir='ltr'><strong>per</strong></span> <span class='ocrx_word' id='word_1_321' title='bbox 1357 2517 1477 2570; x_wconf 92' lang='lat' dir='ltr'><strong>quod</strong></span> <span class='ocrx_word' id='word_1_322' title='bbox 1503 2517 1717 2570; x_wconf 89' lang='lat' dir='ltr'><strong>explora-</strong></span> 
     </span>
     <span class='ocr_line' id='line_1_39' title="bbox 236 2575 1718 2633; baseline 0.003 -18"><span class='ocrx_word' id='word_1_323' title='bbox 236 2575 383 2616; x_wconf 89' lang='lat' dir='ltr'><strong>tiones</strong></span> <span class='ocrx_word' id='word_1_324' title='bbox 418 2575 544 2625; x_wconf 90' lang='lat' dir='ltr'><strong>fiunt,</strong></span> <span class='ocrx_word' id='word_1_325' title='bbox 578 2583 706 2630; x_wconf 91' lang='lat' dir='ltr'><strong>patet</strong></span> <span class='ocrx_word' id='word_1_326' title='bbox 744 2591 920 2630; x_wconf 90' lang='lat' dir='ltr'><strong>quoque</strong></span> <span class='ocrx_word' id='word_1_327' title='bbox 956 2591 1015 2618; x_wconf 85' lang='lat' dir='ltr'><strong>ex</strong></span> <span class='ocrx_word' id='word_1_328' title='bbox 1051 2592 1121 2627; x_wconf 89' lang='lat' dir='ltr'><strong>eo,</strong></span> <span class='ocrx_word' id='word_1_329' title='bbox 1154 2579 1274 2632; x_wconf 90' lang='lat' dir='ltr'><strong>quod</strong></span> <span class='ocrx_word' id='word_1_330' title='bbox 1314 2580 1358 2620; x_wconf 90' lang='lat' dir='ltr'><strong>in</strong></span> <span class='ocrx_word' id='word_1_331' title='bbox 1394 2593 1529 2620; x_wconf 89' lang='lat' dir='ltr'><strong>manu</strong></span> <span class='ocrx_word' id='word_1_332' title='bbox 1566 2581 1718 2633; x_wconf 89' lang='lat' dir='ltr'><strong>angeli</strong></span> 
     </span>
     <span class='ocr_line' id='line_1_40' title="bbox 235 2638 1717 2695; baseline 0.004 -17"><span class='ocrx_word' id='word_1_333' title='bbox 235 2638 374 2679; x_wconf 90' lang='lat' dir='ltr'><strong>etiam</strong></span> <span class='ocrx_word' id='word_1_334' title='bbox 398 2645 519 2680; x_wconf 91' lang='lat' dir='ltr'><strong>esset</strong></span> <span class='ocrx_word' id='word_1_335' title='bbox 550 2638 672 2679; x_wconf 91' lang='lat' dir='ltr'><strong>filum</strong></span> <span class='ocrx_word' id='word_1_336' title='bbox 704 2639 794 2687; x_wconf 92' lang='lat' dir='ltr'><strong>lini,</strong></span> <span class='ocrx_word' id='word_1_337' title='bbox 827 2646 873 2680; x_wconf 90' lang='lat' dir='ltr'><strong>et</strong></span> <span class='ocrx_word' id='word_1_338' title='bbox 906 2654 984 2693; x_wconf 89' lang='lat' dir='ltr'><strong>per</strong></span> <span class='ocrx_word' id='word_1_339' title='bbox 1011 2639 1172 2681; x_wconf 89' lang='lat' dir='ltr'><strong>“filum</strong></span> <span class='ocrx_word' id='word_1_340' title='bbox 1203 2641 1311 2682; x_wconf 72' lang='lat' dir='ltr'><strong>lini?</strong></span> <span class='ocrx_word' id='word_1_341' title='bbox 1337 2642 1614 2695; x_wconf 88' lang='lat' dir='ltr'><strong>significatur</strong></span> <span class='ocrx_word' id='word_1_342' title='bbox 1639 2657 1717 2684; x_wconf 86' lang='lat' dir='ltr'><strong>ve-</strong></span> 
     </span>
     <span class='ocr_line' id='line_1_41' title="bbox 236 2702 1715 2755; baseline 0.004 -15"><span class='ocrx_word' id='word_1_343' title='bbox 236 2713 360 2751; x_wconf 88' lang='lat' dir='ltr'><strong>rum;</strong></span> <span class='ocrx_word' id='word_1_344' title='bbox 402 2706 499 2741; x_wconf 90' lang='lat' dir='ltr'><strong>tum</strong></span> <span class='ocrx_word' id='word_1_345' title='bbox 530 2715 590 2742; x_wconf 87' lang='lat' dir='ltr'><strong>ex</strong></span> <span class='ocrx_word' id='word_1_346' title='bbox 616 2715 684 2749; x_wconf 90' lang='lat' dir='ltr'><strong>eo,</strong></span> <span class='ocrx_word' id='word_1_347' title='bbox 711 2702 831 2755; x_wconf 91' lang='lat' dir='ltr'><strong>quod</strong></span> <span class='ocrx_word' id='word_1_348' title='bbox 857 2702 1059 2743; x_wconf 90' lang='lat' dir='ltr'><strong>calamus</strong></span> <span class='ocrx_word' id='word_1_349' title='bbox 1084 2709 1205 2744; x_wconf 90' lang='lat' dir='ltr'><strong>esset</strong></span> <span class='ocrx_word' id='word_1_350' title='bbox 1234 2708 1356 2745; x_wconf 89' lang='lat' dir='ltr'><strong>“sex</strong></span> <span class='ocrx_word' id='word_1_351' title='bbox 1388 2704 1634 2752; x_wconf 90' lang='lat' dir='ltr'><strong>ulnarum‚”</strong></span> <span class='ocrx_word' id='word_1_352' title='bbox 1663 2719 1715 2746; x_wconf 91' lang='lat' dir='ltr'><strong>ac</strong></span> 
     </span>
     <span class='ocr_line' id='line_1_42' title="bbox 237 2763 1715 2820; baseline 0.004 -18"><span class='ocrx_word' id='word_1_353' title='bbox 237 2774 315 2815; x_wconf 89' lang='lat' dir='ltr'><strong>per</strong></span> <span class='ocrx_word' id='word_1_354' title='bbox 351 2763 504 2803; x_wconf 84' lang='lat' dir='ltr'><strong>“sex”</strong></span> <span class='ocrx_word' id='word_1_355' title='bbox 541 2763 849 2816; x_wconf 85' lang='lat' dir='ltr'><strong>significantur</strong></span> <span class='ocrx_word' id='word_1_356' title='bbox 886 2765 1047 2806; x_wconf 89' lang='lat' dir='ltr'><strong>similia</strong></span> <span class='ocrx_word' id='word_1_357' title='bbox 1082 2779 1197 2819; x_wconf 91' lang='lat' dir='ltr'><strong>quae</strong></span> <span class='ocrx_word' id='word_1_358' title='bbox 1233 2780 1312 2820; x_wconf 89' lang='lat' dir='ltr'><strong>per</strong></span> <span class='ocrx_word' id='word_1_359' title='bbox 1351 2767 1515 2815; x_wconf 86' lang='lat' dir='ltr'><strong>“tria,&#39;’</strong></span> <span class='ocrx_word' id='word_1_360' title='bbox 1552 2780 1715 2820; x_wconf 88' lang='lat' dir='ltr'><strong>nempe</strong></span> 
     </span>
     <span class='ocr_line' id='line_1_43' title="bbox 236 2823 1714 2880; baseline 0.004 -17"><span class='ocrx_word' id='word_1_361' title='bbox 236 2835 343 2864; x_wconf 88' lang='lat' dir='ltr'><strong>vera</strong></span> <span class='ocrx_word' id='word_1_362' title='bbox 358 2823 403 2864; x_wconf 90' lang='lat' dir='ltr'><strong>in</strong></span> <span class='ocrx_word' id='word_1_363' title='bbox 424 2829 527 2864; x_wconf 93' lang='lat' dir='ltr'><strong>toto</strong></span> <span class='ocrx_word' id='word_1_364' title='bbox 544 2824 790 2877; x_wconf 87' lang='lat' dir='ltr'><strong>complexu</strong></span> <span class='ocrx_word' id='word_1_365' title='bbox 812 2835 970 2874; x_wconf 77' lang='lat' dir='ltr'><strong>(videatur</strong></span> <span class='ocrx_word' id='word_1_366' title='bbox 981 2845 1086 2874; x_wconf 81' lang='lat' dir='ltr'><strong>supra,</strong></span> <span class='ocrx_word' id='word_1_367' title='bbox 1099 2846 1130 2867; x_wconf 87' lang='lat' dir='ltr'><strong>n.</strong></span> <span class='ocrx_word' id='word_1_368' title='bbox 1146 2828 1238 2879; x_wconf 85' lang='lat'><strong>384.</strong></span> <span class='ocrx_word' id='word_1_369' title='bbox 1256 2837 1364 2879; x_wconf 86' lang='lat'>532).</span> <span class='ocrx_word' id='word_1_370' title='bbox 1423 2827 1559 2880; x_wconf 80' lang='lat' dir='ltr'><strong>Quod</strong></span> <span class='ocrx_word' id='word_1_371' title='bbox 1580 2832 1604 2849; x_wconf 89' lang='lat'><em>“</em></span> <span class='ocrx_word' id='word_1_372' title='bbox 1618 2841 1714 2869; x_wconf 88' lang='lat' dir='ltr'><strong>me-</strong></span> 
     </span>
     <span class='ocr_line' id='line_1_44' title="bbox 237 2883 1714 2943; baseline 0.005 -19"><span class='ocrx_word' id='word_1_373' title='bbox 237 2883 341 2925; x_wconf 86' lang='lat' dir='ltr'><strong>tiri”</strong></span> <span class='ocrx_word' id='word_1_374' title='bbox 371 2884 593 2938; x_wconf 87' lang='lat' dir='ltr'><strong>significet</strong></span> <span class='ocrx_word' id='word_1_375' title='bbox 625 2885 863 2939; x_wconf 87' lang='lat' dir='ltr'><strong>explorare</strong></span> <span class='ocrx_word' id='word_1_376' title='bbox 894 2886 1026 2940; x_wconf 87' lang='lat' dir='ltr'><strong>quale</strong></span> <span class='ocrx_word' id='word_1_377' title='bbox 1062 2889 1138 2938; x_wconf 88' lang='lat' dir='ltr'><strong>rei,</strong></span> <span class='ocrx_word' id='word_1_378' title='bbox 1170 2888 1395 2930; x_wconf 89' lang='lat' dir='ltr'><strong>videbitur</strong></span> <span class='ocrx_word' id='word_1_379' title='bbox 1426 2890 1470 2930; x_wconf 87' lang='lat' dir='ltr'><strong>in</strong></span> <span class='ocrx_word' id='word_1_380' title='bbox 1507 2890 1714 2943; x_wconf 87' lang='lat' dir='ltr'><strong>sequenti</strong></span> 
     </span>
    </p>
   </div>
  </div>
 </body>
</html>
