1962 3334
581 274 688 307 CAP.
711 274 795 314 XL,
816 274 956 307 VERS.
978 274 1126 306 2.—N.
1147 263 1317 318 63o[b].
1573 263 1688 317 11617

75 380 81 387 Α
99 433 109 444 ,
132 386 139 390 ’
203 387 354 438 tualis,
376 394 448 429 est
467 401 549 441 pro
570 386 697 428 caelo
717 387 868 428 medio
887 388 967 427 se'u
986 385 1212 435 secundo;
1243 392 1291 427 et
1311 388 1470 426 sensus
1490 384 1687 432 ultimus,

203 452 280 505 qui
298 457 487 492 vocatur
506 463 663 491 sensus
684 450 893 491 caelestis
917 456 964 490 et
989 449 1231 503 spiritualis
1256 448 1486 496 naturalis,
1510 454 1580 488 est
1605 461 1687 501 pro

195 513 333 556 'caelo
357 513 517 554 ultimo
540 527 619 554 seu
644 514 811 566 primo:
843 513 889 553 hi
914 519 1007 554 tres
1032 525 1203 560 sensus,
1230 518 1409 565 praeter
1434 510 1687 559 naturalem

204 576 278 630 qui
302 589 384 629 pro
405 577 587 624 mundo,
610 573 750 616 [dsunt
773 576 817 616 in
841 575 996 616 Verbo
1017 582 1063 615 et
1089 575 1133 615 in
1159 574 1345 628 singulis
1366 573 1486 627 ejus;
1518 580 1565 614 et
1586 573 1690 626 quia

203 646 297 679 tres
317 638 430 679 caeli
447 638 650 679 Verbum
671 638 856 687 habent,
874 645 922 679 et
943 638 1176 691 quodlibet
1194 637 1369 678 caelum
1390 638 1435 677 in
1455 650 1537 676 suo
1557 649 1691 676 sensu

198 700 343 742 Verbi
365 707 449 749 est,
473 708 520 742 et
541 701 645 742 inde
667 708 737 742 est
758 714 911 742 eorum
933 700 1107 741 caelum
1129 708 1175 741 et
1198 713 1375 754 quoque
1401 699 1563 747 cultus,
1585 698 1690 738 inde

202 764 400 821 sequitur
434 764 554 817 quod
590 763 648 804 id'
670 764 790 818 quod
824 761 1048 816 significat
1084 763 1257 803 caelum
1293 763 1429 803 etiam
1466 760 1690 814 significet

202 824 405 867 Verbum
430 834 477 867 et
503 827 697 868 cultum:
734 840 794 867 ex
825 840 881 867 eo
911 839 1027 866 nunc
1053 832 1123 866 est
1148 825 1269 879 quod
1297 824 1527 865 “atrium”
1552 824 1689 876 signi-

195 888 308 932 ·ficet
329 896 569 930 externum
591 889 745 937 Verbi,
767 895 814 930 et
836 889 939 929 inde
960 895 1200 929 externum
1222 887 1440 928 ecclesiae
1461 893 1508 927 et
1529 886 1689 927 cultus.

200 951 443 993 >Praeterea
459 953 688 993 sciendum
704 958 775 993 est
791 952 911 1005 quod
928 951 1102 1004 templo
1118 951 1207 991 duo
1225 951 1339 991 atria
1358 950 1536 998 suerint,
1555 963 1690 991 unum

200 1021 338 1055 extra
367 1015 601 1067 templum,
632 1021 679 1056 et
711 1015 903 1056 alterum
932 1015 1051 1055 intra
1080 1013 1328 1066 templum;
1365 1020 1412 1054 et
1442 1026 1522 1066 per
1543 1014 1690 1054 “atri-

203 1089 279 1118 um
305 1084 439 1118 extra
459 1078 679 1130 templum
691 1078 711 1093 ’⁸
732 1077 1008 1131 significatur
1029 1077 1123 1129 ipse
1145 1077 1356 1117 introitus
1381 1077 1424 1116 in
1447 1076 1621 1116 caelum
1643 1082 1691 1117 et

204 1139 249 1179 in
275 1139 533 1188 ecclesiam,
551 1141 594 1180 in
620 1154 709 1194 quo
733 1147 838 1180 sunt
863 1139 926 1180 illi
950 1140 1024 1193 qui
1048 1140 1093 1179 in
1119 1138 1294 1179 caelum
1320 1139 1690 1189 introducuntur;

206 1208 255 1242 et
289 1215 368 1255 per
399 1203 598 1243 “atrium
628 1203 747 1243 intra
777 1201 996 1254 templum
1008 1201 1029 1216 ’‘
1058 1201 1485 1253 repraesentabatur
1515 1201 1690 1242 caelum

204 1264 435 1306 ultimum:
469 1265 612 1306 simile
633 1272 703 1306 est
725 1278 826 1305 cum
848 1264 1052 1312 ecclesia,
1076 1272 1124 1305 ut
1150 1271 1196 1304 et
1218 1277 1319 1304 cum
1342 1264 1497 1305 Verbo
1521 1271 1568 1305 et
1590 1277 1690 1305 cum

202 1327 354 1377 cultu;
391 1340 495 1367 nam
527 1341 607 1380 per
632 1328 832 1368 “atrium
863 1334 997 1368 extra
1027 1326 1280 1379 templum”
1305 1326 1583 1380 significatur
1607 1341 1691 1368 ex-

60 1401 73 1444 2
137 1407 139 1409 ·
195 1396 382 1431 ternum
404 1389 558 1438 Verbi,
580 1391 667 1431 hoc
688 1397 773 1439 est,
792 1390 994 1431 Verbum
1015 1389 1147 1443 quale
1168 1397 1239 1430 est
1260 1390 1306 1430 in
1328 1403 1462 1430 sensu
1483 1389 1689 1437 naturali,

203 1452 279 1506 qui
308 1466 389 1506 pro
426 1453 608 1501 mundo,
640 1466 720 1506 per
755 1466 888 1507 quem
923 1466 1104 1493 sensum
1139 1453 1439 1493 introducitur
1473 1453 1611 1493 homo
1646 1453 1691 1493 in

99 1516 102 1521 “
157 1551 162 1555 ⁴
202 1529 385 1557 sensum
414 1515 509 1568 ejus
538 1515 815 1568 spiritualem
851 1517 895 1556 in
932 1530 1021 1569 quo
1051 1522 1162 1565 ¹sunt
1197 1516 1348 1569 angeli
1384 1516 1510 1556 caeli.
1571 1514 1690 1568 Quid

203 1585 357 1620 autem
378 1579 554 1632 proprie
575 1592 654 1631 per
675 1585 910 1632 utrumque
933 1578 1174 1627 “atrium,‘’
1194 1579 1380 1619 interius
1405 1585 1452 1619 et
1474 1579 1689 1626 exterius,

203 1641 494 1695 significatur,
518 1641 691 1682 dicetur
711 1642 755 1681 in
777 1642 1067 1695 sequentibus
1086 1655 1095 1682 :
1129 1648 1175 1682 et
1198 1655 1275 1681 cur
1295 1642 1367 1681 hic
1389 1642 1551 1681 dicitur
1571 1642 1691 1695 quod

206 1705 407 1746 “atrium
433 1711 566 1745 extra
591 1704 811 1757 templum
837 1704 1125 1756 rejiciendum
1151 1704 1269 1744 foras
1299 1705 1372 1752 sit,
1399 1711 1446 1744 et
1477 1717 1567 1744 non
1595 1717 1690 1744 me-

203 1767 447 1815 tiendum,”
472 1767 647 1808 dicetur
670 1768 715 1807 in
745 1767 935 1807 articulo
960 1768 1180 1820 sequenti,
1208 1767 1281 1807 ubi
1306 1767 1561 1819 explicatur
1585 1767 1690 1821 quid

204 1829 482 1884 significatur
506 1843 584 1883 per
609 1830 730 1884 quod
757 1830 839 1870 “id
865 1830 1022 1870 datum
1048 1831 1106 1870 sit
1132 1830 1382 1882 gentibus.’'

287 1897 373 1952 [Ε]
414 1897 491 1938 Ex
526 1898 595 1938 his
630 1911 749 1938 nunc
782 1898 1067 1951 aliquantum
1101 1898 1243 1938 videri
1278 1904 1435 1951 potest
1470 1897 1576 1951 quid
1610 1910 1692 1951 per

206 1959 437 2001 “atrium’'
462 1966 509 2000 et
540 1973 618 2012 per
645 1959 828 2000 “atria’'
853 1960 898 1999 in
930 1959 1086 2000 Verbo
1115 1958 1393 2012 significatur
1422 1960 1467 1999 in
1498 1973 1690 2013 sequen-

205 2023 326 2066 tibus
347 2022 457 2064 locis
473 2023 683 2076 z—Apud
706 2022 875 2071 Mosen,

272 2123 424 2162 “Facies
437 2130 567 2162 atrium
583 2130 787 2162 Habitaculi
804 2129 847 2161 ad
865 2131 1035 2170 angulum
1051 2131 1212 2162 meridiei
1228 2141 1353 2163 versus
1369 2138 1540 2169 anstrum,
1553 2137 1691 2172 tapetes

379 2183 444 2215 pro
463 2173 603 2212 atrio,’'.
617 2199 625 2206 .
639 2199 647 2206 .
661 2175 861 2205 .columnas
878 2175 1018 2214 viginti,
1037 2175 1142 2206 bases
1158 2175 1296 2214 viginti,
1313 2185 1425 2206 uncos
1443 2175 1691 2207 columnarum

379 2224 417 2249 et
434 2217 566 2250 fascias
584 2227 628 2248 ex
646 2225 807 2258 argento,
828 2224 967 2258 portam
986 2218 1067 2249 atrii
1085 2227 1166 2249 cum
1192 2219 1282 2257 velo,
1302 2219 1488 2258 longitudo
1511 2219 1591 2259 ejus
1610 2229 1692 2250 een-

379 2267 455 2292 tum
475 2262 672 2292 cubitorum
692 2271 715 2292 a
734 2262 880 2292 meridie
899 2262 934 2292 in
956 2262 1248 2301 septentrionem,
1267 2268 1303 2293 et
1321 2262 1470 2293 latitudo
1493 2263 1573 2303 ejus
1591 2263 1692 2304 quin-

379 2305 552 2346 quaginta
566 2305 611 2336 ab
627 2305 764 2336 oriente
782 2306 817 2336 in
834 2305 1056 2336 occidentem
1072 2305 1196 2344 (Exod.
1212 2306 1319 2337 xxvii.
1336 2307 1455 2346 9-18):

206 2405 294 2447 hoc
317 2406 480 2446 atrium
506 2412 604 2447 erat
625 2406 785 2447 atrium
810 2406 1013 2447 Tentorii
1035 2414 1299 2456 conventus,
1322 2421 1402 2460 per
1425 2409 1546 2462 quod
1567 2409 1690 2450 simi-

207 2467 310 2512 liter
347 2470 773 2521 repraesentabatur
812 2476 858 2509 et
898 2468 1232 2521 significabatur
1271 2471 1445 2511 caelum
1474 2472 1690 2513 'ultimum

207 2543 287 2572 seu
317 2531 531 2583 primum:
562 2545 672 2572 nam
704 2545 782 2584 per
807 2531 1072 2572 Tentorium
1102 2540 1354 2574 conventus
1378 2543 1690 2587 repraesenta-

208 2593 340 2634 batur
360 2593 560 2645 caelum;
591 2607 670 2647 per
694 2595 902 2635 intimum
924 2594 1030 2647 ejus,
1058 2595 1130 2636 ubi
1155 2609 1259 2636 arca
1280 2610 1412 2649 supra
1433 2611 1519 2650 qua
1541 2600 1690 2651 propi-

209 2655 453 2704 tiatorium,
479 2658 902 2710 repraesentabatur
927 2657 1102 2698 caelum
1131 2659 1336 2700 intimum
1369 2674 1446 2700 seu
1479 2662 1689 2710 tertium;

209 2730 375 2771 perque
401 2718 572 2772 Legem
601 2720 644 2760 in
670 2733 774 2760 arca
800 2720 901 2772 Ipse
934 2719 1152 2761 Dominus
1182 2722 1330 2775 quoad
1362 2722 1574 2763 Divinum
1596 2723 1691 2764 Ve-

210 2793 308 2822 rum
347 2795 425 2822 seu
460 2781 662 2823 Verbum
683 2797 692 2833 ;
735 2789 781 2823 et
823 2795 901 2834 per
935 2782 1200 2824 Tentorium
1243 2792 1375 2825 extra
1416 2786 1579 2834 velum,
1619 2787 1690 2827 ubi

211 2856 367 2884 mensa
386 2857 466 2896 pro
488 2845 689 2897 panibus,
713 2845 855 2886 altare
877 2844 1065 2895 suffitus,
1087 2853 1134 2887 et
1156 2848 1487 2897 candelabrum,
1512 2862 1690 2902 reprae-

212 2906 475 2948 sentabatur
499 2906 672 2948 caelum
698 2908 893 2948 medium
918 2922 996 2949 seu
1027 2910 1298 2961 secundum3
1335 2925 1387 2952 ac
1419 2925 1496 2964 per
1526 2912 1689 2953 atrium
