1962 3334
596 307 702 339 CAP.
725 306 808 348 1x.‚
830 306 969 339 VERS.
994 305 1139 350 3.-Ν,
1164 295 1328 351 543[b].
1399 295 1406 299 '
1599 305 1706 349 1359

224 434 381 462 causas
423 420 665 474 proximas,
707 433 818 473 quas
861 419 1000 460 etiam
1043 417 1309 459 confirmare
1347 422 1553 471 possunt,
1594 416 1704 457 nihil

223 483 406 524 vident:
438 489 486 524 et
510 483 547 523 si
571 482 824 522 afficiuntur
844 482 988 530 bonis,
1011 487 1082 522 est
1108 481 1245 521 modo
1269 494 1330 521 ex
1345 479 1544 532 jucundo
1569 493 1704 532 prop-

224 552 295 586 ter
317 559 367 586 se
391 552 468 586 aut
494 545 724 593 mundum,
750 546 815 585 ita
840 558 899 585 ex
925 543 1176 597 cupiditate
1201 556 1316 597 quae
1340 549 1410 583 est
1432 543 1597 583 amoris
1622 542 1702 589 sui,

224 614 304 649 aut
334 622 448 662 quae
478 614 549 648 est
579 608 743 648 amoris
775 607 941 647 mundi.
1002 605 1236 659 Cogitatio
1266 605 1485 646 sensualis
1510 604 1703 646 hominis

226 676 297 712 est
322 684 436 724 quae
457 676 643 711 vocatur
667 670 893 722 cogitatio
914 668 1175 717 materialis,
1198 675 1245 709 et
1270 666 1447 709 affectio
1471 666 1566 720 ejus
1590 680 1704 720 quae

225 740 415 773 vocatur
439 731 613 773 affectio
639 745 867 785 corporea,
894 745 1009 785 quae
1033 737 1104 772 est
1130 731 1367 784 cupiditas.

306 793 390 847 [Ε]
431 794 569 834 Porro
593 793 827 833 sciendum
852 799 924 832 est
953 791 1074 845 quod
1100 791 1254 832 omnia
1278 790 1399 831 mala
1424 804 1540 844 quae
1563 790 1704 831 homo

225 854 366 895 trahit
396 868 423 895 a
453 854 727 908 parentibus,
755 867 868 907 quae
894 853 1013 893 mala
1037 853 1310 893 hereditaria
1334 858 1569 901 vocantur,
1596 853 1703 892 insi·

226 916 366 957 deant
396 916 489 969 ejus
519 917 712 957 naturali
743 923 789 957 et
820 915 1014 956 sensuali
1046 915 1231 963 homini,
1263 928 1356 955 non
1390 920 1544 955 autem
1575 915 1703 968 spiri-

223 978 348 1019 tuali.
409 979 521 1020 Inde
542 986 612 1020 est
634 979 752 1032 quod
775 977 991 1019 naturalis
1013 977 1165 1026 homo,
1184 984 1230 1018 et
1253 978 1451 1030 maxime
1468 976 1703 1023 sensualis,

224 1041 283 1082 sit
308 1043 542 1094 oppositus
567 1041 786 1095 spirituali
810 1041 993 1081 homini.
1055 1039 1308 1094 Spiritualis
1339 1041 1458 1080 enim
1483 1040 1622 1080 homo
1647 1040 1705 1080 ab

226 1103 413 1144 infantia
443 1111 512 1144 est
553 1103 771 1152 occlusus,
804 1110 851 1144 et
888 1103 1086 1156 aperitur
1116 1103 1253 1144 modo
1289 1116 1340 1143 ac
1372 1102 1591 1143 formatur
1625 1116 1705 1156 per

224 1164 389 1206 Divina
417 1181 524 1207 vera
553 1173 737 1220 recepta
767 1164 1002 1207 intelle&u
1032 1172 1079 1207 et
1110 1165 1375 1215 voluntate3
1413 1172 1459 1206 et
1484 1172 1704 1218 quantum

224 1241 276 1269 ac
307 1229 500 1282 qualiter
530 1229 605 1270 ille
636 1230 832 1282 aperitur
863 1235 910 1270 et
940 1228 1171 1277 formatur,
1204 1234 1384 1269 tantum
1415 1234 1705 1268 removentur

221 1290 341 1331 mala
357 1291 574 1332 naturalis
591 1298 637 1332 et
655 1291 874 1332 sensualis
891 1291 1100 1339 hominis,
1119 1297 1166 1332 et
1188 1290 1290 1331 loco
1311 1290 1489 1331 illorum
1510 1290 1703 1343 implan-

222 1358 379 1394 tantur
402 1354 534 1394 bona.
597 1353 712 1407 Quia
742 1355 894 1394 omnia
924 1353 1044 1394 mala
1074 1354 1271 1394 insident
1302 1353 1495 1394 naturali
1526 1360 1574 1394 et
1600 1366 1703 1394 sen-

222 1414 334 1456 suali
372 1415 557 1465 homini,
596 1417 795 1470 sequitur
830 1416 951 1469 quod
991 1417 1129 1457 etiam
1165 1415 1291 1464 salsa,
1329 1430 1387 1456 ex
1427 1429 1563 1456 causa
1601 1416 1704 1469 quia

221 1478 372 1518 omnia
395 1478 508 1519 falsa
532 1485 637 1520 sunt
663 1478 794 1528 mali3
834 1479 972 1519 homo
997 1479 1117 1519 enim
1142 1478 1249 1518 dum
1276 1492 1336 1518 ex
1361 1477 1483 1517 malo
1508 1477 1631 1529 cupit
1656 1483 1704 1517 et

220 1538 332 1588 vult,
354 1554 414 1581 ex
439 1540 553 1582 salso
578 1542 752 1594 cogitat
778 1547 824 1582 et
850 1540 1071 1594 loquitur:
1105 1540 1272 1580 malum
1298 1541 1416 1581 enim
1438 1539 1701 1587 voluntatis,

221 1614 323 1642 cum
343 1602 508 1644 format
530 1617 578 1644 se
601 1604 646 1643 in
668 1604 965 1656 cogitatione,
988 1610 1038 1644 ut
1060 1603 1373 1644 manifestetur
1398 1602 1495 1642 aliis
1521 1608 1599 1645 aut
1621 1601 1704 1642 sibi

222 1663 353 1717 quale
383 1671 468 1713 est,
501 1672 689 1706 vocatur
718 1665 903 1715 falsum3
944 1679 1081 1719 quare
1111 1665 1271 1706 falsum
1307 1672 1378 1706 est
1407 1665 1551 1704 forma
1580 1664 1700 1711 mali,

225 1726 340 1767 sicut
365 1740 518 1767 verum
545 1734 616 1768 est
641 1727 782 1767 forma
812 1727 930 1768 boni.
990 1727 1066 1767 Ex
1096 1728 1165 1767 his
1191 1734 1401 1768 constare
1426 1732 1580 1780 potest
1606 1727 1703 1780 quis

222 1794 270 1829 et
294 1789 438 1842 qualis
468 1796 539 1830 est
569 1790 707 1830 homo
738 1790 811 1843 qui
835 1796 1024 1830 vocatur
1054 1790 1273 1830 sensualis
1303 1790 1468 1840 homo;
1505 1795 1552 1830 et
1582 1790 1703 1843 quod

223 1849 362 1892 homo
392 1852 611 1892 sensualis
642 1851 734 1900 fiat,
767 1852 947 1905 quando
978 1851 1111 1900 mala,
1138 1853 1182 1892 in
1214 1866 1328 1906 quae
1358 1852 1572 1901 nascitur,
1599 1850 1703 1892 aetu

220 1915 513 1968 persequitur,
542 1921 588 1955 et
619 1915 682 1955 eis
714 1914 842 1967 plura
872 1929 932 1955 ex
963 1928 1011 1955 se
1042 1916 1328 1968 superaddit:
1365 1922 1583 1968 quantum
1614 1915 1701 1956 hoc

220 1975 340 2025 facit,
364 1983 411 2017 et
433 1991 481 2017 se
502 1977 547 2017 in
568 1977 655 2017 illis
678 1976 929 2025 confirmat,
954 1983 1134 2018 tantum
1156 1977 1294 2018 homo
1316 1977 1557 2031 spiritualis
1578 1977 1702 2018 clau·

225 2052 299 2079 sus
320 2045 526 2090 tenetur;
558 2053 646 2093 quo
668 2039 836 2088 clauso,
857 2039 1074 2080 naturalis
1095 2046 1142 2081 et
1164 2041 1383 2081 sensualis
1403 2041 1542 2081 homo
1559 2048 1700 2094 negat

221 2101 385 2142 Divina
414 2116 528 2156 quae
554 2102 666 2143 caeli
693 2109 738 2143 et
765 2102 984 2143 ecclesiae
1006 2109 1126 2151 sunt,
1149 2110 1195 2144 et
1222 2103 1368 2144 solum
1390 2104 1599 2156 agnoscit
1624 2103 1703 2144 illa

219 2177 333 2217 quae
359 2165 512 2205 mundi
543 2171 589 2205 et
617 2164 818 2205 Naturae
845 2171 949 2206 sunt
965 2178 976 2215 ;
1016 2165 1154 2206 immo
1178 2166 1396 2206 sensualis
1427 2166 1566 2206 homo
1592 2172 1699 2206 tunc

220 2233 315 2267 tam
346 2239 507 2267 caecus
537 2234 607 2268 est
638 2234 686 2267 ut
721 2226 831 2267 nihil
863 2227 1019 2268 credat
1055 2228 1139 2268 nisi
1169 2229 1289 2282 quod
1325 2228 1466 2269 oculis
1497 2228 1621 2269 videt
1652 2236 1699 2269 et

222 2289 426 2329 manibus
457 2291 619 2342 tangit.
680 2289 816 2330 Tales
857 2297 960 2331 sunt
992 2291 1121 2332 multi
1151 2305 1211 2332 ex
1241 2292 1439 2340 eruditis,
1473 2297 1700 2344 utcunque

221 2357 439 2404 putantur
462 2351 772 2405 intelligentes
798 2359 844 2393 et
871 2353 1112 2406 sapientes,
1139 2354 1242 2407 quia
1272 2353 1393 2408 loqui
1424 2349 1614 2407 possunt
1640 2367 1700 2394 ex

219 2416 418 2457 scientiis
453 2430 567 2470 quae
603 2418 754 2457 insunt
786 2418 1044 2467 memoriae,
1077 2425 1124 2460 et
1158 2419 1245 2459 hoc
1282 2425 1554 2472 apparenter
1584 2419 1699 2459 sicut

219 2479 451 2519 rationalis
475 2479 639 2529 homo3
672 2481 773 2533 quia
799 2480 1041 2533 spiritualis
1066 2493 1194 2522 mens
1220 2481 1337 2535 apud
1363 2481 1479 2530 illos,
1504 2488 1552 2522 ut
1579 2482 1698 2535 apud

220 2543 561 2595 unumquemvis
586 2543 829 2591 hominem,
854 2544 1153 2585 communiter
1173 2552 1357 2598 apertus
1383 2552 1467 2593 est,
1492 2552 1540 2586 ut
1566 2559 1700 2598 supra

221 2601 388 2644 dictum
414 2611 497 2646 est.
558 2604 782 2657 Quoniam
814 2606 858 2645 in
890 2619 1006 2647 nunc
1033 2608 1323 2661 sequentibus
1353 2608 1398 2648 in
1429 2607 1516 2648 hoc
1548 2609 1698 2661 capite

221 2665 373 2706 multis
403 2668 552 2720 agitur
582 2668 638 2708 de
667 2667 920 2717 “locusta,”
945 2675 991 2709 et
1022 2682 1101 2722 per
1130 2669 1254 2710 illam
1286 2669 1563 2723 significatur
1593 2684 1696 2711 sen-

218 2728 355 2777 suale,
382 2730 502 2783 quod
527 2737 599 2772 est
626 2731 831 2772 ultimum
858 2745 935 2772 seu
960 2738 1216 2773 extremum
1242 2733 1458 2774 naturalis
1484 2733 1692 2781 hominis,

217 2791 406 2832 interest
432 2799 481 2833 ut
512 2793 645 2846 plene
670 2794 835 2834 sciatur
860 2794 964 2847 quid
995 2800 1042 2835 et
1072 2795 1204 2848 quale
1235 2802 1306 2836 est
1336 2795 1445 2836 illud
1472 2796 1694 2844 sensuale,

218 2859 264 2894 et
286 2854 389 2895 inde
411 2855 507 2908 quis
529 2862 575 2896 et
602 2857 744 2909 qualis
766 2863 835 2897 est
860 2857 1078 2898 sensualis
1099 2857 1236 2899 ho'mo
1254 2872 1264 2909 ;
1296 2866 1537 2912 propterea
1559 2859 1694 2900 velim

217 2929 276 2956 ex
306 2916 504 2959 Arcam's
539 2917 809 2960 caelestibus
840 2919 909 2959 hic
947 2919 1102 2962 afferre
1138 2934 1251 2975 quae
1287 2922 1343 2962 de
1382 2921 1460 2962 illo
1496 2919 1616 2963 dic‘ta
1646 2929 1694 2963 et
