1962 3334
218 284 325 338 1396
627 292 975 327 APOCALYPSIS.
994 293 1295 327 EXPLICATA.

211 413 395 462 propter
427 407 643 448 mundum
674 407 884 461 producit
921 407 1030 449 talia
1066 422 1180 462 quae
1218 422 1308 449 non
1341 406 1586 449 affectionis
1617 407 1710 462 ejus

211 471 392 524 spiritus
428 477 547 520 sunt,
581 485 694 525 quae
731 485 831 512 raro
869 471 1093 524 propalat,
1134 485 1189 512 ne
1227 472 1393 512 sciatur
1430 471 1573 525 qualis
1609 478 1707 512 est:

210 534 314 575 inde
341 548 518 588 quoque
545 541 615 575 est
643 534 763 587 quod
795 534 840 574 in
867 534 1035 575 mundo
1058 534 1284 575 nesciatur
1309 534 1430 588 quod
1452 535 1583 575 detur
1609 547 1709 588 per·

213 597 438 638 suasivum
465 597 690 646 infatuans
717 603 762 638 et
789 596 1025 646 suffocans,
1054 597 1185 651 quale
1211 598 1329 638 inest
1356 598 1527 650 spiritui
1553 611 1710 638 sensu-

210 660 293 701 alis
318 660 525 709 hominis,
553 660 627 714 qui
656 659 800 701 credit
832 674 880 701 se
907 673 1012 713 prae
1045 660 1141 701 aliis
1168 674 1339 713 sapere.
1401 660 1476 700 Ex
1507 660 1575 701 his
1601 672 1710 701 con-

211 730 331 765 stare
372 730 527 777 potest
573 723 692 764 unde
737 729 807 764 est
852 724 972 777 quod
1018 738 1097 778 per
1140 724 1340 765 “dentes
1380 723 1555 765 illarum
1595 724 1711 765 sicut

211 786 393 828 leonum
412 786 431 802 ''
466 786 745 840 significetur
787 786 909 840 quod
946 786 1177 828 sensuales
1218 787 1424 828 homines
1460 793 1710 840 appareant

211 850 293 890 sibi
326 851 440 891 sicut
472 851 516 890 in
542 847 779 892 intellectu
811 856 858 891 et
890 850 993 890 inde
1020 851 1228 903 potentia
1260 864 1359 891 esse
1387 863 1519 903 super
1544 850 1709 891 omnia.

212 911 347 966 Quod
369 913 601 954 “dentes''
619 911 876 966 significent
899 913 1123 954 sensualia
1145 928 1259 967 quae
1280 920 1385 954 sunt
1412 913 1570 954 ultima
1590 913 1711 954 vitae

215 975 430 1016 naturalis
462 976 611 1030 quoad
643 976 894 1025 scientiam,
926 983 1135 1017 constare
1168 983 1323 1030 potest
1355 990 1415 1018 ex
1447 989 1710 1029 correspon-

213 1037 373 1078 dentia
403 1038 610 1078 dentium
643 1048 698 1086 (de
713 1056 778 1084 qua
797 1047 829 1077 in
844 1057 942 1086 opere
958 1049 1008 1078 De
1031 1049 1121 1078 Caelo
1136 1052 1166 1078 et
1179 1049 1316 1087 Inferna,
1333 1058 1363 1078 n.
1380 1056 1457 1086 575;
1481 1049 1559 1078 etin
1573 1048 1714 1078 Arcanis

215 1108 680 1146 Caelestibus,n.5565—5568).
755 1096 892 1149 Quod
925 1097 1131 1138 “dentes
1144 1097 1164 1112 ”
1195 1097 1275 1138 illa
1306 1097 1566 1150 significent
1598 1110 1710 1138 con-

212 1165 331 1200 stare
363 1166 517 1212 potest
554 1173 613 1201 ex
649 1159 941 1214 sequentibus
978 1159 1088 1200 locis
1121 1160 1164 1200 in
1199 1159 1355 1201 Verbo
1372 1158 1583 1212 2—Apud
1615 1158 1711 1200 Da-

211 1221 373 1272 videm,

278 1311 440 1343 “Anima
458 1322 539 1344 mea
555 1313 590 1344 in
611 1313 729 1344 medio
749 1312 895 1344 leonum
915 1313 1032 1350 cubo„
1047 1337 1055 1344 .
1069 1337 1077 1344 .
1092 1312 1234 1344 ‚dentes
1255 1321 1378 1344 eorum
1399 1312 1503 1344 hasta
1522 1317 1557 1344 et
1574 1311 1654 1350 tela,
1672 1317 1709 1344 et

387 1356 510 1397 lingua
526 1366 649 1388 eorum
666 1357 805 1397 gladius
822 1362 945 1388 acutus
957 1355 975 1368 ”
992 1356 1066 1396 (Ps.
1084 1356 1156 1388 lvii.
1176 1365 1192 1395 5
1213 1354 1272 1398 [B.
1287 1357 1331 1387 A.
1345 1353 1417 1397 4]):

213 1453 292 1493 per
333 1439 559 1481 “leones''
599 1438 913 1493 significantur
949 1439 1022 1493 qui
1063 1453 1142 1492 per
1180 1439 1292 1480 falsa
1332 1439 1570 1479 destruunt
1606 1452 1714 1479 vera

213 1501 430 1543 ecclesiae
451 1517 460 1553 ;
505 1503 706 1544 “dentes
724 1516 877 1543 eorum
891 1502 910 1518 ''
927 1516 1042 1556 quae
1059 1507 1083 1523 ‘⁶
1097 1503 1229 1543 hasta
1244 1501 1290 1543 et
1305 1501 1436 1550 tela‚”
1454 1500 1713 1555 significant

213 1564 461 1606 scientifica
485 1579 598 1619 quae
624 1565 856 1618 applicant
888 1566 945 1606 ad
971 1564 1329 1606 confirmandum
1355 1564 1468 1605 falsa
1498 1571 1545 1605 et
1577 1563 1710 1613 mala,

214 1635 260 1670 et
299 1630 360 1670 sic
399 1629 455 1670 ad
494 1629 819 1670 destruendum
853 1642 959 1670 vera
995 1634 1042 1670 et
1079 1629 1198 1670 bona
1230 1628 1475 1679 ecclesiae;
1521 1627 1712 1681 “lingua

213 1706 367 1734 eorum
390 1692 567 1746 gladius
589 1699 748 1734 acutus
761 1692 780 1708 ”
802 1691 1026 1746 significat
1053 1699 1205 1734 astuta
1227 1692 1461 1733 ratiocinia
1486 1705 1546 1732 ex
1571 1691 1709 1740 falsis,

214 1770 326 1810 quae
357 1762 578 1797 vocantur
611 1755 826 1809 “gladius
856 1755 1046 1797 acutus”
1078 1756 1180 1809 quia
1212 1753 1457 1808 “gladius'’
1483 1752 1709 1807 significat

213 1819 373 1860 falsum
399 1819 637 1861 destruens
663 1832 831 1860 verum.
892 1818 1031 1872 Apud
1056 1818 1266 1865 eundem.

281 1911 298 1924 ‘¹
312 1895 419 1948 Deus,
436 1910 579 1941 destrue
599 1909 724 1941 dentes
745 1919 868 1941 eorum
890 1909 926 1941 in
947 1918 1008 1940 ore
1028 1918 1174 1948 eorum;
1200 1908 1355 1940 molares
1375 1908 1520 1940 leonum
1537 1907 1711 1949 juvenum

389 1951 546 1985 [¹]averte
560 1953 578 1965 ''
595 1954 668 1994 (Ps.
687 1953 770 1985 lviii.
790 1961 808 1992 7
828 1951 887 1995 [B.
901 1954 946 1985 A.
961 1950 1012 1994 6])
1027 1964 1033 1985 ;

217 2037 418 2078 “dentes
454 2037 499 2077 in
537 2050 613 2077 ore
652 2035 840 2077 eorum'’
876 2033 1132 2089 significant
1171 2033 1420 2076 scientifica
1456 2048 1516 2075 ex
1553 2034 1713 2088 quibus

217 2101 330 2142 salsa
366 2100 646 2154 producunt;
690 2099 922 2140 “molares
960 2098 1138 2139 leonum
1173 2097 1386 2151 juvenum
1401 2097 1420 2113 '‘
1457 2097 1713 2151 significant

215 2177 321 2204 vera
338 2163 479 2204 Verbi
497 2161 745 2211 falsificata,
765 2175 878 2216 quae
897 2163 941 2202 in
958 2175 1006 2202 se
1024 2167 1128 2202 sunt
1146 2161 1270 2209 falsa,
1287 2174 1366 2213 per
1383 2174 1496 2214 quae
1515 2160 1713 2201 maxime

216 2227 447 2268 destruere
473 2225 628 2267 valent
654 2239 759 2266 vera
785 2224 1016 2266 ecclesiae.
1077 2223 1216 2277 Apud
1242 2223 1429 2273 Joelem,

282 2316 408 2348 “Gens
428 2316 588 2348 ascendit
612 2325 718 2355 super
737 2321 867 2347 terram
887 2324 1018 2352 meam,
1039 2314 1188 2345 robusta
1206 2319 1242 2345 et
1266 2323 1339 2344 non
1362 2322 1554 2350 numerus:
1583 2313 1713 2345 dentes

390 2360 468 2401 ejus
485 2360 611 2391 dentes
629 2359 754 2397 leonis,
772 2365 807 2390 et
824 2358 977 2389 molares
999 2358 1114 2388 leonis
1134 2357 1302 2388 immanis
1320 2357 1369 2388 illi
1386 2366 1393 2394 ;
1419 2355 1585 2396 [²]redigit
1602 2357 1712 2388 vitem

390 2413 507 2436 meam
525 2404 561 2435 in
578 2403 791 2440 vastitatem,
809 2409 844 2433 et
864 2401 968 2433 ficum
985 2411 1102 2432 meam
1122 2402 1157 2432 in
1176 2409 1341 2441 spumam
1354 2400 1371 2412 ’'
1389 2400 1423 2440 (i.
1441 2400 1471 2439 6,
1492 2401 1546 2439 7):

217 2513 296 2553 per
328 2497 584 2552 “gentem’'
615 2510 729 2551 quae
757 2496 1000 2537 “ascendit
1032 2509 1165 2549 super
1198 2501 1366 2536 terram
1381 2494 1400 2510 ’'
1431 2494 1714 2548 significatur

218 2562 385 2603 malum
409 2561 653 2602 devastans
675 2559 912 2601 ecclesiam
934 2558 1138 2612 (“gens’'
1160 2565 1229 2599 est
1254 2557 1436 2606 malum,
1455 2565 1502 2599 et
1527 2557 1714 2599 “terra’'

217 2632 287 2666 est
314 2623 525 2678 ecclesia)
549 2637 558 2674 ;
592 2623 817 2664 “robusta
842 2629 889 2663 et
915 2635 1006 2662 non
1033 2634 1242 2662 numerus
1255 2620 1273 2635 ’¹
1300 2620 1523 2673 significat
1550 2628 1714 2674 potens

217 2695 264 2729 et
287 2686 527 2740 multiplex
553 2685 882 2740 (“robustum’'
904 2684 1189 2738 praedicatur
1211 2684 1266 2724 de
1291 2684 1498 2736 potentia
1522 2684 1642 2733 mali,
1667 2691 1714 2725 et

220 2755 351 2791 “non
390 2748 629 2790 numerus”
663 2749 719 2789 de
753 2748 961 2801 potentia
993 2746 1140 2800 falsi);
1186 2746 1386 2787 “dentes
1424 2746 1516 2799 ejus
1552 2746 1715 2787 dentes

219 2812 393 2854 leonis''
420 2811 676 2864 significant
701 2811 814 2852 salsa
839 2810 1146 2860 destruentia;
1190 2808 1424 2849 “molares
1456 2808 1599 2849 leonis
1630 2808 1713 2848 im·

219 2877 363 2916 manis
376 2875 395 2891 ''
427 2874 683 2929 significant
713 2873 975 2924 falsificata3
1015 2870 1244 2925 “1²¹redigit
1277 2872 1416 2912 vitem
1448 2871 1492 2911 in
1523 2871 1713 2911 vastita-

220 2946 329 2988 tem,
357 2945 402 2980 et
430 2937 560 2980 ficum
592 2939 635 2979 in
662 2936 904 2991 spumam,”
931 2935 1156 2990 significat
1189 2935 1427 2976 destruens
1453 2947 1559 2975 vera
1585 2933 1708 2986 spiri*
