1962 3334
277 253 382 306 1368
689 263 1020 297 APOCALYPSIS
1052 265 1350 298 EXPLICATA.

272 375 409 416 modo
435 374 546 416 fides
572 377 832 429 persuasiva
864 390 923 417 ex
956 376 1122 418 talibus
1148 391 1263 431 quae
1294 392 1354 419 ex
1387 391 1575 432 corpore
1601 391 1762 420 ascen-

272 439 385 480 dunt
412 445 458 480 et
485 453 544 479 ex
571 439 740 480 mundo
766 439 970 489 influunt,
998 440 1227 481 insufflata
1253 441 1310 481 ab
1341 441 1446 494 igne
1473 442 1637 482 amoris
1668 442 1761 492 sui;

270 501 342 542 hic
375 502 498 554 ignis
525 508 594 542 est
621 503 694 555 qui
726 502 940 551 insufflat,
969 503 1136 551 educit,
1165 509 1211 544 et
1243 504 1287 544 in
1320 503 1512 544 alterum
1544 504 1760 545 infundit:

270 572 546 618 quapropter
570 565 632 605 illi
659 566 876 618 imprimis
902 566 945 605 in
972 579 1027 606 eo
1053 567 1315 619 persuasivo
1342 573 1461 615 sunt,
1489 567 1562 620 qui
1588 567 1761 608 imbue-

269 634 373 669 runt
404 627 516 668 falsa
547 642 606 668 ex
633 641 787 669 amore
813 629 892 676 sui,
921 635 968 670 et
1000 642 1047 669 se
1080 629 1365 670 crediderunt
1397 630 1638 682 sapientes
1656 643 1763 683 prae

270 690 381 731 aliis.
445 690 548 732 Hoc
582 692 891 744 persuasivum
925 692 1088 732 dicitur
1121 691 1361 740 infatuans,
1395 693 1499 745 quia
1530 699 1762 746 stuporem

271 754 444 795 inducit
465 753 742 805 intellectui;
775 761 822 795 et
845 755 1008 796 dicitur
1030 754 1268 804 suffocans,
1294 755 1396 809 quia
1419 756 1762 809 respirationem

271 817 458 858 liberam
485 817 670 858 alterius
703 817 851 868 tollit;
891 819 1076 871 quisque
1108 818 1228 858 enim
1253 818 1444 871 respirat
1472 818 1764 860 conformiter

268 880 539 933 cogitationi
562 894 669 920 suae
693 881 873 921 mentis.
925 879 1016 921 Sed
1042 881 1144 934 quia
1167 880 1260 921 tale
1283 881 1591 933 persuasivum
1614 883 1762 922 maxi-

269 955 342 983 me
365 944 552 983 noxium
575 950 621 984 et
645 944 946 997 perniciosum
965 949 1049 991 est,
1067 944 1169 997 quia
1186 944 1358 984 inducit
1376 944 1501 997 quasi
1519 943 1762 998 deliquium

271 1006 413 1047 menti
440 1005 637 1055 alterius,
663 1020 801 1060 usque
828 1013 877 1047 ut
903 1019 995 1047 non
1021 1006 1174 1047 videre
1200 1007 1344 1059 possit
1369 1006 1536 1060 aliquid
1561 999 1762 1048 rationa-

269 1068 385 1117 liter,
413 1069 516 1109 ideo
542 1069 769 1122 spiritibus
796 1083 952 1110 severe
978 1068 1255 1122 prohibitum
1281 1075 1351 1110 est
1383 1069 1462 1110 illo
1488 1070 1579 1120 uti;
1613 1076 1660 1111 et
1687 1071 1762 1124 qui

267 1137 467 1179 utuntur,
496 1138 763 1185 separantur
788 1132 845 1172 ab
870 1131 982 1180 aliis,
1010 1138 1057 1172 et
1084 1131 1156 1172 vel
1183 1132 1468 1185 castigantur
1493 1132 1566 1173 vel
1593 1132 1759 1174 demit-

268 1200 427 1235 tuntur
441 1195 484 1234 in
500 1194 720 1235 infernum
739 1209 748 1245 ;
782 1195 946 1235 namin
961 1195 1130 1235 mundo
1146 1194 1364 1247 spirituali
1380 1194 1487 1236 licet
1502 1196 1640 1236 cuivis
1652 1208 1763 1236 con-

267 1255 444 1298 firmare
467 1258 532 1297 sui
558 1258 694 1298 animi
718 1271 865 1306 sensa,
890 1258 983 1298 sive
1008 1270 1116 1298 vera
1141 1258 1235 1297 sive
1257 1257 1369 1298 falsa
1391 1258 1495 1306 sint,
1520 1271 1599 1311 per
1620 1259 1762 1299 ratio-

269 1319 389 1360 nalia
401 1326 447 1361 et
466 1319 791 1361 intellectualia
810 1334 818 1371 ;
847 1333 938 1361 non
954 1326 1108 1361 autem
1120 1333 1198 1373 per
1212 1319 1407 1373 aliquam
1419 1320 1763 1362 fascinationem

268 1382 594 1433 persuaslvam.
653 1391 731 1431 (Sed
744 1393 836 1430 plura
847 1393 888 1422 de
900 1392 962 1422 hoc
977 1392 1160 1430 persuasivo
1170 1392 1338 1421 videantur
1350 1392 1382 1421 in
1397 1393 1537 1422 Arcanis
1555 1393 1740 1422 Caelestibus
1751 1403 1764 1423 .·

267 1446 311 1476 ut,
323 1442 421 1479 Quod
438 1442 491 1477 illi,
503 1442 557 1479 qui
570 1443 610 1471 ab
623 1451 661 1471 eo
677 1443 940 1481 perstringuntur,
953 1443 1083 1471 interius
1095 1443 1192 1471 vincti
1204 1443 1275 1477 sint,
1288 1452 1319 1472 n.
1332 1443 1422 1480 5096.
1452 1443 1550 1480 Quod
1562 1443 1616 1480 qui
1631 1443 1684 1472 illo
1695 1452 1766 1481 per-

266 1487 391 1516 suasivo
407 1492 547 1522 utuntur,
563 1488 735 1517 occludam
750 1488 904 1517 rationale
919 1488 1066 1522 aliorum,
1082 1493 1112 1516 et
1135 1488 1225 1524 quasi
1246 1488 1404 1517 suffocent
1426 1488 1505 1523 illos,
1522 1497 1552 1518 n.
1568 1491 1658 1526 3895,
1674 1490 1765 1526 5128.

268 1532 365 1568 Quod
381 1533 553 1570 Nephilim,
571 1533 706 1562 Enakim
723 1538 754 1562 et
771 1533 939 1571 Rephaim,
955 1533 1010 1570 qui
1032 1533 1064 1561 in
1079 1533 1188 1562 Verbo
1204 1538 1430 1567 memorantur,
1446 1533 1478 1562 in
1500 1534 1575 1562 diris
1589 1534 1766 1572 persuasio-

267 1578 360 1607 nibus
375 1578 442 1607 falsi
457 1587 533 1616 prae
548 1579 616 1607 aliis
631 1579 755 1613 fuerint,
772 1588 803 1608 n.
817 1580 886 1615 581,
902 1579 989 1613 1268,
1005 1587 1092 1615 1270,
1107 1587 1195 1614 1271,
1213 1579 1300 1615 1673,
1313 1579 1409 1615 7686:
1437 1579 1525 1615 quod
1547 1579 1592 1608 illi
1613 1584 1687 1608 ante
1708 1580 1765 1608 ad-

266 1628 397 1652 ventum
412 1624 541 1652 Domini
553 1633 610 1661 per
621 1624 704 1652 diras
716 1633 788 1653 suas
800 1624 1020 1661 persuasiones
1031 1623 1244 1652 infestaverint
1253 1632 1364 1652 omnes
1376 1624 1408 1652 in
1419 1624 1518 1653 altera
1527 1624 1600 1659 vita,
1613 1629 1764 1654 eteorum

266 1668 363 1697 vitam
379 1669 572 1706 spiritualem
587 1678 690 1706 paene
705 1669 921 1703 exstinxerint,
937 1678 969 1698 n.
985 1669 1082 1705 7686:
1113 1670 1201 1705 quod
1220 1678 1239 1697 a
1255 1669 1406 1703 Domino,
1423 1678 1496 1698 cum
1512 1669 1570 1698 fuit
1583 1670 1615 1698 in
1631 1670 1764 1704 mundo,

267 1713 404 1752 conjecti
419 1714 481 1742 sint
502 1714 534 1742 in
556 1714 731 1749 infernum:
757 1719 788 1743 et
810 1715 898 1751 quod
920 1714 1078 1743 infernum
1093 1714 1173 1743 illud
1193 1714 1300 1743 adhuc
1321 1719 1474 1751 appareat
1493 1714 1574 1743 sicut
1594 1715 1654 1744 sub
1675 1719 1766 1752 petra

267 1759 422 1794 nimbosa,
433 1764 463 1788 et
475 1760 563 1796 quod
575 1759 606 1788 in
619 1760 794 1796 deliquium
805 1761 920 1789 cadant
930 1760 984 1796 qui
994 1759 1068 1788 illuc
1078 1760 1245 1794 accedunt,
1258 1769 1288 1788 n.
1299 1768 1369 1796 311,
1382 1761 1450 1796 581,
1465 1760 1552 1795 1268,
1567 1768 1654 1796 1270,
1667 1760 1765 1796 7686:

267 1804 460 1842 experientia
474 1805 603 1842 propria
617 1814 655 1833 ex
674 1805 832 1842 aliquibus
847 1805 982 1834 diabolis
997 1805 1082 1839 inde,
1096 1805 1211 1842 quibus
1226 1805 1414 1842 permissum
1430 1804 1488 1834 fuit
1502 1805 1589 1842 apud
1605 1813 1656 1834 me
1671 1805 1766 1834 influ-

267 1859 329 1884 ere,
345 1859 375 1879 n.
392 1850 580 1886 1268-1271.
626 1850 791 1879 Persuasio
813 1850 891 1884 falsi,
906 1859 1002 1887 quam
1019 1851 1183 1883 damnosa,
1196 1859 1226 1879 n.
1240 1858 1309 1887 794,
1324 1851 1393 1879 806.
1438 1850 1534 1886 Quod
1545 1850 1637 1887 plura
1647 1859 1765 1887 genera

267 1899 510 1937 persuasionum
533 1900 601 1928 falsi
621 1900 692 1934 sint,
713 1909 743 1929 n.
770 1900 858 1937 1673,
881 1900 957 1936 1675
978 1899 1047 1938 fin.)
1107 1888 1242 1942 Quod
1278 1889 1420 1929 letale
1450 1890 1762 1942 perSUaSlvum

269 1949 546 2004 significetur
584 1964 662 2003 per
690 1949 994 2003 “scorpium,”
1026 1956 1096 1991 est
1128 1951 1231 2004 quia
1262 1950 1476 2003 scorpius,
1510 1950 1616 1990 dum
1647 1963 1762 2003 pun-

269 2014 338 2066 git
360 2012 606 2061 hominem,
627 2011 835 2054 [¹¹inducit
859 2012 1003 2053 simile
1025 2012 1268 2066 deliquium
1287 2013 1430 2052 menti
1452 2011 1558 2064 ejus,
1579 2025 1630 2053 ac
1654 2013 1758 2054 inde

269 2082 464 2117 mortem
508 2076 543 2116 si
590 2089 679 2116 non
723 2082 921 2116 sanatur.
984 2076 1299 2116 Persuasiones
1343 2076 1580 2116 necativae
1623 2076 1762 2116 etiam

268 2152 348 2192 per
376 2138 646 2192 “scorpios’'
678 2137 991 2191 significantur
1021 2139 1066 2178 in
1098 2138 1391 2192 sequentibus
1423 2137 1760 2191 locisz—Apud

267 2201 445 2251 Lucam,

332 2293 440 2336 Jesus
464 2294 553 2326 dixit
572 2295 616 2326 ad
641 2295 872 2335 septuaginta
891 2305 980 2336 quos
1001 2295 1180 2332 emiserat,
1199 2294 1309 2326 “Vidi
1330 2299 1494 2326 satanam
1510 2294 1607 2326 -sicut
1625 2293 1761 2326 fulmen

444 2348 463 2370 e
488 2339 588 2370 caelo
613 2340 802 2370 cadentem
819 2348 825 2376 ;
854 2348 935 2370 ecce
955 2339 1001 2370 do
1021 2338 1125 2370 vobis
1145 2343 1362 2378 potestatem
1383 2337 1544 2369 calcandi
1563 2347 1672 2378 super
1691 2347 1763 2369 ser-

444 2389 570 2423 pentes
594 2388 629 2413 et
653 2383 828 2422 scorpios,
854 2389 888 2414 et
913 2392 1021 2423 super
1045 2391 1190 2413 omnem
1215 2382 1414 2422 potentiam
1440 2381 1586 2420 inimici,
1611 2387 1650 2413 ut
1673 2381 1762 2413 nihil

443 2426 633 2467 quicquam
653 2425 810 2457 noceat”
828 2426 873 2466 (x.
890 2427 939 2465 18,
957 2426 1028 2467 19):

270 2512 391 2566 quod
416 2512 488 2554 hic
516 2525 595 2565 per
625 2516 650 2533 “
668 2519 903 2566 serpentes
916 2512 935 2529 ’'
962 2519 1009 2554 et
1038 2512 1307 2566 “scorpios”
1333 2526 1424 2554 non
1449 2512 1763 2566 intelligantur

269 2582 504 2629 serpentes
528 2581 574 2616 et
597 2577 773 2629 scorpii,
800 2582 955 2629 patet;
989 2588 1094 2616 nam
1117 2576 1225 2616 dicit
1248 2575 1485 2624 Dominus,
1510 2575 1630 2629 quod
1656 2576 1760 2616 “vi-

269 2639 386 2680 derit
405 2645 612 2679 satanam
632 2640 747 2680 sicut
764 2639 932 2680 fulmen
952 2653 976 2680 e
994 2638 1123 2680 caelo
1144 2638 1426 2687 cadentem,’'
1441 2645 1487 2679 et
1506 2638 1626 2691 quod
1644 2638 1761 2679 “det

270 2701 357 2742 illis
389 2708 670 2755 potestatem
702 2716 836 2755 super
868 2714 1050 2742 omnem
1082 2702 1337 2754 potentiam
1368 2701 1534 2741 inimici
1552 2700 1585 2751 ;”
1622 2714 1759 2754 quare

269 2777 349 2818 per
373 2764 678 2818 “serpentes’'
695 2771 742 2806 et
767 2765 1007 2818 “scorpios
1019 2764 1038 2779 '⁹
1060 2765 1104 2804 in
1127 2777 1260 2804 sensu
1282 2764 1460 2804 interno
1483 2762 1761 2816 significatur

270 2827 403 2868 turba
427 2834 630 2877 satanae,
659 2841 773 2882 quae
799 2828 843 2867 in
869 2834 971 2868 astu
992 2833 1038 2868 et
1067 2827 1111 2867 in
1137 2827 1233 2867 diro
1259 2827 1516 2880 persuasivo
1541 2826 1639 2867 falsi
1665 2825 1758 2866 fue-

270 2896 355 2941 rat,
383 2904 472 2945 quo
504 2890 795 2944 spiritualiter
821 2896 1041 2932 necantur
1066 2889 1272 2931 homines
1304 2895 1409 2943 post
1442 2895 1650 2939 mortem,
1676 2889 1759 2929 nisi
