1962 3334
557 311 663 343 CAP.
686 310 770 351 XL,
792 309 931 341 VERs.
959 307 1129 353 19.—N.
1152 297 1332 352 700[d].
1580 296 1680 337 1881

294 423 413 465 (Apud
433 423 638 466 Johannem,
655 433 730 463 cap.
746 422 768 454 i.
787 430 858 461 1-3,
878 430 941 460 10;
964 427 999 453 et
1015 421 1108 462 apud
1125 419 1304 458 Davidem,
1324 418 1380 451 Ps.
1398 417 1519 450 xxxiii.
1536 418 1591 458 6);

202 523 282 566 per
307 511 582 553 “Verbum’'
607 511 666 551 ibi
691 509 961 563 intelligitur
987 509 1199 550 Divinum
1225 507 1411 548 Verum.

282 572 373 627 [d.]
415 573 660 614 Secundum
699 571 986 618 Μὶναειιίιιυι,
1030 570 1151 624 quod
1195 583 1275 623 per
1320 581 1472 609 arcam
1515 568 1684 609 factum

200 642 287 683 est,
319 641 417 676 erat
447 634 658 687 delapsus
696 634 808 673 muri
837 632 1126 686 Jerichuntis,
1159 631 1279 685 quod
1316 631 1380 671 ita
1416 630 1686 671 describitur

200 698 319 752 apud
344 697 603 746 Josclzuam,

273 787 368 820 Urbs
385 787 404 801 ‘⁴
415 786 556 828 jericho
571 791 647 817 erat
662 785 783 817 clausa
795 794 820 820 :.
833 809 841 816 .
855 809 863 816 .
876 790 927 816 .et
943 784 1032 815 dixit
1048 783 1210 825 Jehovah
1227 783 1271 815 ad
1288 782 1490 824 Joschuam,
1500 807 1507 814 .
1522 807 1529 814 .
1539 782 1629 814 Dedi
1648 782 1684 813 in

371 840 516 861 manum
534 837 630 861 tuam
643 829 885 871 jerichuntem
898 835 934 859 et
950 838 1068 868 regem
1086 828 1174 868 ejus,
1188 834 1224 858 et
1238 827 1350 858 fortes
1364 827 1491 858 robore
1504 837 1511 858 :
1537 827 1686 857 circum-

371 874 466 906 ibitis
494 875 616 904 urbem
644 882 770 903 omnes
794 872 860 903 viri
884 872 983 903 belli.
997 896 1005 903 .
1019 872 1111 903 ‚vice
1139 881 1210 902 una
1237 871 1273 902 in
1301 871 1358 902 die
1386 871 1422 901 in
1451 880 1515 901 sex
1538 870 1683 901 diebus:

371 924 407 949 et
423 923 558 957 septem
572 916 774 948 sacerdotes
788 916 979 955 portabunt
992 921 1129 955 septem
1143 914 1312 945 buccinas
1324 913 1550 954 jubilantium
1563 923 1683 944 coram

370 970 470 992 arca:
496 961 559 991 sed
575 960 631 991 die
647 959 800 999 septimo
817 959 1043 989 circumibitis
1060 959 1184 989 urbem
1202 965 1339 998 septem
1357 958 1504 994 vicibus,
1518 963 1553 988 et
1570 967 1687 988 sacer-

370 1005 472 1036 dotes
491 1004 658 1043 clangent
675 1002 832 1033 buccinis
848 1012 872 1039 ;.
885 1027 893 1034 .
908 1027 915 1034 .
930 1008 981 1034 .et
1004 1008 1088 1033 tunc
1108 1001 1359 1032 vociferabitur
1382 999 1534 1041 populus
1555 1000 1687 1031 vocife-

370 1048 507 1079 ratione
527 1056 667 1086 magna,
686 1052 722 1077 et
740 1046 842 1077 cadet
861 1055 982 1076 murus
1001 1046 1098 1076 urbis
1117 1046 1239 1076 subter
1261 1055 1310 1082 se,
1331 1051 1367 1075 et
1385 1044 1553 1075 ascendet
1573 1054 1687 1084 popu-

370 1091 424 1122 lus
436 1090 471 1122 '’.
486 1115 493 1122 .
507 1115 514 1122 .
529 1114 552 1121 ..
600 1089 691 1121 Dein
704 1089 861 1130 Joschua
877 1089 1061 1120 circumire
1075 1089 1157 1119 fecit
1169 1089 1291 1119 urbem
1307 1088 1422 1128 primo
1438 1088 1496 1118 die
1513 1097 1585 1118 una
1598 1088 1684 1123 vice,

371 1135 461 1165 sicut
480 1132 614 1164 dietum
638 1140 701 1170 est,
722 1139 803 1173 post
827 1142 932 1173 quam
952 1132 1234 1163 circumitionem
1255 1132 1435 1162 redierunt
1454 1131 1490 1162 in
1515 1138 1631 1162 castra
1649 1138 1684 1162 et

371 1175 625 1218 pernoctarunt
642 1177 677 1207 in
694 1176 838 1212 castris:
864 1176 1032 1216 postridie
1050 1176 1222 1213 similiter,
1242 1177 1306 1206 “et
1326 1182 1461 1215 septem
1481 1175 1684 1205 sacerdotes

372 1227 555 1261 portantes
575 1226 712 1260 septem
732 1220 900 1251 buccinas
918 1219 1143 1259 jubilantium
1164 1226 1247 1250 ante
1266 1228 1383 1249 arcam
1402 1218 1571 1259 jehovae,
1592 1218 1686 1249 ince-

370 1265 496 1295 dentes
515 1264 632 1295 eundo
651 1270 687 1294 et
706 1264 914 1294 clanxerunt
933 1263 1100 1300 buccinis,
1118 1269 1202 1294 ante
1221 1272 1310 1303 quos
1330 1262 1383 1293 vir
1402 1262 1485 1292 belli
1505 1262 1684 1298 incedens,

371 1314 407 1339 et
426 1317 564 1348 quoque
583 1307 752 1338 claudens
771 1316 900 1345 agmen
921 1306 1089 1337 incedens
1110 1313 1190 1346 post
1209 1315 1343 1337 arcam.
1358 1330 1381 1339 ..
1399 1305 1517 1336 eundo
1537 1311 1572 1335 et
1592 1305 1686 1335 clan-

372 1352 491 1391 gendo
519 1350 676 1381 buccinis
690 1360 713 1387 ;.
728 1375 735 1381 .
749 1375 757 1381 .
771 1350 836 1382 ‚sic
867 1349 1026 1381 fecerunt
1053 1360 1117 1380 sex
1148 1350 1270 1380 diebus
1285 1358 1308 1386 ;.
1323 1374 1331 1381 .
1345 1374 1352 1381 .
1367 1356 1418 1380 .et
1445 1349 1614 1388 septimo.
1628 1373 1636 1380 .
1650 1373 1658 1380 .
1672 1373 1680 1380 .

372 1394 646 1426 circumiverunt
662 1394 783 1424 urbem
805 1401 940 1433 septem
961 1393 1096 1424 vicibus
1112 1402 1119 1429 ς
1144 1400 1179 1424 et
1198 1394 1273 1424 vice
1293 1393 1459 1432 septima.
1473 1417 1480 1423 .
1496 1417 1503 1423 .
1517 1392 1686 1432 .populus

371 1438 630 1469 vociferabatur
643 1446 667 1474 ς.
681 1461 689 1468 .
703 1461 710 1468 .
725 1443 775 1468 .et
791 1446 870 1468 cum
883 1437 1020 1468 audiret
1031 1436 1049 1447 ”
1062 1437 1130 1467 hoc
1144 1438 1163 1450 “
1173 1437 1334 1476 populus,
1350 1443 1433 1467 tunc
1450 1445 1570 1466 murus
1587 1436 1685 1466 urbis

371 1481 526 1512 concidit
544 1481 611 1511 sub
630 1490 678 1518 se,
695 1486 730 1511 et
749 1481 907 1511 ascendit
925 1480 1074 1520 populus
1094 1480 1130 1510 in
1150 1481 1300 1516 urbem„
1315 1504 1322 1511 .
1337 1504 1343 1510 .
1359 1485 1410 1510 .et
1426 1479 1608 1510 devotioni
1627 1479 1687 1510 de-

371 1525 422 1556 dit
441 1524 563 1555 omnia
581 1533 670 1564 quae
689 1524 725 1554 in
744 1525 829 1554 urbe
849 1534 870 1554 a
890 1533 986 1554 mare
1005 1533 1116 1563 usque
1136 1524 1181 1554 ad
1201 1523 1382 1560 feminam,
1403 1533 1425 1554 a
1445 1532 1555 1562 puero
1574 1532 1686 1562 usque

371 1568 415 1599 ad
432 1578 555 1599 senem
568 1577 592 1603 ς.
607 1592 614 1599 .
628 1592 636 1598 .
650 1574 700 1598 .et
716 1568 839 1598 urbem
853 1568 1125 1598 combusserunt
1142 1567 1234 1606 igne,
1251 1574 1286 1597 et
1303 1566 1425 1596 omnia
1441 1576 1530 1606 quae
1548 1566 1583 1596 in
1602 1566 1663 1596 illa
1678 1575 1686 1601 ;

372 1611 622 1642 tantummodo
639 1618 826 1650 argentum
843 1617 878 1641 et
894 1619 1029 1647 aurum,
1047 1616 1082 1640 et
1099 1620 1185 1641 vasa
1200 1610 1292 1640 aeris
1309 1616 1344 1640 et
1360 1609 1443 1640 ferri
1460 1610 1634 1640 dederunt
1650 1610 1686 1640 in

373 1655 578 1686 thesaurum
598 1654 725 1684 domus
742 1653 908 1694 Jehovae.
957 1653 1000 1684 Et
1018 1653 1196 1692 adjuravit
1210 1653 1376 1694 Joschua‚
1393 1653 1555 1688 dicendo.
1575 1652 1686 1684 Male-

372 1696 487 1729 ditstus
505 1698 558 1728 vir
572 1704 698 1728 contra
713 1697 897 1738 Jehovam,
915 1697 974 1737 qui
991 1703 1112 1736 surget
1129 1704 1164 1727 et
1180 1697 1378 1727 aedificabit
1395 1698 1518 1727 urbem
1535 1697 1643 1727 hanc.
1657 1721 1665 1728 .
1679 1706 1686 1731 :

373 1751 437 1781 pro
461 1751 526 1772 suo
546 1741 785 1780 primogenito
804 1740 966 1771 fundabit
984 1750 1074 1778 eam,
1094 1747 1130 1771 et
1153 1750 1218 1780 pro
1238 1740 1388 1770 minimo
1413 1746 1543 1771 statuet
1563 1740 1685 1771 valvas

372 1785 450 1825 ejus
461 1784 480 1796 ''
496 1785 587 1826 (Jos.
604 1785 650 1815 vi.
670 1784 775 1823 1-26).

201 1873 349 1915 Nemo
374 1873 486 1913 scire
512 1878 666 1926 potest
691 1872 902 1912 Divinum
925 1871 1044 1925 quod
1070 1870 1173 1912 huic
1200 1871 1416 1912 miraculo
1441 1872 1576 1919 inest,
1601 1872 1685 1911 nisi

200 1936 315 1977 sciat
351 1935 456 1989 quid
494 1937 538 1975 in
576 1942 696 1975 terra
732 1934 944 1975 Canaane
982 1933 1266 1987 significabat
1302 1935 1444 1975 “urbs
1473 1935 1686 1987 Jericho’‘

200 2012 315 2052 quae
337 1997 588 2045 combusta,
613 1997 718 2050 quid
743 2000 931 2037 “murus
954 1996 1077 2049 ejus”
1099 1998 1174 2050 qui
1195 1997 1409 2045 concidit,
1433 1997 1538 2050 quid
1564 2002 1588 2018 “
1605 1998 1686 2038 ha-

200 2060 453 2102 bitatores’'
490 2060 564 2113 qui
600 2059 834 2100 devotioni
873 2059 971 2100 dati
1008 2066 1128 2107 sunt,
1168 2066 1265 2100 tum
1306 2060 1411 2113 quid
1452 2060 1685 2108 “aurum,''

203 2122 520 2176 “argentum,”
544 2126 690 2162 “vasa
715 2123 830 2162 aeris
853 2127 899 2162 et
921 2121 1064 2169 ferri,'’
1085 2136 1199 2175 quae
1222 2123 1332 2162 data
1357 2123 1401 2162 in
1424 2122 1687 2164 thesaurum

201 2186 360 2226 domus
380 2185 607 2237 Jehovae3
640 2185 820 2237 insuper
842 2184 947 2237 quid
971 2184 1222 2237 “clangere
1244 2185 1444 2225 buccinis
1458 2185 1477 2200 '’
1495 2192 1542 2226 et
1567 2190 1686 2227 “vo-

201 2248 409 2296 ciferari‚”
432 2254 480 2288 ut
506 2254 553 2288 et
580 2247 684 2300 quid
710 2248 979 2287 “circumire
1006 2261 1090 2287 sex
1116 2248 1286 2295 diebus,
1311 2255 1357 2288 et
1388 2249 1557 2301 septies
1583 2263 1687 2302 sep-

201 2311 314 2352 timo
340 2310 449 2351 die.”
510 2310 592 2351 Per
620 2310 813 2350 “urbem
838 2309 1048 2362 Jericho⁰
1074 2310 1353 2363 significatur
1380 2311 1617 2352 instructio
1643 2314 1687 2352 in

201 2373 534 2426 cognitionibus
571 2373 677 2413 boni
714 2379 760 2413 et
797 2373 903 2421 veri,
942 2387 1022 2426 per
1061 2387 1171 2426 quas
1209 2373 1348 2414 homo
1385 2375 1687 2415 introducitur

202 2437 247 2477 in
267 2435 506 2477 ecclesiam
525 2450 533 2486 ;
567 2449 671 2476 nam
691 2435 871 2488 Jericho
890 2442 986 2476 erat
1009 2436 1112 2475 urbs
1135 2449 1226 2476 non
1249 2437 1403 2489 procul
1426 2451 1452 2477 a
1472 2437 1684 2489 Jordane‚

202 2512 283 2552 per
325 2511 457 2552 quem
498 2498 679 2538 fluvium
720 2497 999 2551 significatur
1038 2497 1314 2539 introductio
1358 2501 1402 2540 in
1448 2499 1687 2540 ecclesiam

203 2570 362 2608 (utsupra
376 2569 497 2599 dietum
512 2571 599 2607 est);
639 2560 790 2599 omnia
815 2559 936 2599 enim
962 2559 1063 2599 loca
1088 2560 1132 2599 in
1158 2566 1280 2600 terra
1305 2560 1519 2601 Canaane
1546 2562 1686 2613 signi—

202 2620 382 2661 ficativa
418 2619 682 2660 caelestium
719 2626 765 2660 et
803 2620 1114 2673 spiritualium,
1153 2635 1266 2674 quae
1308 2627 1412 2662 sunt
1450 2621 1684 2669 ecclesiae,

202 2683 393 2731 fuerunt,
421 2689 468 2723 et
499 2682 586 2722 hoc
618 2683 676 2723 ab
707 2683 1030 2736 antiquissimis
1058 2684 1363 2735 temporibus;
1401 2690 1447 2724 et
1479 2685 1581 2737 quia
1613 2683 1688 2724 filii

204 2745 382 2786 Israelis
408 2746 788 2798 repraesentaturi
815 2752 944 2786 erant
972 2745 1227 2794 ecclesiam,
1256 2753 1303 2787 et
1335 2746 1536 2786 Verbum
1570 2747 1688 2799 apud

202 2807 305 2848 illos
331 2807 702 2855 conscriberetur,
731 2808 775 2848 in
807 2821 895 2861 quo
928 2807 1028 2848 loca
1060 2808 1136 2848 illa
1168 2810 1443 2849 nominanda
1469 2816 1612 2855 erant,
1641 2817 1687 2849 et

160 2922 170 2930 .
204 2869 509 2923 significarent
541 2869 651 2910 talia
687 2884 800 2924 quae
839 2870 951 2911 caeli
988 2877 1034 2911 et
1073 2870 1292 2912 ecclesiae
1324 2878 1443 2917 sunt,
1478 2871 1579 2911 ideo
1612 2870 1687 2911 filii

205 2931 382 2973 israelis
408 2932 511 2973 illuc
538 2931 780 2974 introducti
812 2940 943 2984 sunt;
985 2932 1050 2987 [et
1082 2934 1185 2975 inde
1212 2933 1311 2987 fuit]
1341 2934 1459 2987 quod
1490 2934 1686 2986 “jorda-
