1962 3334
251 260 361 314 1850
662 266 994 300 APOCALYPSIS
1025 266 1325 299 EXPLICATA.

423 381 601 422 “gaudete
619 386 653 412 et
670 381 835 419 exultate,
854 381 935 421 quia
951 390 1086 412 merces
1103 386 1223 411 vestra
1239 380 1350 411 multa
1367 379 1403 410 in
1420 379 1528 411 caelis
1543 389 1549 417 ;
1575 379 1626 411 sic
1642 379 1738 411 enim

422 425 597 466 persecuti
617 430 700 456 sunt
719 425 912 465 prophetas
929 425 987 465 qui
1007 430 1089 455 ante
1107 434 1172 455 vos
1186 423 1203 436 ''
1221 423 1364 464 (Matth.
1382 433 1414 454 v.
1434 432 1485 462 11,
1507 431 1546 454 12
1561 427 1568 462 3
1592 423 1675 455 Luc.
1693 423 1738 455 vi.

425 477 476 507 22,
496 472 569 508 23):

245 563 359 604 haec
387 562 442 603 de
468 562 555 602 illis
581 562 654 615 qui
686 567 894 615 pugnant
925 567 974 603 et
1005 561 1193 602 vincunt
1225 562 1270 601 in
1303 560 1639 601 tentationibus
1670 560 1738 601 in-

247 624 391 666 ductis
428 639 454 665 a
491 625 635 673 malis,
669 625 733 665 ita
771 625 828 664 ab
859 624 1060 674 inferno;
1104 624 1388 664 tentationes
1426 622 1740 676 significantur

247 702 326 742 per
346 687 563 729 “afficere
586 686 799 741 probris‚’'
820 686 1102 740 “persequi,''
1119 686 1306 727 “dicere
1326 685 1494 726 malum
1513 684 1740 734 verbum,'’

249 752 467 792 “mentiri
490 757 675 804 propter
698 749 967 798 Christum,”
991 750 1275 790 tentationes
1299 750 1417 789 enim
1433 755 1538 789 sunt
1561 748 1738 801 impug-

247 815 456 855 nationes
488 820 534 854 et
567 813 884 854 infestationes
917 813 1009 854 veri
1047 819 1093 853 et
1132 812 1241 852 boni
1279 826 1305 852 a
1341 811 1464 852 falsis
1496 818 1542 852 et
1581 810 1738 862 malis;

249 890 328 930 per
362 875 663 917 “Christum’'
694 875 966 928 intelligitur
1004 875 1218 915 Divinum
1251 874 1423 915 Verum
1460 887 1486 914 a
1523 873 1737 923 Domino,

245 939 365 992 quod
393 940 688 992 impugnatur
719 944 766 979 et
799 943 984 991 propter
1011 937 1131 991 quod
1157 937 1452 977 infestantur:
1490 936 1740 977 “Gaudete

245 1009 292 1043 et
330 1002 555 1050 exultate,
589 1002 692 1055 quia
723 1014 896 1042 merces
928 1007 1080 1041 vestra
1112 1013 1279 1053 magna
1317 1001 1360 1039 in
1393 999 1569 1048 caelis‚‘’
1592 1000 1739 1052 ‘signi-

245 1063 351 1105 ficat
366 1064 541 1105 caelum
564 1078 674 1107 cum,
685 1063 777 1116 ejus
795 1063 962 1117 gaudio
977 1063 1064 1104 illis
1087 1064 1159 1116 qui
1183 1064 1226 1103 in
1246 1061 1482 1103 affeffione
1497 1062 1589 1103 veri
1612 1062 1739 1115 spiri-

246 1127 358 1168 tuali
399 1134 518 1175 sunt,
555 1140 660 1167 nam
700 1126 764 1166 illi
805 1125 890 1166 soli
931 1132 1139 1179 pugnant
1181 1132 1227 1166 et
1266 1126 1468 1173 vincunt,
1505 1139 1563 1165 ex
1605 1138 1741 1165 causa

245 1191 349 1243 quia
382 1190 603 1230 Dominus
645 1190 689 1229 in
727 1188 805 1229 illa
846 1187 1082 1229 affectione
1125 1195 1211 1237 est,
1245 1189 1317 1242 qui
1360 1202 1440 1241 pro
1471 1187 1654 1228 homine
1695 1188 1740 1228 in

245 1253 408 1306 pugnis
439 1253 748 1293 tentationum
778 1252 949 1292 resistit
982 1258 1028 1292 et
1060 1252 1229 1302 vincit3
1267 1249 1402 1292 “sflsic
1436 1252 1555 1291 enim
1588 1264 1739 1304 perse-

247 1316 339 1357 cuti
377 1322 481 1356 sunt
518 1315 766 1368 prophetas
805 1315 878 1368 qui
914 1321 1022 1355 ante
1058 1328 1139 1354 vos
1153 1314 1171 1329 '’
1204 1314 1429 1367 significat
1466 1314 1585 1367 quod
1622 1314 1740 1367 prius

245 1378 450 1419 similiter
475 1378 843 1430 impugnaverint
870 1391 975 1417 vera
999 1375 1230 1417 doetrinae
1253 1391 1367 1430 quae
1395 1377 1511 1430 apud
1539 1375 1641 1416 illos
1667 1376 1740 1429 qui

244 1443 288 1481 in
321 1440 560 1482 affectione
586 1441 679 1480 veri
705 1439 924 1493 spirituali
950 1440 1141 1488 fuerunt,
1170 1453 1249 1493 per
1278 1439 1594 1493 “prophetas’'
1620 1440 1740 1480 enim

244 1502 473 1544 abstracte
505 1517 530 1543 a
563 1503 767 1556 personis
799 1502 1112 1555 significantur
1143 1517 1248 1543 vera
1280 1517 1339 1543 ex
1372 1502 1541 1551 Verbo,
1570 1516 1647 1542 seu
1679 1516 1739 1543 ex

246 1566 458 1607 Domino.

329 1630 419 1684 [οἱ]
453 1630 529 1670 ΕΧ
560 1630 630 1671 his
661 1645 776 1684 quae
808 1644 926 1671 nunc
958 1645 982 1671 e
1014 1630 1176 1671 Verbo
1206 1630 1350 1671 allata
1376 1637 1497 1678 sunt,
1525 1637 1739 1672 constare

244 1699 400 1746 potest
432 1692 552 1746 quod
594 1706 672 1746 per
706 1693 1003 1733 “mercedem
1016 1692 1034 1707 ’'
1067 1692 1348 1745 significetur
1382 1692 1558 1733 caelum
1590 1693 1740 1747 quoad

249 1756 340 1809 ejus
372 1757 572 1804 beatum,
605 1755 801 1796 faustum
834 1762 880 1796 et
908 1755 1170 1808 jucundum,
1205 1756 1325 1809 quod
1358 1756 1445 1796 illis
1477 1763 1547 1796 est
1584 1757 1658 1810 qui
1695 1757 1740 1797 in

250 1818 486 1860 affeffitione
518 1819 610 1859 veri
643 1825 689 1859 et
721 1819 827 1859 boni
861 1818 1080 1872 spirituali
1113 1825 1231 1866 sunt,
1266 1825 1311 1859 et
1344 1819 1463 1872 quod
1494 1819 1740 1860 “merces'’

247 1883 304 1923 sit
331 1883 426 1935 ipsa
452 1882 529 1922 illa
551 1879 754 1932 affeffio;
788 1895 893 1922 nam
917 1882 1010 1922 sive
1033 1882 1156 1922 dicas
1179 1880 1463 1922 affectionem
1487 1881 1626 1930 illam,
1646 1882 1739 1923 sive

247 1945 438 1993 caelum,
467 1945 586 1985 idem
614 1950 699 1992 est,
728 1945 941 1998 quoniam
973 1945 1017 1984 in
1050 1944 1127 1984 illa
1153 1951 1199 1985 et
1232 1958 1291 1984 ex
1324 1944 1401 1984 illa
1432 1950 1503 1985 est
1535 1943 1737 1985 caelum:

245 2007 310 2048 illi
336 2014 488 2047 autem
512 2008 585 2060 qui
613 2020 702 2047 non
727 2021 785 2047 ex
812 2006 1051 2047 affectione
1074 2007 1293 2060 spirituali
1320 2006 1563 2060 loquuntur
1583 2020 1739 2048 verum

245 2076 291 2111 et
314 2070 482 2110 faciunt
505 2070 690 2118 bonum,
711 2069 791 2109 sed
816 2070 954 2110 modo
977 2084 1036 2110 ex
1060 2068 1297 2110 affectione
1316 2069 1523 2118 naturali,
1544 2075 1590 2110 et
1613 2070 1739 2122 cogi-

246 2139 349 2174 tant
376 2132 544 2185 jugiter
575 2133 631 2172 de
664 2132 794 2173 caelo
832 2139 881 2173 ut
919 2133 1144 2181 mercede,
1179 2132 1242 2172 illi
1274 2132 1603 2185 repraesentati
1634 2139 1739 2186 sunt

248 2210 327 2250 per
357 2196 659 2236 mercenarios
691 2196 735 2235 in
769 2195 979 2236 Ecclesia
1015 2195 1279 2244 Israelitica‚
1309 2196 1365 2236 de
1397 2196 1555 2249 quibus
1587 2196 1630 2235 in
1661 2195 1740 2236 illa

249 2260 441 2301 ecclesia
466 2260 593 2314 plura
615 2267 791 2302 statuta
817 2266 1033 2311 exstant;
1066 2260 1182 2301 sicut

321 2348 426 2390 Quod
443 2349 649 2381 mercenarii
666 2359 739 2381 non
756 2349 982 2381 comederent
997 2349 1041 2380 de
1059 2348 1228 2380 Paschate
1245 2346 1367 2389 (Exod.
1384 2347 1442 2380 xii.
1458 2356 1511 2388 43,
1527 2346 1602 2389 45);

321 2392 427 2433 Quod
443 2403 515 2423 non
532 2393 760 2424 comederent
774 2393 819 2424 de
836 2391 968 2424 sanctis
983 2392 1106 2432 (Levit.
1123 2391 1204 2424 xxii.
1224 2392 1295 2432 10);

321 2436 426 2477 Quod
445 2445 517 2467 non
537 2435 760 2476 pernoctaret
778 2446 913 2467 merces
932 2435 1140 2467 mercenarii
1159 2435 1252 2476 apud
1270 2435 1423 2476 aliquem
1442 2444 1553 2475 usque
1572 2433 1618 2466 ad
1635 2443 1738 2466 auro-

422 2489 498 2510 ram
515 2479 636 2519 (Levit.
654 2479 722 2510 xix.
742 2478 812 2518 13);

321 2522 426 2564 Quod
450 2532 522 2554 non
542 2522 782 2562 opprimerent
801 2521 1092 2559 “mercenarium,
1113 2531 1304 2562 pauperem
1324 2526 1359 2552 et
1382 2530 1533 2561 egenum
1557 2520 1600 2552 de
1624 2519 1738 2552 fratri-

422 2566 503 2597 bus,
519 2590 541 2602 ..
559 2571 619 2597 aut
634 2566 677 2597 de
694 2566 895 2606 peregrino.
911 2590 934 2604 .‚
951 2565 1011 2606 qui
1031 2566 1067 2596 in
1085 2571 1177 2597 terra
1193 2571 1261 2602 tua,
1279 2571 1314 2596 et
1332 2564 1368 2595 in
1388 2563 1497 2604 portis
1513 2563 1600 2603 tuis;
1623 2563 1659 2595 in
1679 2563 1737 2595 die

422 2608 490 2640 illis
514 2608 614 2640 dabis
634 2610 833 2641 mercedem
853 2609 941 2649 ejus,
961 2609 1010 2640 ita
1031 2614 1069 2640 ut
1093 2618 1165 2640 non
1188 2608 1324 2640 occidat
1346 2617 1451 2647 super
1473 2617 1516 2638 ea
1537 2607 1617 2645 sol„
1631 2631 1639 2639 .
1653 2631 1660 2639 .
1675 2616 1736 2639 ‚ne

423 2652 549 2683 clamet
568 2658 690 2684 contra
709 2658 743 2683 te
762 2652 808 2684 ad
823 2652 1010 2694 Jehovam,
1029 2657 1068 2684 ut
1086 2651 1131 2683 sit
1150 2651 1185 2683 in
1205 2657 1239 2683 te
1259 2649 1468 2692 peccatum’'
1487 2649 1622 2691 (Deutr.
1642 2649 1736 2682 xxiv.

425 2704 475 2735 14,
495 2694 566 2736 15);

250 2771 366 2825 apud
392 2769 678 2820 Malachiam,

322 2846 398 2887 Ego
418 2847 568 2878 “contra
590 2856 816 2887 oppressores
840 2846 1012 2878 mercedis
1035 2844 1253 2883 mercenarii,
1272 2843 1398 2876 viduae
1415 2849 1450 2876 et
1468 2843 1600 2885 pupilli,
1620 2847 1655 2875 et
1676 2841 1737 2875 de-

423 2889 595 2921 clinantes
611 2889 847 2930 peregrinum,
864 2899 928 2921 nec
945 2889 1070 2921 timent
1086 2888 1173 2920 Me’'
1189 2888 1250 2930 (iii.
1268 2888 1318 2928 5);
