1962 3334
295 273 403 326 1836
706 286 1040 321 APOCALYPSIS
1072 290 1372 323 EXPLICATA.

290 392 554 430 omnipotentiam
572 394 797 432 intelligantur,
814 397 959 425 videatur
973 406 1078 435 supra,
1095 408 1126 428 n.
1141 399 1196 440 43
1211 409 1217 434 ;
1242 404 1309 428 tum
1330 401 1418 437 quod
1438 410 1495 438 per
1515 401 1663 431 Divinam
1685 402 1787 431 omni-

288 446 465 483 potentiam
483 447 676 485 intelligatur
690 449 859 484 infinstum,
877 459 906 479 n.
925 440 1034 489 286.)
1094 441 1229 493 Quod
1254 442 1468 483 DiVlnam
1492 445 1784 497 Omnipoten-

289 498 399 537 tiam
424 500 656 540 concernit
678 513 687 550 ;
720 500 796 540 illa
823 514 913 541 non
936 502 1125 543 involvit
1149 503 1315 556 aliquid
1339 506 1572 556 potentiae
1595 505 1786 546 faciendi

289 567 450 601 contra
473 562 690 611 ordinem,
712 563 791 603 sed
815 564 1002 605 involvit
1027 579 1206 606 omnem
1232 568 1483 619 potentiam
1502 569 1691 609 faciendi
1714 583 1784 609 se-

289 623 484 663 cundum
504 625 721 674 ordinem,
743 639 846 666 nam
869 629 1014 667 omnis
1038 629 1149 669 ordo
1172 636 1240 670 est
1264 644 1322 669 ex
1347 630 1478 682 Ipso;
1512 631 1614 671 inde
1638 632 1783 684 sequi-

288 693 361 727 tur
406 688 526 740 quod
577 688 685 728 nihil
735 691 968 742 potentiae
1019 692 1076 732 sit
1126 692 1255 732 alicui
1304 693 1495 733 faciendi
1539 694 1784 734 secundum

287 749 506 799 ordinem,
532 752 614 791 nisi
641 765 699 791 ex
728 752 832 805 Ipso
859 767 917 792 ex
945 767 1033 807 quo
1060 755 1198 805 ord0;
1232 769 1290 795 ex
1317 769 1371 796 eo
1399 763 1606 797 constare
1630 764 1784 809 potest

287 813 407 865 quod
431 815 790 866 omnipotentiae
814 815 1004 857 Divinae
1027 818 1083 857 sit
1107 817 1270 858 ducere
1289 818 1518 859 hominem
1538 820 1783 860 secundum

287 875 506 925 ordinem,
540 884 587 918 et
626 877 711 918 hoc
750 880 906 932 quovis
946 887 1180 921 momento
1219 895 1244 921 a
1281 882 1497 934 principio
1534 883 1653 923 vitae
1691 882 1784 935 ejus

288 952 426 992 usque
459 940 502 979 in
534 947 782 990 aeternum,
817 949 862 982 et
900 943 984 983 hoc
1018 944 1262 984 secundum
1297 944 1422 997 leges
1454 945 1635 994 ordinis,
1669 959 1782 999 quae

286 1002 635 1044 innumerabiles
653 1011 698 1045 et
717 1005 928 1046 ineffabili
947 1019 1133 1047 numero
1152 1014 1255 1047 sunt
1274 1022 1283 1057 ;
1311 1015 1622 1063 verumtamen
1641 1021 1782 1061 quan-

287 1071 384 1106 tum
411 1066 548 1107 homo
571 1068 740 1119 patitur
767 1082 813 1108 se
837 1068 952 1117 duci,
979 1069 1063 1109 hoc
1091 1075 1174 1118 est,
1200 1077 1417 1123 quantum
1445 1084 1534 1110 non
1559 1071 1654 1111 vult
1682 1071 1783 1112 duci

287 1141 314 1168 a
339 1135 483 1169 semet
510 1130 621 1182 ipso,
647 1138 864 1183 quantum
886 1132 1005 1171 enim
1032 1132 1117 1172 hoc
1140 1132 1237 1172 vult
1264 1139 1443 1172 tantum
1466 1133 1602 1174 fertur
1625 1141 1782 1174 contra

287 1191 516 1232 ordinem:
550 1199 596 1233 et
622 1194 724 1246 quia
750 1195 1109 1246 omnipotentiae
1134 1195 1323 1235 Divinae
1351 1202 1420 1235 est
1447 1196 1609 1236 ducere
1637 1197 1780 1237 homi-

288 1268 392 1295 nem
414 1256 486 1308 qui
509 1255 605 1296 vult
628 1257 729 1297 duci
753 1257 998 1297 secundum
1022 1258 1240 1306 ordinem,
1267 1258 1452 1310 proinde
1476 1272 1565 1298 non
1588 1259 1779 1313 aliquem

287 1324 448 1359 contra
466 1319 684 1368 ordinem,
704 1320 806 1360 ideo
830 1334 920 1360 non
944 1321 1303 1373 omnipotentiae
1322 1321 1513 1362 Divinae
1531 1328 1601 1362 est
1619 1322 1781 1363 ducere

286 1381 481 1434 aliquem
507 1383 564 1422 ad
591 1382 765 1423 caelum
798 1384 870 1436 qui
903 1390 1047 1424 semet
1079 1385 1224 1436 ipsum
1251 1384 1347 1424 vult
1374 1385 1551 1433 ducere,
1580 1386 1680 1438 quia
1706 1385 1783 1426 lex

286 1445 455 1486 ordinis
477 1453 546 1486 est
569 1452 618 1486 ut
641 1446 778 1486 homo
798 1461 859 1487 ex
885 1448 1058 1487 ratione
1081 1454 1127 1488 et
1150 1461 1208 1487 ex
1234 1447 1373 1488 libero
1396 1455 1504 1501 agat
1528 1449 1646 1501 quod
1670 1450 1780 1502 agit,

286 1522 347 1549 ex
373 1522 505 1549 causa
532 1510 634 1563 quia
665 1510 709 1550 id
742 1510 861 1563 quod
888 1511 1063 1551 ratione
1089 1511 1313 1563 recipitur,
1342 1518 1388 1551 et
1421 1526 1479 1551 ex
1514 1511 1654 1552 libero
1686 1513 1781 1565 agi-

286 1578 372 1620 tur,
402 1579 555 1613 manet
583 1573 700 1626 apud
727 1573 971 1621 hominem,
1001 1580 1046 1614 et
1079 1575 1118 1614 ei
1145 1575 1458 1627 appropriatur
1483 1575 1598 1616 sicut
1626 1589 1780 1626 suum;

287 1649 377 1675 non
405 1643 556 1685 autem
580 1636 699 1690 quod
727 1650 817 1677 non
843 1638 1019 1677 ratione
1045 1638 1256 1689 recipitur
1282 1644 1328 1677 et
1355 1651 1413 1678 ex
1441 1637 1581 1678 libero
1608 1639 1779 1690 agitur:

286 1699 390 1740 inde
418 1707 626 1741 constare
660 1707 813 1754 potest
845 1701 964 1754 quod
998 1702 1357 1754 omnipotentiae
1386 1701 1574 1742 Divinae
1602 1715 1691 1742 non
1724 1703 1780 1743 sit

286 1762 461 1803 salvare
489 1758 589 1804 illos
616 1765 688 1817 qui
722 1778 811 1804 non
840 1764 1087 1804 secundum
1114 1765 1318 1804 ordinem
1345 1764 1504 1805 volunt
1531 1765 1646 1814 duci,
1677 1779 1780 1805 nam

286 1826 388 1866 duci
425 1827 671 1867 secundum
709 1827 912 1867 ordinem
955 1834 1024 1867 est
1062 1828 1308 1874 secundum
1347 1827 1471 1880 leges
1509 1828 1690 1876 ordinis,
1729 1842 1780 1868 ac

286 1889 412 1943 leges
438 1890 605 1930 ordinis
632 1897 736 1930 sunt
763 1897 1005 1943 praecepta
1033 1889 1263 1931 doctrinae
1294 1897 1339 1931 et
1365 1892 1485 1931 vitae
1512 1905 1570 1931 ex
1598 1890 1779 1941 Verb0;

285 1966 421 2006 quare
449 1953 695 1993 secundum
722 1954 802 1993 has
829 1953 991 1993 ducere
1019 1953 1248 1993 hominem
1281 1954 1353 2007 qui
1387 1954 1483 1994 vult
1515 1954 1630 2002 duci,
1659 1955 1780 1993 omni

262 2039 264 2042 v
286 2023 520 2057 momento
567 2023 612 2057 et
658 2017 871 2057 continue
922 2017 964 2056 in
1011 2023 1258 2064 aeternum,
1307 2023 1376 2057 est
1423 2017 1780 2069 omnipotentiae

287 2080 503 2130 Divinae;
543 2086 646 2120 sunt
679 2081 797 2120 enim
830 2080 1003 2120 infinita
1035 2081 1192 2133 quovis
1225 2081 1398 2120 minuto
1431 2093 1543 2133 quae
1569 2080 1778 2128 videnda,

285 2158 399 2198 quae
432 2144 720 2191 removenda,
756 2158 868 2197 quae
902 2144 1182 2191 insinuanda,
1218 2150 1266 2183 ut
1298 2143 1435 2184 homo
1468 2143 1724 2184 detineatur
1755 2157 1780 2183 a

286 2207 414 2247 malis
441 2221 492 2247 ac
525 2214 735 2247 teneatur
766 2209 808 2247 in
842 2207 985 2255 bonis,
1015 2213 1062 2247 et
1094 2206 1170 2246 illa
1191 2206 1359 2258 jugiter
1389 2207 1433 2246 in
1467 2220 1588 2246 nexu
1619 2220 1778 2246 secun-

285 2270 392 2310 dum
431 2271 646 2310 ordinem.
720 2269 1092 2322 Omnipotentiae
1132 2269 1321 2309 Divinae
1363 2270 1500 2309 etiam
1537 2275 1606 2310 est
1643 2270 1779 2310 tutari

285 2334 490 2374 homines
513 2333 569 2373 ab
592 2334 785 2381 infernis,
806 2341 1023 2386 quantum
1047 2333 1091 2372 id
1114 2332 1205 2372 fieri
1225 2338 1376 2384 potest
1395 2332 1562 2385 absque
1581 2331 1778 2372 laesione

285 2397 412 2438 liberi
452 2404 498 2437 et
540 2397 752 2446 rationis;
800 2397 951 2436 omnia
992 2397 1112 2436 enim
1156 2396 1327 2435 inferna
1368 2401 1527 2436 contra
1568 2395 1778 2435 Divinam

286 2460 467 2500 Domini
506 2461 759 2512 potentiam
798 2466 901 2499 sunt
940 2460 1055 2499 sicut
1095 2458 1229 2508 nihil;
1275 2458 1444 2510 absque
1482 2457 1559 2497 illa
1595 2457 1778 2498 Domini

285 2522 496 2575 potentia
523 2535 613 2561 non
640 2521 800 2573 aliquis
827 2520 966 2560 homo
997 2520 1163 2560 salvari
1194 2525 1363 2572 potest.
1423 2529 1502 2567 (Sed
1516 2530 1607 2567 plura
1622 2530 1662 2558 de
1678 2528 1780 2558 omni-

283 2586 427 2623 potentia
444 2583 646 2613 [¹]videantur
660 2594 765 2621 supra,
782 2593 812 2613 n.
827 2585 910 2624 43.)

366 2636 508 2687 690.
547 2634 654 2679 “Oui
665 2647 711 2674 es
728 2638 771 2674 et
784 2633 855 2686 qui
865 2646 964 2673 eras
979 2637 1024 2673 et
1040 2633 1111 2686 qui
1125 2637 1315 2673 venturus
1331 2631 1611 2684 es.”—-Quod
1635 2631 1777 2684 signi-

285 2705 359 2737 cet
390 2697 444 2736 ab
475 2697 581 2748 Ipso
612 2696 691 2748 qm·
716 2702 783 2736 est
812 2709 934 2735 omne
964 2695 1009 2734 in
1040 2694 1239 2734 omnibus
1270 2694 1382 2734 caeli
1410 2699 1452 2733 et
1479 2692 1688 2741 ecclesiae,
1721 2692 1776 2733 ab

285 2765 460 2799 aeterno
485 2758 532 2797 z'n
562 2764 802 2804 aeternum,
830 2762 1016 2796 constat
1047 2769 1106 2795 ex
1138 2755 1226 2795 illis
1257 2768 1371 2808 quae
1402 2768 1536 2807 supra
1567 2764 1776 2805 (n.23,41,

283 2829 355 2869 42)
382 2817 616 2870 explicata
643 2823 763 2864 sunt,
791 2816 865 2856 ubi
892 2816 1052 2856 eadem
1079 2815 1232 2855 verba.

365 2879 497 2930 691.
537 2876 681 2921 “Quod
693 2877 862 2928 adeptus
882 2876 941 2915 sis
957 2875 1179 2927 potentiam
1200 2879 1310 2914 tuam
1325 2887 1528 2927 maynam,
1546 2877 1591 2914 et
1606 2886 1777 2926 regnum

283 2936 660 2990 inieris.''-—Quod
684 2935 907 2989 significet
925 2935 1301 2976 instaurationem
1324 2935 1429 2975 novi
1447 2933 1559 2974 caeli
1577 2939 1619 2974 et
1640 2947 1775 2973 novae
