1962 3334
292 286 307 316 1
315 275 402 318 660
702 285 1036 320 APOCALYPSIS
1068 287 1370 321 EXPLICATA.

286 400 453 441 minem
486 399 728 448 internum,
764 401 837 457 qui
875 401 1015 447 etiam
1046 408 1236 443 vocatur
1268 401 1696 456 spiritualis‘homo,
1729 410 1776 445 et

285 470 480 504 externa
506 462 727 504 ecclesiae
757 470 861 504 sunt
893 465 1012 518 apud
1043 465 1272 506 hominem
1305 472 1562 515 externum,
1591 467 1663 520 qui
1696 481 1776 507 vo·

286 531 415 567 catur
441 526 658 566 naturalis
681 526 820 567 homo
840 540 848 567 ε
882 527 1002 580 quod
1025 534 1214 581 utraque
1237 528 1347 569 talia
1370 529 1460 569 sint
1484 535 1532 569 ut
1557 529 1776 582 recipiant

257 588 503 629 ‘influxum
538 589 687 630 Divini
720 589 846 637 Veri,
880 589 1158 643 significatur
1189 605 1267 644 per
1299 591 1419 644 quod
1448 591 1543 631 “ad
1580 591 1776 645 pluviam

285 651 400 693 caeli
417 652 543 693 bibat
561 666 700 706 aquas
717 652 750 692 :'‘
776 653 897 706 quod
918 653 1130 694 Divinum
1150 653 1321 694 Verum
1340 653 1495 694 influat
1519 654 1563 694 in
1587 660 1777 707 utroque

285 721 425 764 statu,
455 728 617 768 nempe
643 715 750 755 dum
777 715 915 756 homo
941 716 1161 757 ecclesiae
1194 723 1263 756 est
1297 717 1340 756 in
1382 722 1506 757 statu
1538 730 1618 757 suo
1649 718 1776 769 spiri·

285 778 398 819 tuali
424 791 475 819 ac
508 778 552 818 in
585 784 710 818 statu
737 792 817 819 suo
849 778 1058 827 naturali,
1088 778 1370 832 significatur
1401 793 1479 832 per
1509 779 1629 833 quod
1659 780 1776 820 “da-

284 839 405 879 bitur
426 839 576 893 pluvia
598 841 642 880 in
666 847 871 894 tempore
890 855 971 882 suo
994 842 1268 894 tempestiva
1291 848 1337 882 et
1361 842 1561 882 serotina
1577 841 1611 892 ;”
1638 841 1777 882 homo

285 903 406 942 enim
433 902 655 944 ecclesiae
682 909 751 944 est
778 917 857 956 per
882 904 1003 944 vices
1029 904 1072 943 in
1100 910 1224 944 statu
1252 903 1472 957 spirituali
1503 910 1550 945 et
1581 905 1626 945 in
1653 911 1777 945 statu

286 965 511 1016 naturali;
555 966 748 1006 influxus
780 973 826 1007 et
859 967 1064 1019 receptio
1097 966 1246 1007 Divini
1273 967 1381 1007 Veri
1417 967 1461 1006 in
1493 973 1617 1007 statu
1649 968 1776 1020 spiri-

286 1028 398 1068 tuali
429 1029 701 1082 intelligitur
726 1043 805 1083 per
834 1029 1071 1082 “pluviam
1099 1030 1422 1083 tempestivam
1435 1029 1454 1043 '’
1481 1043 1559 1070 seu
1591 1031 1775 1071 matuti-

285 1104 406 1140 nam,
431 1099 478 1132 et
500 1093 544 1132 in
567 1099 691 1133 statu
714 1092 909 1133 naturali
932 1106 1010 1145 per
1036 1096 1061 1112 ‘⁴
1077 1092 1274 1146 pluviam
1298 1093 1543 1133 serotinam
1561 1092 1579 1108 ”
1601 1099 1647 1133 et
1674 1107 1775 1134 ves-

287 1156 539 1208 pertinam:
584 1156 753 1196 bonum
792 1162 838 1197 et
872 1168 1027 1196 verum
1060 1155 1291 1209 spirituale
1329 1162 1374 1196 et
1413 1155 1627 1204 caeleste,
1662 1170 1776 1209 quae

285 1219 390 1259 inde
413 1218 585 1259 homini
611 1219 834 1260 ecclesiae
858 1225 978 1266 sunt,
1003 1219 1320 1271 intelliguntur
1343 1232 1421 1272 per
1446 1222 1470 1239 ‘⁴
1487 1218 1776 1266 frumentum,

286 1288 486 1322 mustum
520 1288 566 1323 et
599 1282 791 1330 oleum‚'’
817 1296 931 1335 quae
963 1281 1208 1334 colligent:
1249 1282 1369 1335 quod
1401 1281 1513 1322 falsa
1545 1280 1777 1323 do&rinae

285 1351 333 1385 et
365 1344 514 1385 cultus
546 1345 788 1385 inhibitura
823 1346 926 1393 sint,
955 1351 1006 1385 ut
1039 1358 1128 1385 non
1159 1344 1313 1385 influat
1345 1351 1391 1385 et
1424 1345 1665 1398 recipiatur
1697 1345 1776 1385 Di-

285 1408 438 1448 vinum
455 1407 640 1456 Verum,
662 1408 779 1448 unde
800 1421 890 1448 non
909 1407 1093 1461 aliquod
1112 1408 1442 1448 incrementum
1458 1408 1578 1448 vitae
1597 1408 1776 1460 spiritu-

285 1470 382 1519 alis,
418 1470 700 1524 significatur
743 1484 822 1524 per
856 1470 940 1511 “Si
982 1471 1254 1520 serviveritis
1296 1470 1392 1511 aliis
1429 1471 1525 1518 diis,
1560 1484 1651 1511 non
1693 1471 1777 1512 erit

285 1534 450 1587 pluvia,
479 1540 525 1574 et
558 1540 677 1574 terra
705 1547 794 1573 non
821 1533 947 1574 dabit
981 1538 1249 1586 proventum
1278 1533 1311 1584 ;”
1348 1547 1427 1587 per
1456 1533 1605 1574 “alios
1637 1533 1777 1574 deos”

286 1596 597 1650 significantur
622 1597 734 1637 falsa
762 1595 993 1637 doctrinae
1018 1602 1064 1637 et
1091 1595 1251 1637 cultus,
1320 1595 1458 1649 Apud
1485 1596 1693 1645 eundem,

352 1685 417 1717 “Si
438 1686 473 1716 in
493 1686 638 1717 statutis
653 1685 743 1716 meis
765 1684 1046 1722 ambulaveritis,
1065 1690 1100 1716 et
1120 1691 1314 1725 praecepta
1334 1695 1415 1716 mea
1434 1685 1725 1722 observaveritis,
1743 1691 1778 1716 et

460 1729 619 1760 feceritis
644 1739 712 1766 ea..
728 1754 756 1760 ..
772 1735 823 1760 ‚et
847 1729 947 1760 dabit
972 1734 1070 1759 terra
1094 1735 1326 1768 proventum.
1342 1754 1365 1766 .,
1383 1738 1423 1760 ac
1449 1730 1556 1759 arbor
1579 1728 1655 1768 agri
1680 1728 1779 1760 dabit

460 1771 615 1804 fructum
633 1782 738 1804 suum
750 1772 767 1783 '¹
785 1772 906 1812 (Levit.
925 1772 1020 1803 xxvi.
1039 1779 1067 1810 3,
1084 1774 1139 1811 4):

286 1861 357 1901 hic
391 1874 469 1914 per
503 1859 715 1914 “pluvias
747 1873 861 1913 quae
898 1859 1114 1899 darentur
1150 1860 1193 1899 in
1226 1852 1433 1912 tempore
1465 1858 1586 1907 suo,”
1617 1865 1663 1900 et
1700 1872 1778 1912 per

290 1928 600 1977 “proventum
629 1937 652 1963 e
686 1922 847 1971 terra,'’
874 1922 1036 1962 similia
1062 1936 1175 1975 quae
1202 1936 1336 1975 supra
1363 1921 1697 1975 significantur,
1731 1928 1777 1962 et

287 1987 388 2040 quia
413 1986 609 2027 ecclesia
640 1999 694 2026 eo
727 1992 935 2038 tempore
961 1984 1042 2024 fuit
1075 1984 1268 2025 ecclesia
1294 1992 1487 2025 externa
1513 1997 1776 2037 repraesen-

287 2050 433 2090 tativa
460 2049 720 2089 interiorum
752 2047 1064 2101 spiritualium,
1092 2047 1195 2087 ideo
1221 2047 1359 2087 etiam
1386 2060 1487 2087 cum
1514 2046 1776 2087 ambulave-

287 2117 391 2152 runt
414 2112 456 2151 in
477 2112 663 2151 statutis
684 2117 730 2151 et
749 2111 1105 2151 observaverunt
1129 2116 1373 2163 praecepta
1391 2115 1436 2150 et
1460 2109 1661 2150 fecerunt
1683 2108 1776 2155 illa,

287 2173 452 2215 saelum
472 2181 541 2215 est
561 2174 680 2228 quod
698 2174 958 2226 acceperint
983 2172 1156 2226 pluvias
1179 2173 1222 2212 in
1245 2179 1450 2226 tempore
1474 2186 1569 2221 suo,
1589 2178 1635 2212 et
1657 2172 1777 2225 quod

288 2245 408 2279 terra
431 2238 607 2278 dederit
635 2243 906 2290 proventum
930 2248 1072 2284 suum,
1099 2242 1144 2275 et
1172 2236 1304 2275 arbor
1326 2236 1421 2288 agri
1448 2233 1663 2275 fructum:
1697 2235 1777 2274 sed

289 2315 426 2355 usque
450 2300 626 2354 pluviae
650 2306 695 2341 et
718 2300 822 2339 inde
840 2305 1086 2352 proventus
1108 2298 1515 2351 repraesentabant
1538 2304 1583 2338 et
1607 2296 1774 2350 signifi·

288 2364 470 2411 cabant,
508 2362 754 2416 “pluviae”
787 2362 999 2402 Divinum
1031 2360 1234 2409 influens,
1271 2359 1586 2414 “proventus’'
1617 2373 1772 2400 verum

287 2425 519 2468 doetrinae
547 2433 592 2467 et
625 2423 909 2466 intellectum
940 2425 1047 2472 veri,
1076 2431 1121 2465 et
1147 2422 1351 2464 “fructus
1378 2424 1550 2464 arboris
1563 2423 1582 2438 ’⁹
1607 2424 1775 2464 bonum

287 2491 452 2532 amoris
475 2496 521 2530 et
548 2489 835 2530 voluntatem
860 2488 967 2528 boni
986 2502 995 2538 3
1033 2487 1152 2541 quod
1175 2493 1387 2528 constare
1409 2493 1563 2540 potest
1586 2501 1645 2527 ex
1668 2501 1737 2535 eo,

354 2580 460 2622 Quod
483 2579 636 2610 inhibita
653 2579 760 2610 fuerit
784 2578 915 2618 pluvia,
934 2583 969 2609 et
994 2577 1078 2608 inde
1102 2575 1199 2608 faeta
1223 2576 1336 2607 fames
1363 2576 1397 2606 in
1423 2582 1520 2608 terra
1545 2575 1690 2607 Israelis
1714 2585 1778 2616 per

462 2633 579 2654 annos
601 2629 672 2654 tres
693 2628 728 2653 et
753 2622 952 2659 dimidium,
974 2622 1040 2652 sub
1061 2620 1220 2658 Achabo,
1241 2621 1324 2661 quia
1343 2620 1424 2651 aliis
1450 2620 1519 2651 diis
1537 2620 1774 2657 serviverant,

461 2673 496 2698 et
520 2667 716 2707 prophetas
741 2665 952 2697 occiderunt
975 2665 1005 2704 (1
1025 2665 1105 2705 Reg.
1123 2664 1216 2702 xvii„
1235 2670 1270 2695 et
1289 2673 1365 2704 cap.
1384 2661 1515 2695 [¹]xviii.
1532 2672 1539 2701 ;
1572 2669 1607 2694 et
1625 2663 1708 2695 Luc.
1729 2664 1776 2695 iv.

462 2710 535 2750 25):

287 2797 374 2838 hoc
408 2803 504 2838 erat
545 2796 985 2849 repraesentativum
1027 2801 1073 2835 et
1114 2794 1218 2834 inde
1259 2792 1619 2846 significativum,
1653 2792 1773 2846 quod

287 2874 378 2901 non
405 2859 586 2913 aliquod
615 2859 827 2899 Divinum
855 2858 1027 2898 Verum
1054 2872 1077 2898 e
1110 2856 1238 2898 caelo
1265 2857 1452 2897 influens
1479 2857 1676 2910 potuerit
1703 2871 1773 2896 re-

288 2925 388 2978 cipi,
413 2929 597 2977 propter
615 2921 726 2962 falsa
749 2921 868 2970 mali,
888 2935 1002 2974 quae
1026 2919 1336 2973 significantur
1358 2933 1436 2973 per
1457 2919 1604 2960 “deos
1627 2918 1774 2960 alios.”
