1962 3334
307 265 411 309 1722
725 265 1054 300 APOCALYPSIS
1086 268 1382 301 EXPLICATA.

476 378 663 420 Aegyptus
682 379 715 410 in
731 379 942 418 Aschurem,
963 387 998 412 et
1015 382 1360 423 servient‘Aegyptii
1378 393 1456 414 cum
1475 383 1656 416 Aschure:
1683 384 1792 416 indie

476 422 538 453 illo
558 423 623 454 erit
646 423 757 454 Israel
777 424 870 455 trina
887 425 1055 465 Aegypto
1075 433 1110 457 et
1127 427 1291 464 Aschuri‚
1309 425 1511 458 benedhflio
1531 427 1566 458 in
1588 428 1706 459 medio
1726 435 1794 459 ter-

475 476 545 504 rae,
569 467 623 497 cui
640 467 826 498 benedicet
844 467 1006 509 Jehovah
1028 469 1196 507 Zebaoth‚
1220 470 1382 507 dicendo,
1405 469 1620 502 BenediCtus
1641 472 1793 511 populus

475 520 576 541 meus
597 510 794 550 Aegyptus,
819 518 854 542 et
882 522 972 552 opus
997 523 1166 544 manuum
1186 523 1344 544 mearum
1371 514 1522 551 Aschur,
1550 521 1586 545 et
1613 515 1792 546 hereditas

474 563 555 584 mea
574 553 715 585 Israel'’
732 554 816 594 (xix.
841 555 978 595 18-25):

297 637 367 678 hic
398 637 711 690 “Aegyptus''
738 652 817 691 pro
850 640 1044 680 naturali
1076 640 1257 681 homine
1289 639 1531 694 conjuneto
1557 641 1789 694 spirituali,

298 702 361 742 ita
392 715 472 755 pro
504 702 717 754 gentibus
748 709 795 743 et
827 703 1003 756 populis
1040 705 1114 757 qui
1151 711 1284 745 extra
1315 705 1554 745 ecclesiam
1586 705 1789 746 fuerunt:

297 771 343 805 et
369 765 471 817 quia
498 778 587 805 non
619 765 663 805 in
689 766 818 814 veris,
849 766 1076 807 naturales
1104 767 1309 808 homines
1335 768 1539 819 suerunt;
1578 768 1657 808 sed
1690 781 1791 809 cum

296 828 563 868 audiverunt
610 827 911 881 Evangelium
957 837 1242 882 agnoverunt
1290 831 1549 879 Dominum,
1597 838 1643 872 et
1688 831 1791 871 inde

298 889 504 931 instrutffi
546 891 588 931 in
630 892 746 931 veris
786 890 1017 933 doetrinae
1056 892 1188 933 fidem
1222 901 1502 946 receperunt.
1549 893 1791 934 Adventus

298 953 480 994 Domini
512 953 780 1006 intelligitur
818 968 895 1006 per
930 955 1019 995 “In
1058 955 1128 995 die
1167 955 1283 1004 illo‚”
1315 957 1435 1010 quod
1467 957 1701 1010 quinquies
1733 957 1792 997 ibi

295 1016 469 1057 dicitur.
514 1017 604 1057 “In
632 1017 702 1057 die
729 1017 807 1057 illo
834 1024 964 1058 erunt
992 1018 1187 1071 quinque
1214 1018 1345 1059 urbes
1372 1020 1414 1059 in
1442 1026 1561 1060 terra
1584 1019 1789 1073 Aegypti

295 1079 533 1133 loquentes
561 1079 678 1120 labia
705 1079 930 1121 Canaanis
949 1080 967 1095 ”
989 1081 1213 1133 significat
1240 1081 1360 1135 quod
1386 1082 1504 1135 apud
1531 1082 1633 1122 illos
1660 1089 1790 1123 erunt

293 1142 420 1194 plura
442 1141 709 1183 d0&rinalia
731 1143 977 1183 secundum
1001 1157 1106 1183 vera
1129 1142 1360 1184 do&rinae
1387 1145 1521 1197 ipsius
1543 1144 1761 1189 ecclesiae
1781 1159 1789 1195 ;

297 1205 561 1259 “quinque’'
598 1205 854 1258 significant
892 1206 1032 1259 plura,
1074 1206 1275 1246 “urbes”
1312 1205 1590 1255 doetrinalia,
1633 1211 1791 1248 “terra

294 1268 500 1322 Aegypti
513 1268 531 1283 '³
548 1269 787 1309 ecelesiam
810 1269 1015 1321 gentium
1039 1268 1210 1317 talium,
1235 1269 1391 1310 “labia
1414 1269 1668 1310 Canaanis”
1685 1284 1791 1311 vera

294 1331 523 1373 doffih‘inae
565 1331 808 1372 ecclesiae:
861 1332 1005 1371 “urbs
1052 1331 1220 1372 Cheres
1267 1333 1441 1373 dicetur
1481 1331 1792 1386 unaquaevis'’

292 1393 517 1447 significat
541 1393 793 1435 doetrinam
816 1394 922 1435 boni
949 1395 1182 1435 charitatis
1209 1396 1251 1434 in
1276 1395 1489 1447 singulis;
1526 1396 1667 1435 “urbs
1679 1395 1697 1410 ”
1720 1402 1789 1436 est

292 1456 510 1506 doetrina,
545 1464 591 1498 et
626 1457 871 1506 “Cheres,”
904 1472 1018 1511 quae
1056 1458 1098 1498 in
1134 1457 1286 1510 lingua
1322 1458 1533 1499 Hebraea
1565 1457 1789 1511 significat

292 1520 435 1561 solem
472 1527 518 1561 et
555 1520 647 1573 ejus
680 1520 822 1573 jubar,
857 1528 926 1561 est
959 1521 1127 1561 bonurn
1161 1521 1394 1562 charitatis
1427 1528 1472 1562 et
1510 1521 1614 1561 inde
1651 1520 1787 1562 fides:

295 1584 376 1624 “in
408 1584 479 1624 die
511 1584 589 1624 illo
621 1585 704 1624 erit
736 1584 879 1625 altare
904 1584 1104 1637 Jehovae
1136 1585 1178 1624 in
1212 1585 1360 1625 medio
1393 1590 1538 1624 terrae
1566 1584 1786 1637 Aegypti,

291 1653 336 1688 et
374 1654 526 1687 statua
567 1647 685 1700 apud
723 1648 963 1688 terminum
1002 1647 1095 1699 ejus
1131 1647 1370 1700 Jehovae‚‘’
1407 1646 1630 1700 significat
1668 1647 1788 1701 quod

293 1717 401 1751 tunc
425 1710 574 1751 cultus
593 1710 775 1750 Domini
801 1724 859 1750 ex
885 1710 1014 1750 bonis
1033 1710 1266 1751 charitatis
1285 1717 1330 1750 et
1354 1711 1457 1750 inde
1476 1711 1591 1750 veris
1609 1709 1724 1759 fidei,
1743 1711 1788 1751 in

293 1773 500 1813 omnibus
519 1787 632 1826 quae
657 1780 761 1813 sunt
780 1773 997 1814 naturalis
1015 1774 1207 1813 hominis
1225 1787 1233 1822 ;
1267 1786 1345 1825 per
1362 1776 1386 1792 “
1399 1773 1541 1813 altare
1558 1773 1756 1826 Jehovae
1770 1772 1788 1787 ”

291 1835 569 1888 significatur
600 1836 747 1876 cultus
785 1850 843 1876 ex
881 1836 1003 1876 bono
1040 1836 1287 1883 charitatis,
1322 1842 1367 1876 et
1405 1850 1483 1889 per
1517 1835 1788 1877 “statuam'’

291 1898 438 1940 cultus
470 1914 528 1939 ex
562 1900 677 1939 veris
704 1899 820 1947 fidei,
850 1912 928 1951 per
957 1900 1042 1939 “in
1076 1899 1224 1939 medio
1257 1905 1402 1939 terrae
1429 1899 1635 1952 Aegypti
1651 1899 1669 1914 '⁵
1696 1900 1787 1952 sig-

291 1962 496 2003 nificatur
528 1963 689 2015 ubique
728 1969 774 2003 et
812 1963 856 2002 in
894 1963 1100 2002 omnibus
1134 1961 1349 2002 naturalis
1387 1963 1593 2009 hominis,
1627 1968 1673 2003 et
1710 1975 1789 2014 per

294 2025 604 2066 “terminum’'
627 2038 781 2066 verum
805 2024 1127 2065 scientificum:
1159 2025 1464 2065 “clamabunt
1488 2025 1543 2065 ad
1568 2025 1786 2078 Jehovam

291 2096 476 2141 propter
502 2089 831 2145 oppressiones,
861 2088 933 2141 qui
967 2089 1121 2128 mittet
1153 2087 1240 2128 illis
1267 2087 1556 2128 servatorem
1583 2094 1629 2128 et
1663 2088 1785 2128 Prin-

292 2151 477 2204 cipem‚'’
509 2150 732 2204 significat
765 2151 969 2191 dolorem
1006 2150 1184 2191 illorum
1222 2157 1406 2204 propter
1438 2149 1662 2192 defeetum
1694 2152 1786 2191 veri

290 2221 336 2256 et
374 2214 477 2255 inde
514 2214 620 2255 boni
652 2214 907 2266 spiritualis,
941 2220 987 2254 et
1025 2214 1271 2254 adventum
1305 2213 1487 2253 Domini
1524 2227 1549 2254 a
1585 2227 1674 2267 quo
1710 2213 1786 2254 illa

289 2278 538 2330 recepturi;
584 2277 815 2318 “clamare
829 2276 847 2291 '¹
884 2276 1108 2330 significat
1146 2276 1363 2324 dolorem,
1401 2276 1786 2329 “oppressiones''

290 2340 543 2394 significant
571 2339 795 2381 defeetum
822 2340 914 2380 veri
940 2346 986 2380 et
1013 2340 1116 2380 inde
1143 2340 1248 2380 boni
1276 2339 1532 2392 spiritualis,
1561 2352 1612 2379 ac
1642 2338 1784 2380 “Ser-

289 2412 420 2445 vator
452 2411 498 2444 et
537 2402 778 2455 Princeps”
810 2401 1067 2455 significant
1101 2402 1360 2450 Dominum,
1395 2402 1468 2455 qui
1503 2401 1786 2442 “servator‘’

288 2481 366 2507 seu
395 2465 671 2507 “Salvator'‘
697 2466 859 2506 dicitur
890 2479 948 2505 ex
982 2465 1102 2505 bono
1129 2465 1306 2512 amoris,
1335 2477 1386 2504 ac
1417 2465 1666 2517 “Princeps
1682 2465 1700 2479 ”
1725 2479 1783 2506 ex

255 2563 269 2567 ,
288 2530 403 2570 veris
429 2528 556 2569 fidei:
594 2533 738 2569 “tunc
767 2535 900 2568 notus
927 2527 1003 2568 fiet
1028 2528 1232 2580 Jehovah
1256 2527 1490 2579 Aegypto,
1516 2534 1562 2567 et
1589 2541 1784 2580 cognos-

288 2599 393 2633 cent
420 2591 641 2645 Aegyptii
668 2592 887 2644 Jehovam
919 2592 963 2631 in
996 2591 1066 2631 die
1099 2590 1215 2638 illo,’'
1243 2589 1468 2643 significat
1501 2591 1783 2642 agnitionem

288 2655 470 2696 Domini
501 2668 551 2695 ae
586 2655 736 2694 Divini
770 2654 942 2707 Ipsius:
985 2658 1069 2694 “et
1101 2653 1265 2694 facient
1298 2653 1562 2693 sacrificium
1595 2659 1640 2693 et
1673 2654 1785 2693 min-

287 2718 449 2760 cham''
466 2717 690 2770 significat
709 2717 881 2758 cultum
901 2717 1083 2757 Domini
1106 2716 1352 2756 secundum
1373 2722 1615 2768 praecepta
1639 2716 1784 2768 Ipsius

287 2795 346 2822 ex
379 2780 549 2828 Verbo,
583 2781 646 2821 ita
678 2795 736 2820 ex
778 2781 894 2820 veris
933 2778 1165 2820 doetrinae
1202 2786 1247 2819 et
1287 2779 1408 2819 bono
1449 2779 1637 2819 amoris:
1683 2780 1781 2820 “sic

287 2844 507 2898 percutiet
525 2843 728 2895 Jehovah
748 2842 1015 2895 Aegyptum
1040 2841 1334 2894 percutiendo
1358 2848 1403 2881 et
1427 2841 1643 2889 sanando,
1664 2842 1782 2882 unde

287 2913 557 2949 convertent
589 2920 636 2946 se
668 2906 724 2946 ad
749 2906 985 2958 Jehovam,
1019 2912 1064 2946 et
1098 2904 1361 2945 exorabitur
1392 2904 1491 2953 illis,
1526 2910 1572 2945 et
1604 2904 1781 2945 sanabit
