1962 3334
565 258 669 291 cAP.
691 258 774 299 XL,
796 258 935 290 VERs.
956 258 1103 302 7.-Ν,
1123 210 1303 302 650[g],
1323 220 1325 222 Ι
1489 269 1493 271 -
1564 246 1672 299 1699

54 358 123 375 ’
186 369 278 412 nali
302 369 485 424 homine
510 384 535 411 e
557 369 712 412 Verbo
738 370 979 424 perceptis,
1005 373 1031 391 “
1046 370 1246 410 Libanus
1256 369 1277 384 ”
1298 369 1420 410 enim
1444 366 1670 421 significat

47 469 56 485 ³,
160 432 425 487 ⁴ecclesiam
455 433 605 486 quoad
636 433 976 486 perceptionem
1001 433 1095 473 veri
1125 446 1185 473 ex
1216 431 1427 472 rationali
1458 430 1669 478 homine;

185 508 266 549 per
291 495 696 536 “devastationem
721 494 1009 544 bestiarum,”
1034 509 1148 548 quae
1174 493 1502 541 consternabit,
1530 491 1669 545 signi-

185 556 345 599 ficatur
387 556 637 599 destructio
680 558 924 598 veritatum
969 572 1048 611 per
1091 557 1366 611 cupiditates
1410 555 1547 605 mali;
1593 568 1673 609 per

189 620 500 673 “sanguines‘’
535 620 813 674 significatur
846 620 1066 661 violentia
1099 620 1229 660 illata
1264 620 1382 660 veris
1418 617 1558 659 Verbi
1594 631 1674 671 per

186 682 333 733 mala;
369 689 416 724 et
447 697 527 736 per
553 683 855 724 “violentiam
886 690 1049 731 terrae,
1082 683 1202 723 urbis
1233 689 1280 723 et
1311 682 1512 723 omnium
1542 681 1672 721 habi-

185 747 384 787 tantium
409 747 454 787 in
484 747 578 795 ea,”
599 746 878 800 significatur
901 748 968 787 vis
994 746 1123 792 illata
1147 747 1264 787 veris
1290 752 1337 787 et
1368 745 1498 786 bonis
1524 743 1672 785 eccle-

187 809 293 858 siae,
320 822 373 850 ac
399 807 632 851 doctrinae
658 809 751 863 ejus
781 824 842 850 ex
867 809 1024 850 Verbo
1049 823 1129 863 per
1151 808 1279 850 falsa.
1339 807 1478 861 Apud
1501 807 1672 855 Mosen,

253 902 437 935 “Dentem
456 904 654 935 bestiarum
675 904 868 936 immittam
889 904 926 935 in
946 903 1040 941 illos,
1062 913 1144 935 cum
1164 913 1307 935 veneno
1326 902 1507 943 reptilium
1528 899 1675 933 terrae''

359 947 497 987 (Deutr.
514 945 658 979 [dxxxii.
676 948 750 987 24):

187 1054 268 1095 per
289 1041 512 1082 “dentem
538 1042 784 1083 bestiarum
795 1042 815 1057 ’¹
836 1041 1116 1095 significatur
1140 1040 1348 1082 sensuale
1373 1040 1523 1094 quoad
1549 1040 1673 1093 cupi-

189 1103 359 1144 ditates
385 1104 491 1145 mali
507 1119 517 1154 ;
555 1118 661 1145 nam
689 1104 871 1145 “dens”
896 1105 1222 1158 correspondet
1249 1104 1410 1145 ultimo
1435 1104 1557 1144 vitae
1589 1102 1673 1143 ho-

188 1167 335 1215 minis,
353 1167 473 1220 quod
495 1174 566 1208 est
589 1167 824 1208 sensuale:
857 1182 937 1222 per
960 1171 1222 1208 “venenum
1244 1167 1473 1220 reptilium
1495 1173 1643 1206 terrae
1654 1164 1675 1180 '’

188 1228 498 1282 significantur
532 1229 757 1271 falsitates
793 1230 910 1279 inde,
948 1244 1062 1284 quae
1103 1244 1183 1284 per
1217 1230 1418 1271 fallacias
1454 1228 1675 1270 sensualis

129 1326 133 1327 γ
188 1291 385 1333 hominis
410 1299 564 1333 astute
590 1299 854 1345 pervertunt
880 1307 999 1334 vera.
1061 1292 1200 1347 Apud
1225 1292 1509 1341 Ezechielem,

254 1386 275 1400 “
285 1386 402 1428 Quum
415 1386 545 1418 intravi
561 1393 597 1418 et
609 1387 691 1424 vidi,
704 1397 786 1418 ecce
802 1387 921 1418 omnis
934 1387 1068 1427 effigies
1085 1387 1221 1428 reptilis
1236 1393 1272 1418 et
1287 1387 1433 1424 bestiae,
1446 1386 1677 1422 abominatio,

362 1430 543 1513 (εεῢῗῐιίιὲῗῗ
564 1430 660 1462 idola
678 1431 806 1462 domus
828 1430 970 1462 Israelis
989 1429 1130 1471 depicta
1148 1440 1255 1471 super
1273 1430 1406 1471 pariete
1425 1429 1679 1461 circumcirca'·

190 1574 270 1615 per
293 1560 405 1602 haec
432 1568 479 1602 et
504 1561 632 1615 plura
653 1576 768 1616 quae
790 1569 975 1603 ostensa
998 1568 1103 1603 sunt
1126 1561 1396 1615 Prophetae,
1420 1560 1678 1614 significan-

190 1630 266 1665 tur
287 1623 410 1664 dirae
435 1625 711 1677 cupiditates
736 1631 783 1666 et
808 1624 1048 1673 falsitates,
1072 1626 1116 1665 in
1142 1624 1301 1678 quibus
1326 1624 1503 1664 fuerunt
1531 1623 1678 1664 Israe-

191 1686 314 1734 litae,
342 1693 582 1740 propterea
607 1687 728 1741 quod
759 1688 804 1727 in
829 1688 1033 1728 externis
1058 1693 1213 1727 essent
1238 1693 1285 1727 et
1311 1700 1492 1739 prorsus
1518 1699 1608 1726 non
1634 1687 1679 1726 in

191 1749 406 1799 internis;
438 1755 486 1790 et
511 1750 586 1803 qui
603 1749 731 1790 ‘tales
757 1749 949 1797 fuerunt,
975 1755 1210 1790 verterunt
1236 1749 1387 1789 omnia
1412 1762 1676 1802 repraesen-

191 1811 338 1852 t'ativa
369 1812 413 1852 in
444 1811 757 1862 idololatrica3
800 1813 905 1853 inde
936 1811 1195 1852 idololatria
1225 1824 1393 1859 eorum,
1422 1818 1468 1852 et
1500 1825 1678 1865 quoque

193 1873 385 1928 plurium
424 1875 656 1927 gentium:
700 1881 747 1915 et
788 1881 896 1916 tunc
937 1889 1016 1928 per
1057 1874 1295 1914 “bestias”
1334 1880 1381 1914 et
1425 1873 1680 1927 “reptilia,'’

191 1950 380 1991 quorum
401 1938 635 1990 imagines,
660 1944 845 1991 propter
866 1937 1243 1990 significationem
1265 1934 1551 1977 affefflonum
1574 1936 1680 1977 boni

192 2005 240 2041 et
279 1999 558 2053 prudentiae,
602 2001 686 2040 sibi
731 2001 947 2047 fecerunt,
990 2005 1360 2053 repraesentatae
1406 2006 1510 2040 sunt
1557 1999 1679 2040 dirae

193 2063 468 2117 cupiditates
505 2064 610 2104 mali
647 2070 693 2104 et
731 2063 854 2104 salsi:
902 2064 964 2104 sic
1001 2064 1121 2103 enim
1157 2061 1207 2103 fit
1244 2062 1426 2116 quando
1462 2062 1681 2103 naturalis

174 2125 332 2166 homo
357 2133 592 2179 separatus
619 2140 645 2166 a
670 2126 891 2179 spirituali
917 2140 987 2166 res
1014 2123 1194 2166 sanetas
1220 2126 1446 2175 intuetur;
1480 2125 1584 2165 inde
1610 2132 1680 2165 est

193 2188 314 2242 quod
345 2188 633 2242 appellentur
666 2189 825 2229 “idola
856 2189 1016 2229 domus
1048 2188 1228 2228 Israelis
1245 2188 1279 2228 :”
1315 2201 1394 2241 per
1422 2189 1679 2241 “parietem

193 2251 518 2300 circumcirca,”
540 2252 584 2292 in
610 2266 699 2305 quo
720 2250 899 2304 depicta
921 2251 1204 2300 videbantur,
1228 2250 1538 2304 significantur
1560 2251 1680 2291 inte-

194 2314 311 2355 riora
330 2314 492 2368 ubique
517 2315 562 2355 in
589 2314 783 2355 naturali
806 2314 1017 2364 homine;
1049 2327 1154 2354 nam
1176 2327 1255 2367 per
1278 2312 1520 2355 “tectum'’
1542 2315 1681 2367 signi-

194 2371 352 2430 ficatur
372 2378 595 2425 intimum,
618 2391 697 2431 per
721 2377 905 2418 “solum
921 2377 941 2391 '’
958 2391 1036 2417 seu
1057 2376 1437 2430 “pavimentum''
1455 2376 1678 2425 ultimum,

195 2445 243 2481 et
273 2453 352 2493 per
384 2441 648 2494 “parietes'’
678 2441 906 2487 interiora,
939 2447 986 2480 et
1018 2454 1097 2493 per
1130 2440 1351 2480 “domum
1364 2439 1383 2454 ”
1415 2441 1510 2493 ipse
1541 2439 1680 2480 homo

194 2503 344 2556 quoad
374 2503 451 2544 illa
482 2517 596 2557 quae
627 2503 720 2556 ejus
753 2504 918 2544 mentis
950 2509 1083 2552 sunt;
1121 2509 1167 2544 et
1194 2503 1412 2544 naturalis
1438 2503 1577 2544 homo
1608 2511 1679 2545 est

138 2603 146 2607 A
195 2565 381 2606 interior
419 2573 466 2607 et
504 2567 718 2614 exterior,
758 2573 805 2607 et
845 2567 1030 2606 interior
1070 2566 1287 2607 naturalis
1326 2573 1397 2607 est
1438 2567 1511 2607 ubi
1551 2567 1683 2607 foeda

195 2626 390 2668 hominis
415 2629 635 2676 resident‚·
654 2636 700 2669 et
727 2629 928 2669 exterior
954 2642 1044 2668 non
1066 2628 1225 2681 vulgat
1252 2629 1329 2669 illa
1356 2629 1434 2670 sed
1462 2631 1680 2670 mentitur

195 2689 330 2738 bona,
353 2689 475 2742 justa
506 2697 553 2732 et
585 2692 774 2732 sincera.
836 2690 953 2743 Quia
981 2691 1172 2732 “ferae”
1197 2697 1243 2732 et
1273 2692 1517 2732 “bestiae’'
1542 2693 1682 2744 signi-

197 2752 395 2794 ficabant
430 2753 550 2794 bona
585 2752 843 2794 intellectus
881 2760 927 2794 et
964 2753 1084 2794 bona
1121 2754 1387 2802 voluntatis,
1425 2768 1539 2808 quae
1576 2762 1682 2795 sunt

198 2814 498 2864 affectionum,
522 2822 568 2857 et
591 2817 648 2857 ab
669 2817 879 2869 antiquis,
899 2816 972 2870 qui
995 2823 1217 2857 noverunt
1240 2818 1680 2870 correspondentias,

198 2876 366 2939 figurae
391 2880 804 2932 repraesentativae
831 2885 877 2920 et
905 2878 1232 2932 significativae
1257 2877 1402 2920 factae
1429 2886 1549 2929 sunt,
1573 2893 1684 2933 quas
