1956 3328
330 253 436 306 1764
741 261 1073 295 APOCALYPSIS
1105 262 1403 295 EXPLICATA.

1809 376 1817 392 9

321 388 373 416 ac
409 373 626 415 “suffire’'
658 380 728 415 est
766 374 915 415 cultus
952 389 1010 415 ex
1037 373 1173 428 illis):
1219 374 1416 415 “sedere
1454 375 1497 415 in
1535 374 1804 428 sepulchris'

322 437 546 491 significat
574 451 672 478 esse
704 438 748 477 in
775 438 1001 478 amoribus
1034 438 1230 491 spurcis:
1272 436 1575 491 “pernoctare
1602 438 1645 478 in
1672 439 1815 479 vasti-

321 501 492 540 tatibus
505 499 524 514 '‘
547 499 772 552 significat
799 514 1062 554 permanere
1095 507 1141 542 et
1165 502 1315 541 vivere
1341 502 1385 541 in
1412 501 1533 541 falsis
1563 499 1815 553 (“vastita-

321 569 392 603 tes
407 562 425 577 '’
443 569 548 603 sunt
567 563 639 603 ubi
664 576 754 603 non
773 563 899 617 vera)
919 577 927 604 :
956 564 1234 604 “comedere
1253 577 1434 604 carnem
1454 563 1573 604 suis”
1591 563 1816 617 significat

320 626 607 679 appropriare
634 627 716 666 sibi
743 626 862 667 mala
889 627 1135 667 infernalia.
1197 626 1335 680 Apud
1361 627 1528 676 Mosen,

387 729 406 742 ‘¹
417 728 586 769 Quisquis
600 729 759 768 tetigerit
773 739 880 769 super
892 729 1077 769 superficie
1092 729 1167 769 agri
1180 729 1389 760 confossum
1404 729 1536 769 gladio,
1548 734 1610 760 aut
1623 735 1815 770 mortuum,

498 778 560 803 aut
585 782 626 803 os
651 773 819 810 hominis,
846 779 906 804 aut
923 773 1163 813 sepulchrum,
1182 773 1390 804 immundus
1410 773 1478 804 erit
1497 779 1634 813 septem
1655 772 1815 811 diebus‚'’

498 822 533 847 et
552 822 679 856 postea
697 816 943 856 purificabitur
960 817 1083 856 (Num.
1101 817 1171 848 xix.
1192 817 1241 855 16,
1263 816 1334 857 18):

320 929 398 968 per
426 918 654 968 “tangere
667 915 686 930 ’'
713 916 755 956 in
783 915 941 956 Verbo
968 915 1249 969 significatur
1277 916 1640 966 communicare;
1679 930 1814 970 quare

322 991 377 1018 ne
405 979 847 1019 communicarentur
869 979 981 1019 falsa
1008 986 1054 1020 et
1082 979 1214 1026 mala,
1241 985 1287 1020 et
1315 980 1376 1020 sic
1401 980 1812 1032 appropriarentur,

319 1040 595 1094 prohibitum
622 1041 702 1081 fuit
726 1048 916 1094 tangere
939 1043 1185 1090 immunda,
1208 1042 1279 1083 hic
1301 1042 1598 1083 “confossum
1621 1042 1814 1095 gladio‚''

321 1108 346 1123 ⁴⁴
361 1103 628 1151 mortuum,’'
643 1109 731 1145 “os
749 1105 946 1145 hominis
959 1105 977 1120 ’'
992 1112 1038 1146 et
1057 1109 1081 1125 “
1095 1105 1430 1158 sepulchrum;”
1453 1106 1555 1159 quia
1574 1119 1651 1159 per
1666 1109 1691 1125 ‘⁴
1705 1118 1814 1145 con-

318 1167 486 1208 fossum
519 1167 673 1220 gladio
686 1168 705 1182 ‘’
733 1168 1012 1221 significatur
1039 1169 1112 1222 qui
1145 1169 1338 1222 perierat
1373 1183 1451 1222 per
1476 1168 1602 1217 falsa,
1632 1175 1678 1209 et
1710 1169 1814 1209 inde

319 1231 562 1272 damnatus
594 1231 650 1271 ad
688 1231 923 1279 infernum,
959 1246 1037 1285 per
1072 1231 1372 1272 “mortuum''
1401 1232 1474 1285 qui
1506 1232 1703 1285 perierat
1736 1245 1815 1284 per

320 1294 452 1342 mala,
487 1309 565 1348 per
601 1299 690 1335 “os
723 1295 950 1335 hominis”
983 1295 1264 1348 significatur
1296 1294 1458 1335 falsum
1500 1294 1732 1343 infernale,
1767 1301 1814 1336 et

319 1371 398 1411 per
423 1358 788 1411 “sepulchrum”
812 1358 980 1399 malum
1007 1358 1236 1399 infernale.
1298 1358 1436 1412 Apud
1462 1357 1745 1406 Ezechielem,

387 1459 405 1472 ‘⁶
419 1457 556 1498 plange
586 1468 693 1498 super
718 1459 948 1490 multitudine
973 1459 1140 1500 Aegypti,
1166 1465 1201 1490 et
1229 1459 1450 1490 descendere
1478 1458 1534 1489 fac
1562 1467 1813 1489 eam....cum

495 1503 798 1534 descendentibus
813 1503 957 1534 foveam
972 1512 994 1539 ;.
1010 1528 1018 1534 .
1032 1528 1039 1534 .
1054 1503 1105 1534 ‚in
1125 1503 1243 1534 medio
1261 1502 1513 1533 consossorum
1528 1502 1649 1542 gladio
1664 1502 1814 1539 cadent:

501 1570 508 1577 .
524 1571 530 1577 .
545 1570 552 1578 .
567 1546 632 1577 ‚ibi
659 1546 800 1577 Aschur
823 1552 859 1578 et
883 1552 961 1578 tota
985 1547 1220 1586 congregatio
1245 1546 1334 1586 ejus,
1360 1546 1492 1577 circum
1519 1555 1600 1577 eum
1627 1545 1815 1585 sepulchra¹

495 1589 584 1630 ejus,
599 1599 727 1621 omnes
741 1590 901 1621 confossi
916 1590 975 1630 qui
994 1590 1198 1621 ceciderunt
1212 1590 1343 1629 gladio,
1358 1590 1414 1621 cui
1429 1590 1515 1621 data
1528 1595 1611 1620 sunt
1625 1589 1816 1629 sepulchra

495 1634 532 1664 in
547 1633 718 1664 lateribus
733 1634 872 1671 foveae,
887 1640 1013 1675 estque
1027 1634 1261 1674 congregatio
1274 1633 1351 1674 ejus
1366 1634 1459 1664 circa
1473 1633 1699 1674 sepulchrum
1714 1632 1792 1672 ejus
1808 1642 1815 1669 ;

500 1702 507 1709 .
523 1702 529 1709 .
544 1702 551 1708 .
567 1677 687 1709 ‚Elam
710 1684 744 1708 et
764 1678 885 1708 omnis
906 1677 1098 1708 multitudo
1119 1677 1197 1718 ejus
1215 1677 1308 1708 circa
1328 1677 1557 1717 sepulchrum
1576 1677 1665 1717 ejus,
1686 1686 1815 1717 omnes

494 1721 711 1762 praeputiati
729 1721 908 1753 confossi.
923 1746 930 1753 .
945 1721 1112 1761 .gladio''
1131 1721 1253 1760 (xxxii.
1271 1722 1320 1759 18,
1340 1729 1391 1760 20,
1410 1722 1551 1760 22-24):

320 1840 398 1880 per
418 1830 443 1846 “
458 1826 796 1867 multitudinem
817 1826 1024 1880 Aegypti
1040 1826 1059 1841 ''
1078 1825 1390 1879 significantur
1409 1825 1657 1867 scientifica
1679 1832 1813 1866 natu-

319 1890 423 1930 ralis
465 1889 673 1938 hominis,
715 1903 829 1943 quae
871 1896 1051 1930 mortua
1094 1895 1212 1938 sunt,
1252 1890 1354 1943 quia
1395 1902 1486 1930 non
1529 1889 1813 1930 descendunt

320 1960 366 1994 et
398 1953 648 1993 formantur
686 1959 734 1993 ut
772 1951 973 2002 effectus,
1009 1952 1225 1993 conclusa
1263 1958 1309 1993 et
1351 1951 1717 1993 confirmationes
1755 1966 1814 1992 ex

323 2017 439 2056 veris
474 2016 718 2069 spiritualis
755 2016 979 2067 hominis;
1028 2030 1106 2069 per
1142 2015 1472 2056 “Aschurem”
1504 2014 1815 2068 significantur

320 2080 692 2119 ratiocinationes
719 2093 778 2119 ex
806 2079 974 2119 talibus
1002 2078 1286 2119 scientificis:
1327 2092 1464 2132 quare
1497 2092 1575 2131 per
1603 2077 1813 2130 “Plange

321 2156 454 2195 super
486 2142 777 2182 multitudine
810 2141 1033 2195 Aegypti,
1063 2149 1108 2182 et
1150 2141 1428 2182 descendere
1466 2141 1533 2182 fac
1571 2154 1672 2182 eam
1711 2153 1812 2181 cum

321 2205 705 2245 descendentibus
729 2206 773 2245 in
795 2205 1012 2253 foveam‚’'
1031 2204 1310 2258 significatur
1332 2204 1463 2244 dolor
1483 2210 1667 2257 propter
1685 2204 1813 2244 dam-

320 2268 552 2308 nationem
572 2281 726 2308 eorum
746 2268 818 2321 qui
839 2268 881 2308 in
902 2267 987 2313 illis
1008 2274 1111 2308 sunt
1130 2282 1138 2318 ;
1173 2281 1251 2320 per
1271 2271 1295 2287 ‘⁴
1309 2267 1485 2307 foveam
1499 2267 1517 2282 '’
1533 2266 1813 2320 significatur

319 2331 539 2371 infernum
578 2331 649 2371 ubi
693 2331 803 2371 talia
842 2330 1093 2372 scientifica
1135 2337 1314 2371 mortua
1350 2336 1559 2383 regnant,
1594 2330 1680 2370 hoc
1723 2336 1809 2378 est,

320 2393 568 2434 scientifica
595 2401 807 2448 separata
834 2408 860 2434 a
886 2395 1004 2435 veris
1031 2394 1134 2447 quia
1161 2393 1392 2447 applicata
1419 2394 1475 2433 ad
1503 2392 1814 2434 confirmanda

318 2456 431 2496 falsa
472 2456 704 2498 doctrinae
745 2464 791 2498 et
837 2457 960 2498 mala
998 2458 1150 2497 vitae:
1200 2471 1279 2510 per
1317 2456 1590 2497 “confossos
1628 2455 1813 2509 gladio”

319 2519 630 2571 significantur
656 2521 726 2561 hic
761 2526 808 2561 ut
841 2534 974 2573 supra
1000 2520 1063 2560 illi
1093 2520 1165 2573 qui
1193 2520 1396 2560 damnati
1423 2526 1526 2560 sunt
1553 2520 1609 2560 ad
1642 2519 1813 2560 inferna

320 2589 504 2635 propter
521 2583 655 2623 falsa:
685 2583 781 2623 “ibi
803 2583 988 2623 Aschur
1011 2589 1056 2623 et
1082 2589 1183 2623 tota
1206 2583 1506 2636 congregatio
1529 2582 1621 2635 ejus
1634 2582 1652 2597 ''
1671 2583 1811 2635 signi-

319 2646 424 2687 ficat
452 2647 824 2686 ratiocinationes
856 2660 914 2686 ex
941 2646 1028 2686 illis
1060 2646 1211 2686 falsis:
1256 2659 1334 2699 per
1363 2645 1671 2699 “sepulchra”
1697 2659 1811 2699 quae

321 2710 488 2749 circum
522 2708 779 2749 Aschurem
813 2715 858 2750 et
890 2710 934 2749 in
968 2709 1183 2749 lateribus
1215 2709 1384 2758 foveae,
1419 2709 1491 2749 ubi
1526 2708 1738 2757 “Elam,”
1763 2716 1810 2751 et

322 2775 520 2812 “omnes
547 2773 820 2824 praeputiati
852 2772 1047 2812 confossi
1079 2771 1272 2825 gladio‚‘'
1298 2771 1609 2825 significantur
1639 2772 1811 2813 inferna

319 2835 392 2875 ubi
415 2833 492 2874 illa
517 2834 629 2874 salsa
652 2841 772 2883 sunt,
794 2834 880 2875 hoc
908 2841 992 2883 est,
1021 2834 1085 2875 illi
1110 2835 1183 2888 qui
1209 2832 1253 2874 in
1281 2834 1446 2875 talibus
1471 2835 1606 2875 falsis.

403 2904 487 2959 [b.]
531 2904 778 2946 Sciendum
810 2911 880 2946 est
917 2883 1043 2959 quod
1069 2905 1183 2947 falsa
1213 2911 1259 2947 et
1296 2906 1417 2946 mala
1448 2907 1594 2947 omnis
1623 2906 1809 2959 generis
