1962 3334
321 253 335 282 1
344 251 425 296 752
730 250 1064 283 APOCALYPSIS
1096 249 1396 282 EXPLICATA.

313 376 447 417 quam
474 362 567 416 ejus
595 377 720 404 soror
734 363 754 379 '³
777 364 954 412 dicitur,
983 377 1083 405 cum
1112 364 1381 418 perverterit
1408 368 1454 404 et
1478 362 1804 404 adulteraverit

314 426 434 467 bona
449 426 588 467 Verbi
607 433 653 467 et
672 426 776 467 inde
795 425 1026 468 doctrinae
1045 441 1053 477 ;
1084 440 1188 467 nam
1212 426 1311 480 plus
1335 432 1495 479 peccat
1514 426 1587 479 qui
1610 439 1806 467 corrum-

313 489 379 542 pit
402 503 479 529 seu
502 490 720 542 pervertit
744 489 864 530 bona
886 488 1106 530 ecclesiae
1130 498 1262 542 quam
1287 487 1360 542 qui
1378 502 1483 529 vera
1506 488 1624 541 ejus:
1652 488 1805 529 “filios

314 552 534 593 Aschuris
566 552 798 592 adamavit
811 551 830 566 ’'
862 552 1087 605 significat
1126 566 1204 605 per
1241 551 1614 592 ratiocinationes
1646 557 1818 592 contrav

252 652 254 654 .
313 629 419 656 vera
441 621 486 656 et
510 615 629 655 bona
649 628 664 655 ;·
689 615 902 656 “addidit
926 629 1058 668 super
1080 616 1384 655 scortationes
1407 629 1524 663 suaS,
1543 627 1645 655 cum
1667 614 1804 654 vidis-

314 685 384 719 set
429 679 548 719 viros
597 676 742 731 pictos
791 692 924 731 super
968 679 1155 732 pariete,
1203 678 1425 730 imagines
1471 677 1804 719 Chaldaeorum

313 739 458 794 pictos
491 741 667 790 minio,”
700 740 925 794 significat
959 741 1224 794 phantasias
1262 754 1320 781 ex
1357 739 1545 781 fallaciis
1577 753 1802 788 sensuum,

313 819 428 858 quae
460 810 565 844 sunt
598 803 818 845 sensualis
850 803 1060 852 hominis,
1090 810 1136 844 et
1169 804 1335 844 exinde
1367 804 1803 856 argumentationes,

313 867 431 908 unde
454 866 815 907 falsificationes:
839 867 1036 920 “quibus
1061 866 1268 906 omnibus
1291 867 1465 919 species
1488 866 1665 914 ducum,
1683 867 1804 906 simi-

315 928 551 969 litudinem
575 929 767 970 filiorum
791 929 987 978 Babelis,
1013 928 1390 977 Chaldaeorum,”
1413 928 1637 981 significat
1664 942 1804 982 appa·-

313 993 507 1033 rentiam
533 993 648 1033 sicut
675 993 919 1033 veritatum
947 993 1302 1045 praecipuarum,
1327 1006 1441 1045 quae
1467 991 1647 1045 reliquis
1674 1006 1804 1045 prae-

313 1056 552 1096 ferendae:
585 1059 668 1096 “et
691 1062 913 1096 venerunt
937 1056 994 1096 ad
1021 1069 1121 1096 earn
1147 1054 1223 1096 filii
1251 1055 1446 1103 Babelis,
1472 1061 1518 1095 et
1545 1047 1804 1108 polluerunt

313 1132 413 1159 eam
436 1133 514 1172 per
531 1119 860 1159 scortationem
884 1118 1050 1166 suam,”
1066 1118 1292 1171 significat
1316 1116 1679 1170 conjunctionem
1703 1131 1803 1158 cum

313 1181 435 1222 falsis
462 1181 568 1222 mali
595 1195 654 1222 ex
678 1194 831 1222 amore
855 1182 945 1221 sui:
974 1180 1335 1234 “multiplicavit
1359 1182 1663 1221 scortationes
1686 1194 1802 1228 suaS,

313 1245 420 1285 dum
465 1244 704 1285 recordata
753 1250 823 1285 est
874 1244 1045 1284 dierum
1095 1243 1432 1284 adolescentiae
1479 1257 1599 1292 suae,
1638 1244 1805 1297 quibus

313 1314 516 1348 scortata
539 1314 608 1348 est
632 1309 675 1348 in
699 1314 820 1348 terra
843 1307 1092 1361 Aegypti,’'
1115 1306 1341 1360 significat
1365 1307 1484 1361 quod
1508 1306 1804 1348 confirmave—

312 1372 369 1412 rit
396 1370 682 1412 idololatrica
704 1385 796 1419 sua,
824 1377 870 1412 et
897 1370 1009 1411 salsa
1033 1370 1153 1418 mali,
1179 1385 1292 1424 quae
1318 1385 1378 1411 ex
1401 1370 1595 1411 naturali
1622 1370 1804 1411 homine

313 1434 549 1482 imbuerat,
578 1440 624 1475 et
657 1435 718 1475 sic
751 1433 990 1475 falsificata
1021 1447 1101 1474 sua
1132 1435 1336 1474 auxerit:
1379 1434 1647 1474 “adamavit
1672 1448 1806 1488 supra

313 1496 498 1550 pellices
537 1510 705 1546 eorum,
748 1511 802 1537 eo
840 1497 960 1550 quod
1000 1510 1104 1537 caro
1142 1497 1368 1537 asinorum
1407 1510 1512 1537 caro
1550 1510 1718 1545 eorum,
1758 1505 1804 1538 et

314 1559 539 1600 effluvium
566 1573 780 1614 equorum
809 1559 1034 1600 effluvium
1061 1559 1256 1608 eorum,”
1279 1559 1503 1612 significat
1530 1561 1805 1613 cupiditates

313 1623 477 1663 amoris
516 1637 623 1676 erga
665 1622 755 1672 illa,
796 1623 898 1676 quia
939 1637 998 1663 ex
1040 1623 1218 1676 proprio
1255 1622 1512 1663 voluntario
1549 1636 1718 1672 eorum,
1758 1630 1804 1664 et

313 1686 416 1727 inde
448 1700 507 1727 ex
540 1687 720 1740 proprio
752 1685 1079 1736 intellectuali;
1128 1690 1271 1727 “caro
1303 1686 1562 1727 asinorum”
1594 1693 1664 1727 est
1700 1701 1804 1740 pro—

313 1750 456 1802 prium
483 1749 803 1798 voluntarium,
832 1755 878 1790 et
908 1749 1172 1790 “effluvium
1200 1762 1415 1802 equorum
1430 1749 1449 1764 ''
1475 1755 1545 1790 est
1578 1750 1804 1803 proprium

313 1810 623 1853 intellectuale
649 1812 768 1861 inde,
793 1826 907 1866 quae
934 1818 1199 1866 pervertunt
1226 1813 1401 1852 omnia:
1445 1813 1546 1852 “ita
1572 1825 1804 1853 commen-

315 1875 433 1916 dasti
461 1875 606 1915 scelus
632 1875 965 1916 adolescentiae
988 1882 1104 1923 tuae,
1130 1888 1229 1915 cum
1257 1875 1425 1915 ornasti
1453 1874 1550 1928 [ex]
1579 1874 1799 1927 Aegypto

314 1950 534 1977 mammas
580 1938 718 1987 tuas‚’‘
759 1937 982 1990 significat
1020 1951 1225 1977 'amorem
1270 1937 1367 1977 falsi
1411 1937 1728 1989 implantatum
1773 1951 1800 1978 a

313 1997 455 2049 prima
496 2003 664 2045 aetate,
708 2003 753 2038 et
800 2011 859 2037 ex
905 1996 982 2037 illa
1023 1995 1404 2037 delectationem:
1457 1998 1801 2050 “quamobrem,

314 2058 525 2107 Oholiba,
551 2060 766 2100 excitabo
790 2061 984 2100 amasios
1011 2067 1114 2100 tuos
1141 2066 1301 2100 contra
1327 2066 1387 2108 te,
1412 2059 1526 2100 filios
1550 2060 1730 2101 Babelis
1757 2068 1803 2102 et

313 2135 470 2163 omnes
490 2122 761 2171 Chaldaeos,
782 2130 827 2164 et
847 2122 1062 2176 Assyrios
1085 2136 1185 2163 cum
1208 2122 1336 2171 illis,''
1354 2123 1578 2176 significat
1598 2124 1802 2165 destruc-

314 2186 487 2226 tionem
517 2185 737 2227 ecclesiae
770 2200 848 2239 per
880 2186 999 2226 mala
1031 2200 1089 2227 ex
1122 2199 1275 2226 amore
1307 2187 1386 2234 sui,
1415 2193 1461 2227 et
1493 2201 1572 2240 per
1601 2187 1713 2228 falsa
1743 2202 1803 2229 ex

312 2249 430 2290 fastu
468 2250 673 2302 propriae
708 2249 1056 2302 intelligentiae,
1096 2249 1254 2302 quibus
1288 2250 1616 2290 internecinum
1650 2251 1802 2291 odium

314 2312 431 2352 inest
459 2318 620 2352 contra
645 2312 764 2352 bona
796 2318 841 2352 et
869 2326 974 2352 vera
1000 2310 1257 2352 dofflinae:
1305 2311 1456 2352 “filios
1483 2318 1585 2353 tuos
1617 2319 1663 2354 et
1690 2313 1804 2354 filias

314 2381 415 2415 tuas
461 2376 643 2427 capient
663 2374 683 2390 ”
729 2374 954 2427 significat
1003 2388 1110 2415 vera
1158 2381 1204 2415 et
1254 2374 1373 2415 bona
1421 2375 1640 2416 ecclesiae
1689 2390 1803 2429 quae

313 2437 576 2478 destruent:
614 2441 698 2478 “et
725 2438 970 2490 posteritas
993 2444 1071 2478 tua
1094 2444 1384 2478 consumetur
1406 2452 1484 2491 per
1505 2439 1657 2491 ignem
1669 2438 1689 2454 ’'
1710 2440 1802 2492 sig-

315 2499 467 2541 nificat
495 2501 614 2553 quod
646 2500 816 2554 reliqua
847 2501 951 2541 inde
983 2501 1180 2554 peritura
1207 2501 1296 2541 sint
1329 2515 1408 2554 per
1438 2514 1614 2542 amores
1637 2507 1802 2542 terres-

314 2570 432 2604 tres:
484 2567 693 2604 “exuent
726 2564 808 2604 tibi
842 2569 994 2604 vestes
1026 2570 1142 2612 tuas,
1176 2569 1222 2604 et
1260 2570 1439 2604 sument
1471 2578 1579 2605 vasa
1617 2571 1803 2605 ornatus

313 2624 417 2673 tui,”
459 2624 684 2677 significat
730 2626 850 2679 quod
896 2626 1197 2679 deprivabunt
1243 2627 1365 2666 omni
1409 2626 1715 2680 intelligentia
1755 2633 1802 2668 et

313 2688 516 2736 scientia,
541 2702 654 2740 quae
678 2688 896 2729 ecclesiae
920 2689 1056 2729 decus
1077 2703 1086 2739 ;
1114 2690 1219 2729 “ita
1245 2702 1420 2730 cessare
1447 2689 1606 2730 faciam
1632 2690 1802 2730 facinus

313 2757 439 2791 tuum
465 2764 491 2790 a
517 2756 578 2799 te,
607 2757 652 2791 et
680 2752 1008 2792 scortationem
1036 2758 1161 2792 tuam
1188 2766 1211 2792 e
1242 2758 1362 2792 terra
1389 2751 1636 2805 Aegypti,'’
1662 2753 1801 2805 signi-

315 2813 421 2854 ficat
448 2814 567 2867 quod
600 2814 660 2853 sic
688 2813 910 2854 falsificari
935 2828 1040 2854 vera
1067 2828 1156 2854 non
1184 2815 1385 2867 possint:
1429 2818 1516 2854 “ut
1548 2827 1638 2855 non
1665 2814 1802 2855 tollas

312 2875 468 2917 oculos
491 2882 594 2917 tuos
621 2876 677 2917 ad
710 2876 825 2926 illos,
855 2883 901 2918 et
934 2876 1141 2930 Aegypti
1174 2890 1264 2918 non
1295 2877 1541 2918 recorderis
1567 2876 1802 2931 amplius‚’'
