1956 3328
665 302 772 335 CAP.
794 302 878 343 xx„
899 302 1039 335 VERS.
1066 294 1238 336 18.—N.
1259 293 1438 349 701[d].
1689 305 1795 348 1903

310 414 472 468 quibus
514 414 713 468 gavisuri
747 414 784 454 si
818 420 1067 468 praecepta
1099 421 1147 456 et
1168 421 1346 456 statuta
1378 415 1459 456 illa
1492 415 1794 462 custodirent.
1827 414 1832 416 ’

307 482 359 518 et
381 483 545 529 postea
569 476 692 516 mala
714 490 831 529 quae
860 490 996 530 super
1023 477 1128 518 illos
1150 484 1345 518 ventura
1373 483 1479 518 sunt
1509 478 1547 518 si
1576 491 1668 518 non
1693 491 1795 518 cus·

309 539 540 580 todirent:
583 539 664 579 sed
703 539 827 579 bona
859 539 1021 592 quibus
1055 540 1254 592 gavisuri
1288 547 1419 580 erant
1458 540 1639 581 fuerunt
1673 541 1795 582 bona

308 601 546 642 terrestria
569 607 617 642 et
641 601 888 649 mundana,
915 601 1127 642 similiter
1150 602 1286 651 mala,
1312 616 1373 642 ex
1402 616 1538 643 causa
1566 604 1671 656 quia
1701 610 1794 644 ter-

307 669 477 704 restres
506 670 554 704 et
583 663 816 704 naturales
841 664 1050 704 homines
1074 664 1269 712 fuerunt,
1295 671 1343 705 et
1373 678 1465 705 non
1496 665 1723 706 caelestes
1747 675 1795 707 et

306 725 592 779 spirituales;
632 733 679 767 et
712 726 818 766 inde
853 739 937 766 nec
967 727 1199 768 sciverunt
1228 727 1399 780 aliquid
1429 727 1487 768 de
1516 728 1648 768 bonis
1679 743 1795 782 quae

306 787 496 828 interius
533 787 735 829 afficiunt
774 788 1023 836 hominem,
1058 802 1142 830 nec
1182 789 1239 830 de
1278 789 1412 829 malis
1450 803 1567 843 quae
1604 791 1794 831 interius

307 849 517 902 affligunt
541 850 696 900 illum;
732 851 814 891 sed
843 864 984 904 usque
1008 857 1219 899 externa,
1245 865 1361 904 quae
1386 851 1630 893 observare
1660 859 1793 893 tene-

306 912 489 960 bantur,
514 919 646 953 erant
670 913 783 953 talia
809 927 926 966 quae
955 914 1078 954 intus
1108 914 1152 954 in
1182 927 1232 954 se
1256 915 1549 955 continerent
1573 915 1794 956 caelestia

306 979 355 1017 et
379 975 646 1027 spiritualia,
672 988 752 1028 per
780 989 897 1028 quae
926 975 1024 1028 ipsa
1049 975 1309 1028 conjunctio
1333 983 1406 1016 est
1435 989 1539 1017 cum
1564 976 1792 1028 Domino;

306 1042 356 1077 et
385 1038 490 1090 quia
517 1037 632 1078 haec
663 1038 1032 1091 percipiebantur
1060 1039 1105 1078 in
1135 1038 1281 1086 caelo,
1307 1039 1413 1079 ideo
1441 1046 1651 1087 externa,
1677 1054 1794 1094 quae

306 1099 592 1140 observaturi
630 1106 761 1140 erant
800 1100 877 1140 filii
915 1100 1113 1148 Israelis,
1148 1108 1374 1142 vocantur
1409 1101 1647 1142 “foedus'’
1716 1114 1794 1150 (Sed

305 1163 410 1200 qualis
422 1163 607 1201 conjunctio
621 1164 753 1192 Domini
768 1173 840 1193 cum
861 1164 931 1192 filiis
947 1165 1071 1193 Israelis
1085 1173 1143 1202 per
1159 1165 1213 1193 illa
1226 1165 1294 1198 fuit,
1309 1166 1455 1198 videatur
1469 1166 1500 1193 in
1519 1166 1674 1194 Doctrina
1686 1167 1795 1195 Novae

307 1215 551 1253 Hierosolyma,
574 1225 606 1246 n.
630 1219 714 1254 248.)
784 1205 957 1247 Similia
994 1220 1075 1259 per
1115 1206 1312 1247 “foedus
1326 1206 1347 1221 '’
1385 1207 1707 1261 intelliguntur
1747 1209 1790 1248 in

305 1269 605 1322 sequentibus
630 1269 742 1310 locis
758 1269 967 1323 z—Apud
989 1269 1160 1318 Mosen,

370 1354 499 1388 “Dixit
511 1355 674 1397 Jehovah
692 1355 739 1387 ad
758 1355 897 1393 Mosen,
914 1354 1034 1386 Scribe
1052 1354 1114 1386 tibi
1131 1355 1239 1386 verba
1255 1355 1354 1392 haec,
1371 1354 1454 1395 quia
1471 1364 1577 1395 super
1594 1364 1655 1386 ore
1671 1355 1796 1386 verbo·

477 1408 557 1430 rum
582 1399 711 1431 horum
736 1398 856 1440 pepigi
881 1405 998 1430 tecum
1021 1398 1150 1430 foedus
1175 1404 1213 1430 et
1238 1407 1319 1430 cum
1347 1397 1507 1429 Israele”
1530 1398 1653 1438 (Ea-od.
1676 1398 1795 1430 xxxiv.

476 1441 532 1480 27)
545 1451 554 1478 ;

301 1515 422 1569 apud
443 1515 655 1563 eundem,

349 1582 353 1584 ’
367 1585 583 1618 “Custodite
599 1587 709 1616 verba
724 1585 878 1616 foederis
893 1585 1011 1625 hujus,
1028 1591 1064 1616 et
1083 1584 1187 1616 facite
1207 1595 1275 1622 ea‚.
1290 1609 1297 1616 .
1310 1609 1320 1616 .
1333 1594 1414 1616 ,νος
1434 1591 1570 1616 stantes
1588 1585 1700 1616 hodie
1714 1584 1783 1622 hic,

479 1654 488 1661 .
502 1654 511 1660 .
523 1654 532 1660 .
545 1629 677 1669 .capita
699 1636 827 1665 vestra,
847 1629 959 1660 tribus
982 1636 1150 1663 vestrae..
1163 1653 1171 1659 .
1185 1628 1444 1659 .moderatores
1468 1629 1588 1664 vestri,
1607 1636 1643 1659 et
1666 1629 1785 1659 omnis

473 1673 529 1704 vir
546 1672 717 1708 Israelis..
731 1697 739 1703 .
753 1697 761 1704 .
774 1672 835 1703 ‚ad
854 1672 1109 1703 transeundum
1130 1672 1167 1702 in
1186 1671 1312 1702 foedus
1328 1671 1503 1712 Jehovae.
1518 1696 1526 1703 .
1539 1696 1564 1706 .,
1581 1678 1616 1702 et
1636 1672 1671 1702 in
1692 1672 1787 1711 jura-

474 1722 636 1747 mentum
667 1715 795 1755 Ipsius,
819 1715 913 1755 quod
936 1715 1099 1756 Jehovah
1125 1714 1436 1746 Deus..excidens
1463 1722 1578 1745 tecum
1607 1715 1724 1752 hodie,
1747 1722 1787 1746 ut

477 1759 671 1790 constituat
685 1766 721 1789 te
737 1759 858 1790 hodie.
873 1759 923 1790 ‚in
942 1758 1123 1798 populum,
1137 1765 1172 1789 et
1190 1757 1272 1798 Ipse
1287 1758 1334 1788 sit
1350 1758 1414 1788 tibi
1431 1759 1465 1788 in
1484 1757 1600 1789 Deum
1614 1768 1638 1792 :.
1653 1783 1661 1789 .
1674 1783 1682 1789 .
1696 1769 1783 1790 .non

476 1803 660 1833 vobiscum
673 1802 760 1833 solis
775 1802 901 1833 excido
916 1802 1043 1833 foedus
1058 1802 1125 1832 hoc
1142 1808 1178 1832 et
1189 1801 1446 1840 juramentum.
1460 1826 1484 1838 .,
1501 1802 1565 1832 sed
1580 1802 1688 1832 etiam
1705 1812 1785 1833 cum

473 1847 587 1930 temni.
601 1845 719 1886 ...qui
746 1855 819 1876 non
837 1845 903 1929 Jhic
926 1845 1108 1876 vobiscum
1136 1844 1270 1876 hodie’'
1293 1844 1428 1883 (Deutr.
1452 1844 1545 1877 xxix.
1570 1845 1600 1880 8.
1624 1855 1655 1885 9,
1682 1853 1787 1884 11-14

493 1889 535 1920 B.
548 1890 592 1920 Α.
609 1899 640 1929 9,
662 1897 712 1923 ιο.
732 1897 834 1926 12—15
855 1889 887 1927 );

300 1961 346 2004 in
368 1962 509 2004 Libro
530 1962 725 2004 Secundo
746 1962 932 2015 Regum,

378 2033 456 2066 Rex
474 2033 620 2075 Joschia
640 2033 774 2067 “misit,
794 2040 829 2064 et
848 2040 1112 2073 congregarunt
1131 2042 1170 2063 se
1188 2033 1234 2064 ad
1253 2042 1334 2064 eum
1354 2042 1481 2063 omnes
1500 2033 1662 2064 seniores
1680 2032 1786 2074 Jehu-

474 2077 541 2108 dae
560 2084 596 2107 et
613 2076 910 2117 Hierosolymae:
938 2084 974 2107 et
991 2077 1154 2107 ascendit
1172 2086 1234 2107 rex
1255 2076 1409 2107 Domum
1426 2076 1594 2117 Jehovae,
1614 2083 1649 2107 et
1668 2077 1786 2107 omnis

474 2121 530 2151 vir
555 2119 724 2162 Jehudae,
748 2127 783 2151 et
811 2129 938 2151 omnes
965 2120 1183 2150 habitatores
1214 2119 1490 2160 Hierosolymae
1517 2129 1596 2150 cum
1624 2129 1678 2157 eo,
1711 2127 1784 2151 tum

475 2164 678 2195 sacerdotes
696 2171 733 2194 et
750 2164 956 2203 prophetae.
975 2169 1011 2194 et
1034 2170 1131 2194 totus
1150 2163 1302 2203 populus
1321 2173 1343 2193 a
1362 2172 1472 2203 parvo
1490 2173 1602 2203 usque
1624 2164 1670 2194 ad
1690 2173 1786 2202 mag-

477 2216 561 2238 num
577 2217 586 2243 :
609 2214 645 2238 et
660 2207 746 2246 legit
763 2207 799 2237 in
816 2207 960 2237 auribus
974 2216 1096 2237 eorum
1109 2207 1231 2237 omnia
1243 2207 1352 2237 verba
1369 2206 1464 2237 Libri
1481 2206 1635 2237 foederis
1649 2207 1785 2237 inventi

473 2251 510 2281 in
532 2250 651 2282 Domo
670 2250 850 2291 jehovae:
878 2258 913 2280 et
936 2250 1035 2280 stetit
1058 2259 1121 2280 rex
1143 2250 1187 2280 ad
1212 2249 1426 2286 columnam,
1446 2256 1481 2280 et
1505 2250 1637 2289 pepigit
1658 2250 1786 2280 foedus

475 2303 595 2325 coram
618 2293 791 2335 Jehovah,
815 2294 860 2324 ad
888 2293 1043 2324 eundum
1071 2299 1153 2333 post
1176 2292 1361 2334 Jehovam,
1385 2300 1421 2324 et
1447 2293 1492 2323 ad
1516 2293 1785 2324 custodiendum

476 2344 665 2378 praecepta
679 2337 795 2377 Ipsius
813 2344 847 2367 et
864 2337 1069 2367 testimonia
1084 2335 1210 2376 Ipsius,
1224 2343 1259 2367 et
1275 2343 1409 2367 statuta
1422 2335 1550 2376 Ipsius,
1565 2337 1664 2366 omni
1680 2337 1786 2366 corde

476 2387 512 2412 et
527 2381 625 2411 omni
642 2381 771 2417 anima,
786 2380 831 2411 ad
848 2380 1098 2411 stabiliendum
1113 2380 1234 2410 omnia
1247 2380 1356 2410 verba
1371 2379 1526 2410 foederis
1538 2380 1644 2418 hujus
1658 2380 1787 2418 scripta

475 2434 583 2464 super
598 2424 689 2455 libro
705 2424 771 2454 hoc
787 2434 793 2455 :
818 2431 853 2454 et
870 2424 967 2454 stetit
984 2423 1101 2454 omnis
1117 2422 1269 2463 populus
1286 2423 1321 2453 in
1339 2422 1511 2454 foedere'’
1527 2423 1635 2462 (xxiii.
1653 2423 1748 2461 1-3);

300 2501 350 2537 et
373 2501 555 2548 praeter
578 2494 687 2535 alibi

375 2566 440 2606 (Ut
455 2567 581 2608 Jerem.
594 2566 678 2597 xxii.
692 2566 721 2602 8,
739 2575 760 2605 9
774 2575 781 2599 :
801 2575 875 2605 cap.
890 2565 1009 2596 xxxiii.
1023 2572 1129 2595 20—22
1143 2574 1151 2599 :
1171 2574 1247 2604 cap.
1260 2564 1281 2595 l.
1298 2572 1314 2602 5
1327 2575 1335 2595 ι
1355 2563 1475 2595 Ezech.
1490 2565 1559 2595 xvi.
1574 2564 1592 2594 8
1605 2574 1612 2594 t
1632 2563 1785 2593 Malach.

477 2610 512 2641 ii.
534 2618 594 2647 14:
618 2610 751 2640 Psalm.
772 2609 903 2640 lxxviii.
924 2616 987 2647 37:
1017 2608 1072 2639 Ps.
1092 2608 1114 2638 1.
1136 2616 1164 2646 5,
1187 2608 1248 2643 16:
1278 2607 1334 2638 Ps.
1354 2608 1421 2638 ciii.
1445 2615 1493 2645 17,
1516 2608 1577 2643 13;
1607 2606 1663 2637 Ps.
1683 2616 1735 2637 cv.
1755 2607 1784 2643 S,

477 2662 521 2693 9;
546 2652 603 2684 Ps.
619 2653 684 2684 cvi.
701 2661 742 2691 45
758 2662 766 2689 ;
793 2652 849 2683 Ps.
867 2653 930 2683 cxi.
950 2660 978 2690 5,
996 2661 1036 2691 9:
1060 2651 1182 2682 Deutr.
1199 2651 1281 2682 xvii.
1299 2659 1340 2682 2:
1369 2659 1383 2681 1
1404 2651 1483 2691 Reg.
1502 2650 1570 2681 xix.
1591 2653 1660 2688 14):

301 2744 347 2784 in
375 2743 536 2796 quibus
570 2742 681 2784 locis
710 2743 972 2783 nominatur
1004 2740 1242 2788 “foedus,”
1272 2747 1319 2781 et
1354 2754 1433 2793 per
1467 2740 1577 2780 illud
1613 2738 1782 2791 signifi-

302 2812 462 2846 cantur
477 2811 687 2853 externa,
706 2818 821 2858 quae
843 2804 919 2844 filii
938 2803 1120 2844 Israelis
1136 2803 1422 2843 observaturi
1444 2809 1589 2842 erant.
1647 2800 1782 2852 Quod

303 2873 458 2908 autem
486 2867 645 2908 foedus
674 2868 842 2908 attinet
875 2867 996 2920 quod
1032 2866 1255 2906 Dominus
1291 2866 1464 2918 pepigit
1501 2877 1601 2904 cum
1632 2864 1783 2903 Abra-

302 2929 453 2979 hamo,
486 2929 632 2979 Isaco,
662 2929 851 2982 jacobo,
892 2943 982 2970 non
1013 2928 1093 2968 fuit
1124 2929 1239 2968 sicut
1269 2927 1426 2968 foedus
1458 2927 1577 2979 quod
1609 2926 1783 2978 pepigit
