1962 3334
585 245 692 278 CAP.
714 198 796 285 in„
819 243 958 276 VERs.
983 244 1126 287 3.-Ν,
1148 233 1316 288 637[b].
1438 207 1443 213 ’
1588 233 1696 287 1639

209 357 377 400 malum
416 358 514 399 salsi
553 358 789 399 destruens
819 358 994 409 ,bonum
1035 352 1286 408 ecclesiae;
1328 370 1407 411 per
1442 355 1694 405 “terram,'’

208 434 342 475 quam
366 421 575 474 redigent
606 422 649 461 in
675 421 953 468 vastitatem,
982 419 1256 472 significatur
1281 419 1500 469 ecclesia;
1538 425 1583 459 et
1615 432 1695 471 per

209 483 417 532 “urbes,''
452 498 565 537 quae
601 483 903 530 destruentur,
941 482 1251 535 significantur
1291 496 1397 522 vera
1433 480 1692 531 doctrinam

207 559 287 600 per
310 547 581 599 “accingere
607 559 763 587 saccos
777 545 797 560 ”
814 543 1091 598 significatur
1113 544 1257 586 luctus
1280 552 1534 598 propterea,
1558 558 1693 598 quare

207 609 343 650 etiam
369 609 530 650 dicitur
557 609 803 662 “Plangite
828 615 875 649 et
900 607 1103 661 ejulate.'’
1163 607 1301 661 Apud
1328 607 1537 655 eundem,

273 705 392 737 “Filia
407 705 529 746 populi
546 705 626 743 mei,
639 705 742 746 cinge
759 711 794 736 te
811 715 925 743 sacco,
937 711 973 736 et
989 705 1095 736 volve
1115 711 1150 736 te
1167 705 1202 735 in
1220 705 1349 740 cinere.
1367 702 1500 736 luctum
1518 703 1692 744 unigeniti

379 748 446 823 {3:38
454 746 724 832 tilzkiplzagctum
741 748 1009 786 amaritudinis;
1034 748 1117 789 quia
1135 749 1253 779 subito
1273 748 1393 779 veniet
1412 754 1572 779 vastator
1587 757 1694 788 super

205 892 286 933 per
311 878 484 920 “filiam
516 879 668 934 populi
682 879 701 895 '’
726 879 993 932 intelligitur
1023 879 1241 930 ecclesia;
1283 892 1362 932 per
1394 880 1612 932 “cingere
1644 892 1692 919 se

206 955 340 983 sacco
366 949 412 984 et
443 942 624 983 volvere
656 956 703 983 se
735 943 780 983 in
815 943 963 983 cinere
979 942 999 957 ’'
1024 941 1301 996 significatur
1332 941 1477 983 luctus
1508 949 1694 995 propter

206 1005 490 1057 deperditum
512 1004 731 1046 ecclesiae
753 1006 920 1046 bonum
942 1012 988 1046 et
1010 1018 1164 1046 verum
1182 1019 1192 1055 ;
1225 1005 1417 1058 perditio
1438 1018 1592 1046 eorum
1614 1019 1692 1046 seu

204 1067 640 1114 vastatioecclesiae
666 1067 934 1120 intelligitur
959 1081 1037 1120 per
1058 1068 1179 1121 quod
1203 1067 1388 1108 “subito
1411 1068 1561 1108 veniet
1587 1081 1689 1108 vas·

205 1129 378 1171 tator:”
418 1130 539 1183 quod
575 1131 725 1183 gravis
756 1129 900 1171 luctus
936 1137 984 1171 et
1021 1130 1151 1171 dolor
1188 1137 1373 1183 propter
1408 1130 1692 1182 deperditum

204 1191 420 1233 ecclesiae
443 1193 610 1233 bonum
632 1199 679 1233 et
696 1206 850 1233 verum
876 1206 955 1246 per
975 1193 1194 1246 “cingere
1215 1207 1263 1233 se
1285 1206 1418 1234 sacco
1441 1199 1488 1233 et
1510 1192 1691 1233 volvere

206 1267 255 1295 se
286 1255 331 1295 in
361 1254 540 1295 cinere’'
565 1254 854 1307 significetur,
887 1261 1041 1308 patet;
1077 1266 1183 1296 nam
1214 1255 1432 1308 adjicitur,
1461 1253 1692 1296 “Luemm

205 1317 423 1370 unigeniti
448 1317 515 1358 sac
539 1318 634 1366 tibi,
657 1315 887 1370 planetum
910 1318 1257 1359 amaritudinis.''
1317 1318 1455 1371 Apud
1482 1318 1690 1366 eundern,

271 1413 293 1427 ‘⁴
305 1411 410 1452 Ejula
425 1411 649 1451 Cheschbon,
663 1413 746 1454 quia
759 1412 946 1445 devastata
961 1419 1016 1445 est
1033 1414 1078 1445 Ai
1093 1423 1100 1449 :
1124 1414 1284 1450 clamate.
1299 1414 1391 1445 filiae
1410 1414 1564 1452 Rabbae,
1578 1414 1694 1446 accin-

375 1456 447 1496 gite
466 1465 600 1493 saccos‚
617 1457 785 1497 plangite,
802 1463 838 1488 et
853 1458 1033 1497 vagamini
1054 1458 1147 1488 inter
1166 1458 1358 1493 macerias:
1382 1459 1465 1498 quia
1484 1467 1547 1489 rex
1563 1467 1687 1489 eorum

376 1499 413 1530 in
430 1499 574 1531 exilium
590 1500 711 1538 abivit,
729 1500 932 1532 sacerdotes
948 1500 1027 1541 ejus
1043 1507 1079 1532 et
1097 1501 1275 1541 principes
1292 1501 1398 1532 simul
1411 1501 1429 1512 ’¹
1446 1501 1541 1541 (xlix.
1560 1503 1613 1541 3):

203 1592 316 1633 haec
342 1591 399 1633 de
424 1593 522 1633 filiis
548 1593 805 1642 Ammonis,
829 1607 908 1647 per
932 1608 1044 1647 quos
1069 1594 1378 1647 significantur
1402 1596 1474 1649 qui
1501 1596 1545 1636 in
1571 1596 1691 1637 bono

206 1654 398 1695 naturali
430 1662 549 1703 sunt,
581 1663 627 1697 et
662 1656 899 1697 falsificant
935 1671 1040 1697 vera
1076 1658 1320 1707 ecclesiae;
1364 1658 1428 1698 illi
1464 1659 1538 1711 qui
1575 1658 1691 1699 tales

206 1723 312 1758 sunt
342 1717 387 1758 in
418 1717 609 1759 ecclesia
638 1719 952 1772 intelliguntur
983 1733 1061 1772 per
1088 1719 1237 1760 “filias
1270 1720 1510 1770 Rabbae;”
1546 1719 1691 1762 luctus

203 1786 390 1833 propter
420 1780 704 1833 deperditum
734 1795 889 1822 verum
926 1795 1004 1834 per
1041 1781 1377 1823 falsificationes
1414 1783 1692 1836 significatur

204 1855 284 1894 per
306 1842 588 1896 “Accingite
610 1857 780 1893 saccos,
801 1844 1017 1897 plangite,
1037 1846 1262 1898 vagamini
1284 1846 1402 1886 inter
1423 1848 1640 1887 macerias
1657 1847 1692 1897 ;‘'

206 1905 462 1945 “maceriae
475 1905 494 1919 ”
518 1905 773 1958 significant
797 1920 902 1947 vera
924 1906 1182 1947 falsificata:
1216 1909 1336 1961 quod
1362 1923 1516 1949 verum
1543 1910 1690 1950 eccle-

203 1967 294 2007 siae
320 1967 424 2008 inde
446 1968 640 2019 perierit,
665 1968 943 2020 significatur
967 1982 1046 2021 per
1069 1971 1210 2023 “quia
1235 1985 1316 2011 rex
1343 1985 1496 2012 eorum
1523 1973 1567 2012 in
1591 1973 1690 2013 exi-

203 2028 310 2069 lium
331 2029 470 2070 abivit
488 2029 522 2079 ;”
555 2034 675 2070 “rex
688 2030 707 2045 ’'
733 2031 956 2084 significat
982 2045 1135 2072 verum
1161 2033 1392 2082 ecclesiae,
1419 2041 1465 2075 et
1493 2036 1577 2076 “in
1604 2049 1688 2076 ex-

202 2090 326 2132 ilium
352 2092 472 2132 abire
485 2092 504 2107 '’
526 2092 750 2145 significat
774 2094 983 2146 deperdi:
1017 2095 1136 2147 quod
1162 2096 1299 2136 etiam
1325 2096 1444 2137 bona
1469 2097 1688 2139 ecclesiae

205 2160 254 2195 et
284 2154 391 2195 inde
422 2156 571 2195 omnia
598 2169 716 2203 vera,
749 2156 1023 2208 significatur
1054 2170 1132 2210 per
1162 2158 1282 2210 quod
1309 2160 1609 2201 “sacerdotes
1640 2167 1687 2202 et

203 2217 424 2270 principes
450 2217 579 2258 simul
598 2217 631 2268 ;”
670 2219 968 2259 “sacerdotes
981 2219 1000 2234 '’
1026 2219 1280 2272 significant
1311 2221 1430 2262 bona
1455 2222 1689 2274 ecclesiae,

203 2285 251 2320 et
273 2271 534 2333 “principes
545 2280 565 2295 '⁹
590 2294 698 2321 vera
723 2282 841 2322 inde.
902 2282 954 2322 In
986 2281 1189 2331 Tlcrenis,

269 2376 429 2407 “Sedent
445 2376 481 2407 in
502 2382 605 2414 terra,
622 2378 864 2409 conticescunt
881 2378 1041 2409 seniores
1064 2378 1155 2409 filiae
1171 2378 1303 2418 Zionis,
1320 2380 1511 2412 ascendere
1531 2381 1691 2414 fecerunt

377 2419 558 2460 pulverem
579 2430 686 2460 super
706 2428 810 2461 caput
830 2431 944 2459 suum,
962 2422 1148 2453 cinxerunt
1167 2432 1206 2453 se
1226 2423 1347 2461 saccis,
1365 2424 1580 2456 descendere
1599 2426 1690 2457 fece-

379 2469 462 2494 runt
478 2463 513 2494 in
531 2470 661 2495 terram
679 2471 799 2504 caput.
813 2465 987 2504 ,virgines
1007 2464 1283 2506 Hierosolymae
1295 2466 1314 2478 ’'
1331 2467 1379 2506 (ii.
1399 2468 1471 2507 10):

206 2550 399 2591 “sedere
430 2550 474 2591 in
505 2551 665 2599 terra‚”
693 2551 1078 2600 “conticescere,''
1106 2553 1388 2595 “ascendere
1414 2554 1558 2596 facere
1590 2556 1689 2609 pul-

204 2625 355 2653 verem
386 2626 517 2666 super
548 2614 722 2666 caput,’'
748 2621 794 2655 et
829 2615 1144 2656 “descendere
1169 2615 1314 2657 facere
1346 2618 1389 2657 in
1416 2625 1581 2659 terram
1614 2633 1689 2660 ca-

205 2674 323 2727 put,''
345 2681 474 2716 erant
499 2677 650 2716 omnia
675 2677 804 2730 signa
830 2679 1215 2729 repraesentativa
1240 2677 1384 2720 luctus
1410 2687 1456 2720 et
1483 2681 1688 2722 dolorum

205 2743 390 2789 propter
419 2744 646 2778 vastatam
678 2752 704 2779 a
739 2739 866 2779 malis
903 2746 948 2780 et
987 2739 1107 2780 falsis
1144 2741 1408 2782 ecclesiam:
1453 2745 1689 2784 “seniores

205 2796 319 2839 filiae
342 2799 521 2839 Zionis’'
542 2800 797 2853 significant
821 2802 1047 2854 sapientes
1069 2809 1115 2843 et
1140 2804 1448 2857 intelligentes
1474 2806 1518 2846 in
1541 2807 1687 2847 eccle-

205 2860 282 2910 sia,
305 2867 351 2902 et
378 2861 602 2904 abstracte
628 2865 894 2916 sapientiam
922 2871 966 2906 et
994 2866 1368 2920 intelligentiam;
1403 2869 1556 2910 “filiae
1583 2870 1687 2911 Zio-
