1962 3334
668 263 777 295 CAP.
799 263 884 303 XL,
905 262 1044 295 vans.
1071 262 1241 311 19.—N.
1262 251 1424 306 700[e].
1451 269 1454 271 ·
1680 253 1785 305 1885

303 376 471 418 similes
494 376 671 418 fuerunt
696 375 784 416 illis
809 375 944 416 hodie
969 375 1043 429 qui
1068 374 1204 416 fidem
1230 375 1389 422 solam,
1416 374 1504 415 hoc
1536 381 1623 422 est,
1649 374 1786 416 fidem

302 444 559 492 separatam
575 453 603 480 a
618 438 858 486 charitate,
876 437 1044 478 faciunt
1061 438 1305 478 essentiale
1323 437 1542 478 ecclesiae
1559 444 1606 478 et
1628 451 1785 478 essen-

301 501 411 542 tiale
446 501 632 541 salutis:
675 501 780 541 inde
818 507 916 541 erat
956 501 1078 553 quod
1112 501 1265 541 vocati
1302 501 1393 540 sint
1433 500 1786 553 “praeputiati,”

302 577 407 610 nam
427 567 453 583 ‘⁴
465 564 776 617 praeputiatus
786 562 807 577 ’⁷
827 563 1052 616 significat
1075 569 1315 616 expertem
1337 564 1503 603 amoris
1524 562 1785 616 spiritualis,

300 627 368 667 ita
391 626 524 676 boni;
555 633 603 667 et
623 627 727 680 quia
747 625 851 666 illos
872 627 991 666 intra
1011 625 1251 666 ecclesiam
1273 625 1542 673 referebant,
1565 626 1669 666 ideo
1694 638 1787 665 non

299 688 477 730 fuerunt
508 688 779 742 spirituales,
811 689 892 729 sed
921 701 1045 728 mere
1075 688 1333 737 naturales;
1376 701 1481 728 nam
1512 689 1586 741 qui
1617 688 1785 728 bonum

299 750 539 792 charitatis
562 757 609 792 et
635 751 757 792 vitae
787 750 914 791 nihili
941 751 1063 797 facit,
1090 751 1127 791 is
1158 749 1207 791 fit
1240 763 1362 791 mere
1387 750 1620 797 naturalis,
1646 751 1787 791 immo

301 813 536 861 sensualis,
573 819 621 854 et
657 827 749 853 non
784 819 908 854 amat
945 814 1029 853 nisi
1068 813 1324 862 mundana;
1370 826 1453 853 nec
1494 813 1644 866 aliqua
1680 827 1787 853 vera

302 882 457 930 potest
478 875 772 929 spiritualiter
791 875 1074 928 intelligere;
1106 889 1213 916 vera
1237 889 1352 928 quae
1374 875 1643 916 naturaliter
1663 876 1785 929 capit

299 938 373 979 vel
397 937 604 978 falsificat
629 938 702 978 vel
727 945 1029 991 conspurcat;
1065 939 1140 991 qui
1170 938 1289 978 tales
1320 944 1441 986 sunt,
1468 938 1786 991 intelliguntur

300 1001 346 1042 in
371 1000 527 1042 Verbo
551 1015 632 1054 per
658 1000 1038 1041 “Philisthaeos.”
1098 1001 1210 1041 Inde
1238 1008 1450 1042 constare
1481 1008 1636 1054 potest
1666 1002 1786 1043 unde

299 1070 398 1105 erat
428 1064 549 1117 quod
581 1063 845 1104 Philisthaei
875 1065 1015 1104 toties
1045 1065 1347 1117 pugnaverint
1378 1077 1481 1104 cum
1512 1063 1612 1104 filiis
1642 1064 1786 1105 Israe-

298 1125 367 1173 lis,
390 1133 438 1167 et
463 1127 584 1180 quod
609 1139 727 1166 nunc
748 1127 939 1167 vicerint
966 1126 1245 1173 Philisthaei,
1269 1134 1316 1167 et
1342 1140 1460 1167 nunc
1485 1126 1563 1167 filii
1589 1127 1783 1168 Israelis.

297 1187 520 1229 Vicerunt
561 1189 825 1230 Philisthaei
865 1189 1048 1242 quando
1091 1189 1168 1230 filii
1213 1189 1393 1230 Israelis
1432 1197 1717 1231 recesserunt
1756 1204 1785 1231 a

298 1252 486 1292 statutis
517 1258 565 1292 et
594 1253 864 1304 praeceptis,
892 1265 982 1292 non
1012 1252 1219 1292 faciendo
1244 1253 1350 1302 illa;
1393 1259 1439 1293 et
1471 1253 1676 1293 vicerunt
1706 1253 1783 1293 filii

299 1313 479 1354 Israelis
505 1314 686 1367 quando
710 1315 923 1360 vixerunt
948 1314 1198 1354 secundum
1222 1315 1326 1354 illa:
1358 1316 1510 1355 vivere
1535 1316 1784 1356 secundum

297 1383 543 1430 praecepta
567 1383 616 1417 et
642 1383 819 1417 statuta
839 1383 938 1417 erat
959 1377 1137 1417 illorum
1159 1377 1328 1418 bonum
1350 1379 1516 1418 amoris
1541 1385 1589 1419 et
1613 1378 1783 1419 bonum

295 1438 431 1479 vitae.
493 1437 628 1491 Quod
652 1438 730 1479 filii
755 1439 935 1479 Israelis
961 1453 1079 1479 nunc
1105 1438 1211 1480 victi
1236 1440 1399 1480 suerint
1424 1454 1451 1480 a
1477 1441 1782 1487 Philisthaeis,

297 1499 380 1540 suit
418 1513 554 1540 causa
589 1502 692 1554 quia
728 1508 1011 1542 recesserunt
1048 1516 1075 1542 a
1112 1502 1237 1542 cultu
1271 1502 1472 1554 Jehovae
1512 1503 1570 1543 ad
1610 1503 1783 1544 cultum

298 1561 488 1602 aliorum
518 1563 719 1612 deorum,
747 1571 794 1604 et
826 1565 1042 1617 imprimis
1073 1564 1131 1604 ad
1162 1564 1335 1605 cultum
1366 1564 1705 1613 Aschtharoth,
1732 1573 1783 1606 ut

298 1631 510 1665 constare
541 1632 696 1678 potest
727 1640 788 1666 ex
820 1626 969 1666 verbis
1000 1625 1223 1667 Samuelis
1253 1627 1311 1667 ad
1342 1627 1445 1667 illos
1479 1625 1519 1679 (1
1556 1626 1677 1667 Sam.
1708 1628 1782 1668 vii.

298 1685 372 1740 3);
412 1686 491 1727 illa
525 1701 661 1728 causa
696 1690 836 1728 etiam
872 1689 952 1729 suit
988 1689 1109 1742 quod
1145 1703 1251 1730 arca
1285 1703 1311 1730 a
1344 1689 1633 1730 Philisthaeis
1665 1703 1782 1731 nunc

297 1756 435 1802 capta
463 1750 609 1791 suerit.
669 1750 790 1791 Dum
826 1752 966 1792 scitur
1000 1752 1120 1805 quod
1157 1766 1236 1805 per
1267 1753 1571 1793 Philisthaeos
1601 1767 1783 1806 reprae-

298 1813 470 1852 sentati
504 1813 595 1853 sint
631 1819 678 1853 et
715 1814 819 1854 inde
855 1813 1099 1866 significati
1133 1815 1207 1867 qui
1248 1814 1375 1854 nihili
1409 1814 1578 1855 faciunt
1613 1815 1782 1856 bonum

296 1875 477 1923 amoris,
504 1874 740 1916 charitatis
764 1883 811 1916 et
836 1877 973 1922 vitae,
1001 1877 1102 1917 sciri
1127 1884 1282 1930 potest
1313 1890 1391 1917 cur
1421 1884 1607 1930 propter
1631 1892 1783 1920 arcam

290 1938 495 1989 ,percussi
519 1938 610 1978 sint
636 1938 1068 1987 haemorrhoidibus‚
1095 1953 1147 1980 ac
1178 1940 1283 1979 inde
1308 1940 1487 1986 mortui,
1515 1947 1612 1980 tum
1643 1942 1781 1982 etiam

293 2012 372 2039 cur
401 2013 549 2040 mures
580 2001 875 2041 devastarunt
913 2008 1080 2041 terram
1116 2015 1297 2051 eorum3
1342 2002 1783 2044 “haemorrhoides’'

294 2062 414 2102 enim
451 2062 708 2114 significant
744 2077 898 2104 verum
936 2071 1286 2117 conspurcatum
1322 2064 1443 2104 malo
1478 2065 1615 2112 vitae,
1648 2066 1783 2119 quale

293 2130 365 2165 est
386 2125 505 2177 apud
526 2125 628 2165 illos
649 2126 724 2179 qui
745 2126 915 2179 absque
935 2127 1057 2166 bono
1078 2133 1183 2167 sunt
1201 2141 1211 2176 ;
1244 2140 1348 2166 nam
1369 2129 1589 2180 “sanguis
1604 2128 1624 2142 ”
1641 2130 1781 2181 signi·

295 2185 401 2228 ficat
432 2201 601 2236 verum,
634 2195 680 2228 et
710 2190 895 2229 “sanies
926 2189 1353 2230 haemorrhoidum’‘
1379 2203 1533 2230 verum
1564 2204 1781 2244 conspur-

294 2255 462 2297 catum,
503 2257 550 2291 et
594 2255 734 2304 “pars
775 2252 1035 2304 posterior,”
1075 2252 1150 2292 ubi
1189 2252 1515 2300 haemorrhois,
1555 2254 1781 2306 significat

294 2325 496 2353 amorem
517 2314 785 2361 naturalem,
804 2315 892 2367 qui,
916 2315 1034 2367 apud
1057 2314 1160 2355 illos
1181 2316 1255 2367 qui
1277 2329 1367 2355 non
1386 2316 1641 2368 spirituales
1659 2325 1780 2363 sunt,

293 2380 364 2414 est
400 2387 527 2415 amor
562 2377 742 2426 mundi;
783 2390 835 2416 ac
870 2376 1088 2417 “mures’‘
1118 2377 1375 2430 significant
1412 2378 1524 2418 falsa
1560 2379 1781 2419 sensualis

292 2435 501 2485 hominis,
535 2439 609 2491 qui
640 2440 791 2479 omnia
822 2439 1055 2487 ecclesiae,
1088 2440 1204 2480 sicut
1236 2453 1384 2480 mures
1414 2454 1550 2493 agros
1582 2449 1627 2481 et
1661 2454 1779 2482 mes-

294 2511 381 2546 seS,
407 2507 454 2540 et
486 2514 663 2554 quoque
694 2501 818 2542 olera
848 2502 930 2541 sub
961 2509 1096 2547 terra,
1119 2503 1372 2555 depascunt
1404 2511 1451 2544 et
1477 2512 1779 2544 consumunt:

293 2560 379 2601 hae
405 2561 568 2614 plagae
593 2563 681 2604 illis
704 2564 895 2612 suerunt,
922 2566 1025 2617 quia
1050 2564 1168 2605 tales
1194 2564 1398 2615 suerunt;
1430 2567 1504 2619 qui
1530 2567 1650 2606 enim
1676 2567 1781 2606 abs-

293 2636 380 2676 que
414 2624 535 2665 bono
571 2633 691 2673 sunt,
729 2626 792 2667 illi
832 2641 936 2667 vera
973 2635 1292 2680 conspurcant,
1330 2635 1377 2668 et
1414 2642 1591 2682 quoque
1628 2631 1781 2669 omnia

292 2685 511 2726 ecclesiae
531 2686 790 2728 devastant.
853 2688 986 2741 Quod
1008 2690 1120 2730 haec
1147 2688 1265 2731 sacta
1290 2692 1379 2731 sint
1402 2699 1587 2744 propter
1611 2705 1777 2739 arcam,

294 2755 391 2788 erat
422 2749 524 2801 quia
556 2754 699 2790 “arca
712 2751 732 2765 ”
757 2751 1041 2804 significabat
1074 2752 1290 2793 Divinum
1322 2753 1491 2794 Verum
1523 2754 1642 2806 quod
1674 2768 1778 2807 pro·

293 2810 413 2851 cedit
439 2824 465 2851 a
491 2811 701 2861 Domino,
728 2821 775 2854 et
806 2815 853 2854 id
880 2828 970 2855 non
996 2816 1130 2856 datur
1154 2818 1396 2869 genuinum
1424 2818 1506 2857 nisi
1532 2817 1649 2870 apud
1676 2817 1778 2857 illos

292 2873 366 2926 qui
396 2874 440 2914 in
471 2874 591 2916 bono
621 2877 784 2917 amoris
815 2884 861 2918 et
898 2878 1001 2918 inde
1037 2879 1082 2918 in
1118 2878 1238 2919 bono
1270 2880 1390 2920 vitae
1422 2886 1558 2928 sunt;
1595 2886 1642 2920 et
1674 2892 1776 2920 cum
