1962 3334
284 274 388 335 ¹673
693 283 1026 318 APOCALYPSIS
1059 286 1357 318 EXPLICATA.

361 396 445 450 [b.]
489 396 735 438 Sciendum
762 406 831 438 est
858 398 978 451 quod
1010 399 1053 439 in
1076 399 1278 452 pluribus
1305 399 1417 440 locis
1449 412 1566 440 nunc
1594 400 1772 442 dicatur

279 458 495 499 “bestia‘’
523 465 569 499 et
602 473 718 500 nunc
750 459 918 508 “fera,”
944 467 990 501 et
1022 461 1143 514 quod
1176 475 1254 514 per
1284 461 1491 501 “feram''
1515 474 1605 502 non
1632 462 1770 503 intel-

277 520 445 574 ligatur
476 522 567 562 fera
598 523 642 562 in
676 536 731 563 eo
757 536 891 563 sensu
916 537 1004 577 quo
1030 530 1167 577 capta
1192 530 1261 564 est
1289 523 1390 564 idea
1417 524 1472 564 de
1495 524 1624 575 feris;
1665 538 1769 566 nam

279 584 440 625 “fera’'
458 586 501 625 in
527 585 738 626 Hebraea
761 585 914 638 lingua
937 586 1166 627 derivatur
1188 601 1247 627 ex
1270 601 1383 627 voce
1406 601 1521 640 quae
1545 587 1770 640 significat

275 649 444 698 vitam;
483 648 586 688 inde
619 662 699 701 pro
728 649 889 689 “fera’'
915 650 959 689 in
992 650 1261 702 quibusdam
1289 649 1400 690 locis
1433 651 1584 706 potius
1616 650 1770 691 dicen-

276 711 382 751 dum
409 717 478 752 est
502 711 704 759 anz'mal‚·
736 712 855 765 quod
883 713 1021 753 etiam
1050 719 1262 753 constare
1289 719 1443 766 potest
1471 727 1529 753 ex
1557 727 1626 762 eo,
1650 714 1770 767 quod

279 778 510 828 “quatuor
541 774 752 815 animalia
765 775 783 790 '¹
809 776 852 815 in
884 775 1043 828 quibus
1075 775 1259 816 cherubi
1286 777 1367 815 visi
1400 782 1519 824 sunt,
1548 790 1627 829 per
1658 790 1770 830 quos

277 837 557 890 significatur
584 838 748 878 Divina
774 839 1062 892 providentia
1089 845 1135 879 et
1163 839 1323 887 tutela,
1353 840 1470 892 apud
1496 838 1769 880 Ezechielem

280 900 397 954 (cap.
418 899 493 949 [¹¹i.,
519 900 585 954 x.)
615 902 906 942 nominentur
933 902 1087 942 “ferae
1107 902 1139 952 ;''
1178 903 1345 955 pariter
1370 902 1488 956 apud
1515 902 1769 950 Johannem

274 964 319 1003 in
356 963 644 1017 Apocalypsi,
685 964 758 1007 ubi
796 965 945 1017 agitur
981 965 1038 1005 de
1079 969 1308 1018 “quatuor
1344 965 1613 1006 animalibus
1650 966 1768 1007 circa

275 1026 530 1076 thronum,”
549 1042 628 1081 per
644 1042 758 1081 quae
777 1029 914 1068 etiam
934 1027 1251 1081 intelliguntur
1270 1028 1466 1069 cherubi.
1519 1028 1608 1070 Sed
1631 1043 1770 1083 usque

274 1090 318 1130 in
357 1090 512 1131 Verbo
558 1091 697 1144 probe
739 1091 1030 1144 distinguitur
1068 1092 1186 1131 inter
1219 1091 1457 1132 “bestias''
1489 1098 1535 1133 et
1565 1092 1770 1141 “feras;'’

275 1159 322 1194 et
354 1167 432 1207 per
461 1153 700 1194 “bestias'’
733 1153 1046 1206 significantur
1077 1152 1338 1194 affeffiones
1371 1155 1588 1195 naturalis
1620 1154 1766 1195 homi-

275 1217 344 1256 nis
375 1231 490 1270 quae
527 1223 632 1257 sunt
670 1216 762 1268 ejus
794 1216 1059 1264 voluntatis,
1094 1223 1140 1257 et
1178 1231 1256 1269 per
1291 1217 1475 1257 “feras”
1507 1215 1765 1258 affeetiones

277 1279 495 1320 naturalis
522 1280 717 1320 hominis
739 1293 853 1333 quae
880 1286 985 1319 sunt
1013 1279 1104 1331 ejus
1132 1278 1403 1320 intelle&us.
1467 1279 1584 1333 Quia
1608 1280 1768 1321 “fera''

274 1342 318 1382 in
343 1341 496 1395 lingua
521 1342 731 1383 Hebraea
754 1343 984 1383 derivatur
1006 1357 1065 1382 ex
1089 1356 1202 1383 voce
1225 1357 1338 1396 quae
1362 1343 1586 1396 significat
1609 1343 1765 1390 vitam.

274 1405 377 1446 ideo
410 1405 509 1446 Eva
545 1420 660 1446 uxor
691 1405 859 1445 Adami
897 1419 955 1445 ex
994 1405 1070 1445 illa
1102 1419 1214 1446 voce
1252 1406 1487 1446 nominata
1519 1412 1602 1446 est.
1667 1405 1767 1446 Hoc

274 1469 583 1521 praemittitur
605 1475 654 1509 ut
677 1470 844 1509 sciatur
865 1468 970 1521 quid
994 1482 1072 1521 per
1096 1468 1303 1509 “feram‘’
1327 1475 1373 1509 et
1396 1469 1500 1522 quid
1525 1483 1604 1522 per
1628 1469 1768 1509 “bes-

275 1532 386 1571 tiam
401 1532 419 1546 ”
446 1532 488 1572 in
517 1532 696 1585 proprio
723 1545 857 1571 sensu
884 1531 1175 1583 significatur.
1239 1530 1357 1583 Quid
1386 1531 1665 1584 significatur
1691 1545 1769 1585 per

274 1594 394 1648 quod
423 1594 665 1647 “Jehovah
693 1595 878 1634 emittet
905 1594 1055 1634 fontes
1088 1595 1131 1634 in
1160 1594 1331 1642 fluvios,
1361 1601 1409 1635 ut
1441 1595 1560 1635 inter
1588 1601 1768 1635 montes

274 1663 396 1705 eant,
418 1664 575 1710 potum
595 1658 814 1711 praebent
838 1658 960 1697 omni
983 1657 1103 1697 ferae
1127 1670 1354 1710 agrorum,
1374 1657 1588 1710 frangunt
1611 1659 1769 1711 onagri

274 1722 410 1768 sitim,
440 1720 573 1773 juxta
605 1720 708 1761 illos
745 1721 839 1761 avis
872 1720 1101 1761 caelorum
1134 1720 1353 1768 habitat,”
1386 1720 1666 1773 explicatum
1698 1728 1769 1762 est

274 1799 409 1838 supra
436 1786 674 1836 (nr483[a]):
712 1785 833 1838 quod
863 1784 1108 1837 “jehovah
1134 1785 1390 1837 germinare
1416 1784 1552 1825 faciat
1577 1798 1767 1837 gramen
1816 1820 1818 1823 .

274 1850 462 1899 bestiae,
488 1858 534 1891 et
562 1850 747 1891 herbam
775 1851 818 1890 in
846 1850 1142 1890 ministerium
1166 1849 1374 1898 hominis,
1400 1850 1456 1889 ad
1484 1850 1768 1891 educendum

274 1927 438 1966 panem
476 1927 499 1954 e
541 1913 701 1961 terra,‘’
740 1912 966 1965 significat
1007 1910 1349 1952 instruftionem
1388 1918 1433 1952 et
1475 1913 1767 1954 nutritionem

275 1977 493 2017 naturalis
516 1983 562 2017 et
585 1977 829 2030 spiritualis
853 1976 1048 2016 hominis
1075 1989 1153 2028 per
1179 1989 1285 2016 vera
1311 1989 1369 2015 ex
1395 1975 1565 2024 Verbo,
1590 1982 1638 2016 ut
1665 1977 1768 2018 inde

274 2041 443 2080 bonum
481 2040 646 2080 amoris
684 2046 730 2080 et
768 2038 1031 2089 charitatis;
1077 2052 1154 2091 per
1195 2042 1420 2091 “gramen
1435 2038 1454 2052 '’
1491 2037 1770 2091 significatur

273 2114 431 2142 verum
459 2100 680 2141 naturalis
703 2100 914 2148 hominis,
935 2099 1057 2153 quod
1081 2106 1151 2139 est
1174 2112 1330 2139 verum
1347 2099 1646 2140 scientificum
1670 2110 1770 2149 (vide-

273 2180 345 2204 atur
363 2184 469 2212 supra,
490 2184 520 2204 n.
546 2173 672 2216 507);
714 2177 794 2216 per
832 2162 1101 2203 “bestiam‘’
1141 2161 1423 2214 significatur
1459 2161 1638 2203 affeetio
1674 2163 1768 2215 ejus

275 2243 388 2283 quae
426 2229 523 2269 vult
561 2229 718 2269 instrui
757 2234 803 2268 et
842 2227 1136 2280 spiritualiter
1171 2227 1353 2276 nutriri;
1399 2240 1477 2279 per
1512 2226 1769 2268 “herbam''

274 2291 555 2345 significatur
581 2304 735 2332 verum
764 2290 1007 2344 spiritualis
1034 2290 1242 2338 hominis,
1268 2303 1347 2342 per
1376 2289 1675 2330 “hominem'’
1701 2291 1768 2330 in-

275 2355 534 2408 telligentia
560 2355 677 2403 inde,
703 2360 749 2395 et
777 2367 856 2407 per
885 2352 1118 2406 “panem”
1142 2351 1422 2405 significatur
1445 2352 1613 2392 bonum
1640 2366 1767 2393 amo-

274 2419 333 2459 ris
360 2425 406 2458 et
434 2418 687 2466 charitatis,
717 2417 837 2471 quod
871 2416 1069 2456 nutritur
1095 2429 1173 2468 per
1199 2428 1332 2455 vera:
1366 2416 1468 2468 quia
1495 2429 1574 2468 per
1599 2418 1767 2456 “tene-

274 2482 378 2522 bras
391 2481 410 2496 ”
437 2488 483 2522 et
511 2495 589 2535 per
618 2485 643 2501 “
660 2479 874 2521 noGtem‘’
897 2478 1177 2532 significatur
1202 2477 1353 2518 lumen
1378 2477 1594 2518 naturalis
1622 2478 1767 2519 homi—

275 2545 358 2593 nis,
398 2544 518 2598 quod
555 2541 806 2596 respe6tive
844 2548 914 2583 est
952 2542 1067 2582 sicut
1108 2555 1201 2581 nox
1239 2541 1296 2580 ad
1336 2540 1481 2581 lucem
1525 2541 1768 2594 spiritualis

275 2607 487 2654 hominis,
527 2620 606 2659 per
640 2606 816 2646 “feram
859 2605 1031 2645 silvae'‘
1069 2602 1246 2645 affe<ffio
1284 2603 1650 2651 scientificorum,
1690 2618 1768 2657 per

278 2675 441 2711 “mare
483 2683 699 2722 magnum
742 2675 788 2709 et
828 2668 971 2709 latum
1012 2666 1201 2721 spatiis''
1239 2667 1384 2720 ipsum
1426 2666 1647 2714 naturale,
1691 2681 1769 2720 per

278 2733 477 2787 “reptile
510 2734 579 2773 cui
611 2746 702 2772 non
735 2731 980 2772 numerus‘'
1006 2729 1302 2775 scientificum
1329 2729 1401 2777 ibi,
1431 2736 1476 2770 et
1510 2743 1588 2782 per
1616 2729 1768 2770 “seras

276 2811 438 2852 parvas
472 2803 518 2837 et
551 2795 772 2848 magnas''
805 2795 954 2835 variae
987 2792 1262 2841 affeffiones,
1298 2799 1427 2845 patet
1461 2792 1565 2846 quid
1598 2791 1766 2844 signifi-

276 2867 405 2901 catur
437 2874 515 2913 per
549 2859 806 2911 “Disponis
839 2858 1052 2898 tenebras
1086 2863 1134 2897 ut
1171 2855 1248 2896 fiat
1282 2869 1389 2904 nox,
1424 2856 1467 2895 in
1500 2869 1586 2908 qua
1618 2855 1767 2908 prodit

277 2925 422 2964 omnis
445 2923 535 2964 fera
555 2922 720 2973 silvae;
756 2935 878 2962 mare
897 2934 1113 2973 magnum
1137 2926 1182 2960 et
1207 2919 1349 2959 latum
1369 2919 1552 2972 spatiis;
1586 2918 1643 2958 ibi
1666 2931 1766 2971 rep-
