1962 3334
269 264 376 318 1676
680 274 1014 308 APOCALYPSIS
1047 276 1347 308 EXPLICATA.

263 401 390 430 amor
413 389 477 429 sui
501 390 617 430 sicut
642 390 773 442 ignis,
801 390 873 443 qui
901 390 944 430 id
969 389 1119 431 lumen
1143 391 1380 441 accendit;
1416 390 1519 430 inde
1543 395 1612 430 est
1638 388 1757 443 quod

262 453 498 506 ingeniose
525 453 701 506 possint
730 454 934 505 cogitare
967 460 1013 494 et
1046 454 1305 494 ratiocinari
1338 460 1499 494 contra
1527 453 1755 498 Divinum,

262 522 310 556 et
337 522 498 556 contra
525 517 677 556 omnia
703 516 817 556 caeli
844 522 891 556 et
919 516 1153 557 ecclesiae.
1218 515 1502 569 Quandoque
1530 515 1757 569 stupefac-

261 586 335 619 tus
372 592 470 620 sum
508 579 690 633 quando
728 580 878 619 audivi
916 579 1043 627 tales,
1089 580 1280 620 credens
1318 580 1437 632 quod
1475 579 1613 619 etiam
1652 593 1758 632 prae

261 641 358 682 aliis
377 643 635 696 potuissent
655 642 819 683 adduci
842 642 899 682 ad
926 641 1231 694 recipiendum
1255 641 1417 691 fidem;
1451 642 1530 682 sed
1554 641 1757 682 animad-

259 706 376 746 verti
399 705 519 759 quod
547 705 632 746 hoc
660 705 936 758 impossibile
964 711 1113 755 esset;
1148 718 1251 745 nam
1279 711 1499 758 quantum
1523 718 1754 757 corporea,

261 768 489 809 mundana
517 774 562 809 et
591 767 813 808 naturalia
843 769 886 808 in
915 767 1012 808 luce
1040 768 1232 815 fuerunt,
1262 775 1443 808 tantum
1471 766 1558 808 illis
1585 766 1757 808 caeles-

260 831 324 871 tia
350 837 396 872 et
424 830 675 884 spiritualia
702 831 745 870 in
773 830 967 883 caligine
990 831 1167 871 fuerunt
1189 845 1196 879 ;
1230 831 1380 883 caligo
1406 831 1501 870 visa
1527 836 1613 878 est,
1638 830 1758 883 quod

259 907 441 947 prorsus
467 893 591 934 furva
618 906 719 934 cum
746 894 959 934 immixto
983 895 1119 946 igneo
1146 901 1295 934 esset:
1332 893 1417 934 hoc
1446 892 1590 933 multa
1616 906 1758 946 expe-

259 957 422 997 rientia
447 957 694 1010 potuissem
721 955 1000 1004 confirmare,
1028 957 1062 996 si
1091 955 1216 996 locus
1244 957 1358 996 foret
1382 955 1673 1009 exspatiandi
1699 955 1757 996 ad

259 1020 580 1072 experientias.
643 1019 790 1059 Amor
823 1020 888 1059 sui
921 1026 991 1059 est
1024 1020 1097 1072 qui
1130 1020 1172 1059 in
1206 1020 1356 1072 specie
1389 1019 1459 1059 hic
1488 1018 1759 1071 intelligitur

259 1096 339 1136 per
367 1082 605 1123 “bestiam
632 1082 959 1123 ascendentem
992 1097 1050 1122 ex
1078 1082 1287 1134 abysso‚'’
1314 1096 1428 1135 quae
1454 1081 1623 1122 bellum
1657 1094 1757 1121 cum

259 1146 374 1186 binis
407 1146 601 1187 testibus
633 1146 754 1193 fecit,
789 1151 834 1186 et
867 1145 970 1186 illos
1003 1146 1184 1186 occidit.
1249 1144 1383 1198 Quod
1419 1144 1634 1186 “bestia''
1666 1144 1756 1197 sig-

260 1208 414 1250 nificet
441 1222 643 1249 amorem
671 1223 748 1249 seu
775 1207 1061 1249 affectionem
1090 1208 1530 1253 naturalishominis
1557 1209 1601 1248 in
1634 1215 1758 1248 utro-

259 1286 345 1326 que
372 1286 521 1319 sensu,
547 1278 760 1312 constare
788 1279 944 1325 potest
971 1286 996 1312 a
1024 1271 1259 1325 permultis
1287 1271 1399 1312 locis
1426 1273 1469 1311 in
1497 1271 1677 1312 Verbo:
1713 1277 1758 1312 et

259 1336 362 1389 quia
385 1333 604 1375 hactenus
628 1336 836 1388 ignotum
863 1335 959 1382 fuit,
981 1342 1027 1375 et
1055 1336 1170 1375 sicut
1195 1334 1393 1375 alienum
1412 1327 1617 1388 apparet,
1638 1334 1758 1387 quod

263 1398 510 1438 “bestiae”
537 1411 740 1438 amorem
775 1411 852 1438 seu
880 1396 1164 1438 affectionem
1193 1397 1412 1438 naturalis
1439 1397 1635 1437 hominis
1667 1397 1757 1450 sig-

263 1460 462 1510 nificent,
493 1474 730 1502 necessum
764 1468 834 1501 est
867 1467 915 1501 ut
950 1461 992 1500 id
1021 1459 1313 1501 confirmetur
1339 1474 1363 1501 e
1390 1460 1559 1501 Verbo.
1624 1459 1758 1512 Quod

258 1522 519 1565 affeffiones
552 1524 782 1564 naturales
815 1537 893 1576 per
929 1524 1135 1564 “bestias
1152 1523 1170 1539 ’'
1198 1522 1523 1576 significentur,
1554 1529 1624 1563 est
1657 1523 1758 1576 quia

259 1587 364 1629 illae
392 1585 655 1628 affectiones
688 1593 794 1627 sunt
827 1601 1009 1640 prorsus
1042 1586 1210 1627 similes
1244 1585 1555 1627 affectionibus
1587 1586 1757 1626 bestia-

258 1665 370 1699 rum,
396 1657 442 1692 et
469 1650 573 1691 inde
597 1651 737 1691 homo
760 1648 872 1704 [¹]qui
899 1664 989 1691 non
1018 1664 1096 1704 per
1118 1651 1238 1690 bona
1261 1656 1307 1691 et
1330 1664 1438 1691 vera
1461 1650 1575 1691 caeli
1599 1650 1758 1690 imbuit

258 1713 522 1755 affectiones
554 1713 824 1767 spirituales,
860 1727 1017 1767 parum
1051 1727 1077 1754 a
1109 1713 1266 1754 bestiis
1299 1712 1460 1753 differt.
1524 1712 1642 1754 Nam
1674 1712 1757 1753 ho-

258 1778 366 1818 mini
412 1791 518 1831 prae
564 1777 722 1817 bestiis
769 1777 1062 1830 superaddita
1108 1783 1178 1817 est
1224 1776 1419 1816 facultas
1465 1775 1759 1830 spiritualiter

258 1841 493 1895 cogitandi
526 1847 572 1881 et
610 1840 713 1881 inde
746 1840 945 1888 volendi,
981 1855 1040 1881 ex
1079 1854 1167 1893 qua
1204 1840 1458 1881 eminenter
1495 1845 1650 1892 potest
1689 1853 1758 1880 res

258 1902 513 1945 abstractas
532 1904 684 1944 videre
709 1910 754 1944 et
778 1905 1011 1957 percipere
1031 1918 1039 1954 ;
1074 1910 1120 1944 et
1144 1904 1180 1943 si
1203 1902 1449 1956 spiritualis
1471 1902 1548 1943 illa
1566 1901 1758 1942 facultas

258 1981 350 2008 non
382 1966 636 2008 vivificatur
670 1980 750 2020 per
782 1967 1073 2019 cognitiones
1105 1967 1199 2007 veri
1233 1973 1278 2007 et
1311 1966 1432 2014 boni,
1466 1972 1512 2006 et
1545 1965 1647 2005 dein
1681 1978 1760 2018 per

258 2030 393 2071 fidem
432 2036 478 2071 et
517 2030 660 2070 vitam
699 2029 817 2078 fidei,
853 2043 943 2070 non
985 2029 1144 2070 melior
1181 2029 1338 2070 bestiis
1373 2024 1575 2077 estffnisi
1613 2027 1757 2068 solum

259 2094 379 2148 quod
412 2108 471 2134 ex
503 2092 724 2133 facultate
758 2092 835 2133 illa
868 2093 1096 2146 superiore
1129 2093 1273 2145 possit
1307 2092 1512 2144 cogitare
1545 2098 1590 2132 et
1623 2091 1756 2144 loqui.

261 2156 491 2210 Quoniam
531 2154 793 2196 affectiones
833 2155 1053 2196 naturalis
1095 2155 1290 2195 hominis
1333 2153 1645 2207 significantur
1682 2168 1760 2207 per

262 2219 510 2268 “bestia5‚'’
538 2219 640 2259 ideo
673 2217 935 2259 affectiones
967 2218 1086 2267 illae,
1121 2232 1222 2259 cum
1255 2219 1299 2258 in
1334 2218 1504 2258 mundo
1537 2217 1758 2271 spirituali

259 2284 481 2324 sistuntur
518 2282 743 2322 videndae
781 2282 824 2322 in
868 2282 1010 2322 forma
1049 2281 1309 2321 animalium
1349 2281 1496 2328 simili,
1536 2286 1757 2333 apparent

259 2359 440 2399 prorsus
473 2346 588 2386 sicut
620 2345 791 2385 formae
823 2345 1046 2384 variarum
1078 2345 1355 2395 bestiarum3
1400 2349 1448 2384 ut
1487 2343 1603 2383 sicut
1635 2343 1756 2395 agni,

259 2423 382 2457 oves,
412 2422 591 2462 caprae,
620 2408 769 2456 haedi,
799 2408 923 2456 hirci,
948 2408 1143 2460 juvenci,
1173 2408 1327 2456 boves,
1357 2420 1538 2454 vaccae,
1567 2412 1613 2446 et
1645 2419 1756 2459 quo-

259 2486 345 2527 que
373 2473 488 2516 sicut
516 2471 694 2520 cameli,
723 2472 839 2524 equi,
868 2471 992 2519 muli,
1021 2472 1147 2519 asini,
1177 2477 1225 2511 ut
1253 2477 1299 2511 et
1327 2471 1441 2510 sicut
1469 2470 1571 2518 ursi,
1601 2470 1755 2521 tigres,

259 2536 477 2589 leopardi,
519 2535 689 2583 leones,
730 2541 826 2575 turn
869 2535 986 2575 sicut
1029 2548 1164 2575 canes
1205 2540 1251 2575 et
1293 2539 1528 2586 serpentes
1565 2532 1756 2586 plurium

260 2612 504 2652 generum:
550 2599 630 2639 sed
667 2598 778 2639 talia
821 2604 925 2638 sunt
968 2598 1106 2638 modo
1143 2597 1438 2651 apparentiae
1470 2594 1757 2636 affectionum

259 2676 374 2716 quae
406 2662 523 2715 apud
558 2662 765 2715 spiritus;
805 2675 919 2715 quae
952 2674 1053 2702 cum
1086 2667 1322 2714 apparent,
1357 2661 1496 2700 etiam
1529 2659 1668 2699 scitur
1697 2658 1757 2699 ibi

260 2738 351 2765 non
379 2725 526 2765 solum
553 2725 673 2778 quod
700 2725 805 2765 inde
838 2725 942 2772 sint,
972 2724 1052 2764 sed
1080 2725 1219 2764 etiarn
1246 2737 1272 2763 a
1297 2723 1483 2776 quibus;
1525 2735 1679 2762 verum
1707 2727 1756 2762 ut

260 2789 452 2841 primum
485 2786 747 2828 affectiones
779 2788 897 2841 apud
931 2787 1032 2828 illos
1065 2793 1262 2834 cessant,
1291 2787 1429 2827 etiam
1462 2785 1755 2839 apparentiae

261 2851 366 2892 illae
400 2857 594 2892 cessant.
658 2851 732 2891 Ex
775 2851 844 2891 his
887 2865 1064 2905 quoque
1097 2856 1309 2891 constare
1342 2855 1495 2903 potest
1529 2849 1646 2889 unde
1685 2854 1754 2888 est

260 2915 379 2969 quod
404 2915 542 2956 toties
566 2915 857 2956 nominentur
882 2915 1093 2956 “bestiae
1106 2914 1124 2929 ''
1147 2914 1191 2954 in
1214 2913 1382 2954 Verbo.
1444 2911 1532 2954 Sed
1560 2912 1617 2953 ad
1645 2924 1754 2952 con-
