1962 3334
243 275 351 318 1710
652 273 988 306 APOCALYPSIS
1019 274 1320 306 EXPLICATA.

235 393 366 429 sunt:
401 386 579 428 illorum
602 385 801 428 defectus
826 386 1049 441 plenarius
1068 386 1346 441 significatur
1369 401 1448 440 per
1469 386 1590 441 quod
1611 386 1729 428 “de-

235 450 440 491 fecerunt
467 451 511 491 in
538 450 700 503 plateis
728 450 861 499 urbis,
887 457 934 491 et
959 451 1003 491 in
1030 451 1179 503 capite
1203 452 1402 491 omnium
1429 450 1680 504 platearum
1698 450 1732 491 :”

235 513 398 554 dicitur
432 517 553 566 “per
583 513 788 562 famem,'’
819 514 922 566 quia
956 513 1164 554 “fames''
1197 512 1421 566 significat
1454 513 1730 566 deprivatio-

235 590 353 625 nem,
383 575 621 625 defectum,
646 577 950 629 ignorantiam
977 583 1023 617 et
1050 576 1181 616 simul
1208 576 1479 616 desiderium
1506 576 1731 629 cognitio-

237 651 345 678 num
372 648 532 686 (videatur
543 658 649 686 supra,
665 658 695 678 n.
715 637 826 690 386).
885 638 1026 691 Apud
1052 637 1251 685 Nahum,

301 732 494 765 “Infantes
512 733 591 774 ejus
608 733 700 764 allisi
718 739 802 765 sunt
818 733 863 764 ad
880 739 985 773 caput
1006 733 1166 764 omnium
1182 732 1391 772 platearum,
1404 738 1438 763 et
1455 741 1563 772 super
1578 731 1734 763 honora-

410 783 466 808 tos
481 777 559 817 ejus
576 777 737 817 jecerunt
757 783 900 814 sortem,
915 783 950 808 et
967 786 1093 807 omnes
1111 782 1299 816 magnates
1317 776 1394 816 ejus
1412 774 1523 807 vincti
1540 781 1624 807 sunt
1641 782 1734 807 cate-

410 820 495 852 nis”
513 821 574 860 (iii.
595 822 667 861 10):

236 919 316 959 per
349 905 615 947 “infantes'’
647 907 783 947 etiam
816 906 886 947 hic
919 905 1236 958 intelliguntur
1267 919 1373 946 vera
1404 906 1596 959 primum
1628 920 1731 947 nas-

235 970 388 1010 centia
419 976 465 1011 et
496 969 734 1017 vivificata,
769 976 815 1010 et
848 983 926 1022 per
954 969 1115 1010 “allidi
1147 969 1203 1010 ad
1236 975 1371 1022 caput
1403 970 1602 1010 omnium
1635 970 1732 1023 pla·

239 1039 414 1073 tearum
428 1032 447 1048 ”
473 1032 751 1086 significatur
783 1033 981 1086 dispergi
1013 1039 1059 1073 et
1092 1033 1262 1085 perire;
1296 1046 1375 1085 per
1409 1033 1697 1074 “honoratos
1711 1033 1729 1047 ''

237 1095 548 1149 significantur
574 1096 694 1137 bona
716 1097 907 1146 amoris;
941 1110 1019 1149 per
1044 1095 1228 1148 “jacere
1255 1103 1424 1136 sortem
1448 1102 1580 1149 super
1601 1096 1702 1137 illos
1714 1095 1733 1111 ”

236 1158 516 1213 significatur
552 1160 782 1212 dissipari:
827 1173 905 1212 per
939 1158 1248 1212 “magnates”
1281 1158 1592 1211 significantur
1627 1172 1734 1199 vera

235 1222 368 1273 boni;
398 1229 444 1262 et
467 1236 545 1276 per
565 1223 757 1263 “vinciri
788 1222 992 1263 catenis''
1019 1221 1298 1275 significatur
1325 1222 1452 1275 ligari
1479 1236 1505 1262 a
1535 1221 1657 1262 salsis
1683 1228 1732 1262 ut

233 1300 341 1326 vera
367 1299 457 1326 non
485 1286 662 1338 prodire
689 1286 890 1338 possint:
924 1285 1035 1326 haec
1064 1285 1119 1325 de
1149 1285 1296 1325 “urbe
1323 1284 1631 1337 sanguinum‚‘'
1655 1297 1733 1337 per

235 1362 370 1403 quam
411 1348 688 1401 significatur
729 1347 934 1389 doctrina
970 1349 1015 1388 in
1055 1362 1144 1401 qua
1179 1362 1286 1388 vera
1318 1347 1458 1388 Verbi
1499 1346 1733 1388 falsificata

235 1418 353 1453 sunt.
414 1411 553 1464 Apud
579 1411 840 1460 Jeremz'am,

302 1501 506 1533 “Ascendit
526 1511 624 1532 mors
649 1511 712 1541 per
736 1501 913 1532 fenestras
939 1507 1093 1539 nostras,
1112 1501 1210 1532 venit
1236 1500 1271 1531 in
1292 1500 1425 1540 palatia
1449 1506 1582 1538 nostra,
1603 1499 1648 1531 ad
1672 1509 1733 1530 ex-

411 1545 646 1576 scindendum
661 1545 838 1576 infantem
856 1555 875 1576 e
893 1545 1021 1585 platea,
1035 1545 1186 1585 juvenes
1204 1555 1223 1576 e
1240 1545 1326 1575 vicis
1339 1544 1357 1556 '¹
1372 1544 1429 1584 (ix.
1445 1551 1488 1575 20
1503 1542 1563 1585 [B.
1579 1544 1624 1575 A.
1639 1541 1731 1584 21]):

239 1651 318 1692 per
343 1642 367 1658 “
382 1637 607 1679 mortem’'
629 1638 699 1678 hic
724 1637 993 1691 intelligitur
1016 1651 1136 1678 mors
1159 1636 1415 1690 spiritualis,
1435 1650 1549 1690 quae
1573 1636 1731 1677 existit

238 1701 421 1755 quando
452 1701 612 1741 salsum
645 1702 842 1742 creditur
873 1715 971 1742 esse
1002 1714 1157 1741 verum
1199 1714 1250 1741 ac
1289 1713 1443 1740 verum
1475 1699 1649 1749 falsum,
1684 1707 1730 1741 et

235 1764 483 1805 secundum
510 1764 553 1804 id
580 1765 770 1805 vivitur:
804 1778 883 1817 per
907 1763 1197 1804 “fenestras’'
1220 1762 1530 1817 significantur
1556 1764 1730 1816 cogita-

237 1830 385 1870 tiones
417 1842 476 1868 ex
509 1826 758 1875 intelle&u‚
793 1841 872 1881 per
906 1827 1145 1880 “palatia’'
1172 1826 1482 1880 significantur
1513 1827 1727 1867 interiora

235 1898 283 1932 et
314 1891 418 1932 inde
450 1891 710 1931 sublimiora
737 1891 902 1931 mentis
929 1891 1152 1931 humanae
1174 1904 1182 1940 ;
1224 1890 1327 1930 inde
1355 1896 1483 1942 patet
1510 1890 1615 1943 quid
1638 1890 1728 1943 sig-

235 1953 441 1995 nificatur
467 1968 546 2007 per
571 1954 691 2008 quod
717 1954 974 1994 “ascendat
1003 1967 1123 1994 mors
1146 1966 1224 2006 per
1246 1953 1481 2002 fenestras,
1510 1953 1662 1993 veniat
1687 1954 1731 1993 in

235 2017 405 2071 palatia
427 2023 582 2058 nostra
598 2017 632 2057 :’'
659 2031 737 2069 per
762 2021 786 2036 “
801 2016 1051 2057 infantem’‘
1069 2015 1380 2069 significantur
1401 2016 1486 2065 hic,
1512 2022 1560 2057 ut
1583 2029 1729 2068 supra,

234 2094 342 2121 vera
367 2081 559 2133 primum
582 2081 817 2120 nascentia
844 2094 922 2133 per
951 2080 1239 2132 cognitiones
1266 2093 1289 2120 e
1317 2078 1487 2128 Verbo,
1523 2093 1601 2132 per
1629 2078 1732 2132 “ju-

234 2143 404 2184 venes''
430 2157 537 2184 vera
562 2143 782 2196 acquisita
809 2157 867 2183 ex
892 2142 1052 2196 quibus
1075 2142 1392 2195 intelligentia,
1417 2155 1468 2183 ac
1496 2155 1574 2195 per
1598 2142 1733 2195 “pla-

236 2212 335 2247 teas
347 2206 365 2221 ’'
391 2213 438 2247 et
467 2206 661 2247 “vicos''
684 2219 790 2246 vera
816 2204 1049 2246 doctrinae
1076 2212 1122 2246 et
1148 2219 1256 2246 vera
1281 2205 1400 2246 vitae
1424 2219 1538 2258 quae
1561 2205 1731 2246 ducunt

235 2269 294 2310 ad
311 2269 662 2322 intelligentiam
678 2275 724 2309 et
742 2269 1010 2322 sapientiam
1029 2283 1037 2319 ;
1064 2269 1167 2309 inde
1183 2274 1312 2321 patet
1331 2269 1435 2321 quid
1456 2268 1734 2321 significatur

237 2345 316 2385 per
335 2332 642 2373 “exscindere
665 2332 884 2373 infantem
903 2346 927 2373 e
950 2332 1115 2386 platea,
1135 2331 1323 2385 juvenes
1345 2345 1368 2372 e
1391 2331 1535 2372 vicis.'’
1594 2331 1734 2384 Apud

236 2395 446 2444 eundem,

305 2484 394 2517 “Ira
416 2485 576 2527 Jehovae
597 2486 723 2526 plenus
745 2495 834 2523 sum,
855 2485 1073 2525 defatigatus
1094 2495 1173 2517 sum
1191 2485 1431 2523 continendo;
1457 2485 1602 2516 effunde
1626 2494 1733 2525 super

412 2529 587 2560 infantem
609 2530 644 2560 in
666 2530 794 2569 platea,
814 2536 848 2560 et
868 2539 977 2570 super
996 2536 1137 2560 coetum
1155 2529 1338 2569 juvenum,
1357 2529 1439 2569 quia
1459 2528 1566 2560 etiam
1583 2529 1637 2560 vir
1653 2538 1732 2560 cum

413 2572 561 2604 muliere
579 2573 773 2613 capientur,
792 2583 904 2604 senex
920 2582 1000 2604 curn
1018 2573 1125 2613 pleno
1142 2573 1277 2604 dierum
1293 2571 1311 2584 ''
1331 2573 1390 2610 (vi.
1411 2572 1484 2612 11):

239 2665 345 2708 fflhic
378 2680 458 2720 per
491 2666 747 2707 “infantem
785 2667 828 2707 in
866 2666 1051 2720 platea”
1082 2673 1129 2707 et
1171 2680 1249 2720 per
1283 2666 1507 2718 “juvenes
1520 2666 1538 2681 ''
1570 2665 1732 2707 similia

237 2744 352 2784 quae
379 2743 513 2782 supra
539 2729 877 2782 significantur;
912 2743 991 2782 per
1020 2730 1204 2770 “virum
1231 2736 1277 2770 et
1301 2729 1533 2770 mulierem
1549 2729 1567 2744 ’'
1594 2730 1732 2782 signi-

239 2794 398 2835 ficatur
424 2806 578 2833 verum
611 2791 900 2845 conjunctum
943 2793 1064 2833 bono
1103 2799 1150 2833 et
1190 2793 1293 2833 inde
1332 2792 1651 2845 intelligentia,
1680 2806 1731 2833 ac

238 2872 319 2912 per
366 2861 559 2897 “senem
605 2863 651 2896 et
698 2857 881 2909 plenum
928 2856 1130 2897 dierum'’
1176 2855 1453 2908 significatur
1498 2855 1730 2907 sapientia.

241 2919 466 2974 Quoniam
501 2919 723 2973 “platea’'
755 2919 980 2973 significat
1013 2932 1167 2960 verum
1200 2917 1430 2960 doetrinae
1468 2918 1650 2967 ducens,
1684 2923 1730 2958 et

1948 2271 1962 2420 navans—..¹24
1947 2205 1962 2262 aias.
1946 2150 1962 2200 ahai.
1939 1637 1962 2144 fin-.ffl—“.u-kmhmaess-
1942 1547 1962 1628 ἇ-μ-ζι-
1951 1514 1962 1541 .·.,
1955 1494 1962 1508 ι.
1953 1471 1962 1482 .·
1955 1448 1962 1465 ..
1949 1405 1962 1442 ..1,

1946 2487 1948 2490 ’
1939 2437 1956 2454 ὃ

1948 2611 1962 2687 effi-a
1954 2559 1962 2604 -Λ-
