1962 3334
259 288 274 318 I
284 289 366 331 344
670 287 999 321 APOCALYPSIS
1030 286 1328 320 EXPLICATA.

254 407 364 450 tare,
385 406 431 442 et
456 401 513 442 ibi
537 415 590 442 eo
613 402 885 455 profundius,
906 416 994 456 quo
1012 401 1180 442 malum
1199 416 1258 442 ex
1276 415 1364 455 quo
1383 400 1542 442 salsum
1560 401 1740 455 gravius

252 464 346 505 fuit.

337 525 416 578 [6.]
459 525 584 566 Sicut
620 540 699 579 per
732 525 995 578 “abyssos''
1030 525 1343 578 significantur
1377 525 1550 567 inferna
1584 526 1658 567 ubi
1693 533 1740 567 et

253 587 371 626 unde
403 585 528 634 falsa,
557 588 621 627 ita
647 601 822 640 quoque
855 601 933 639 per
962 587 1190 639 “abyssos
1203 586 1221 601 ’'
1247 586 1557 639 significantur
1581 587 1741 628 ultima

253 649 380 696 caeli,
408 649 480 689 ubi
512 655 558 689 et
591 650 707 689 unde
740 650 1027 702 cognitiones
1052 650 1158 697 veri,
1187 663 1300 702 quae
1332 655 1437 689 sunt
1468 663 1574 691 vera
1605 656 1739 691 natu-

252 710 356 751 ralis
384 710 590 751 hominis.
652 711 799 752 Causa
821 717 890 751 est
913 712 1015 764 quia
1039 711 1199 751 ultima
1221 710 1334 751 caeli
1357 712 1494 752 etiam
1517 718 1739 765 apparent

253 773 368 814 sicut
391 774 434 813 in
457 774 595 826 aquis,
617 774 695 814 sed
719 774 925 814 tenuibus
948 780 994 814 et
1019 773 1176 824 claris;
1211 787 1329 822 nam,
1349 780 1397 814 ut
1421 788 1553 827 supra
1570 773 1739 815 dictum

253 841 337 884 est,
366 836 685 889 atmosphaera
717 837 911 889 supremi
943 836 1057 876 caeli
1089 842 1158 877 est
1191 837 1305 877 sicut
1334 837 1562 886 aetherea,
1590 843 1739 877 atmo-

253 897 444 950 sphaera
471 899 603 938 medii
630 898 743 939 caeli
770 905 839 939 est
867 899 983 939 sicut
1007 913 1152 947 aerea,
1177 906 1222 940 et
1249 899 1572 952 atmosphaera
1594 899 1740 940 ultimi

253 960 366 1000 caeli
398 967 467 1001 est
494 961 607 1001 sicut
635 975 800 1014 aquea:
835 960 965 1014 quod*
988 961 1098 1002 haec
1132 962 1190 1002 sit
1217 962 1332 1002 sicut
1358 975 1513 1015 aquea,
1542 968 1612 1002 est
1637 963 1740 1015 quia

252 1036 359 1063 vera
390 1023 506 1076 apud
544 1023 645 1063 illos
676 1030 781 1063 sunt
814 1038 919 1064 vera
952 1023 1168 1064 naturalis
1201 1023 1410 1072 hominis,
1444 1030 1490 1065 et
1522 1024 1739 1065 naturalis

251 1084 446 1125 hominis
478 1085 798 1138 atmosphaera
827 1092 897 1127 est
930 1087 1043 1127 sicut
1070 1101 1225 1140 aquea.
1289 1087 1400 1127 Inde
1426 1100 1602 1140 quoque
1633 1093 1738 1128 sunt

252 1149 543 1201 apparentiae
575 1148 820 1196 fluviorum,
845 1149 1022 1189 lacuum
1049 1156 1094 1190 et
1122 1150 1308 1190 marium
1340 1150 1383 1189 in
1415 1150 1584 1190 mundo
1610 1150 1738 1203 spiri-

252 1210 374 1250 tuali.
437 1209 586 1262 Quare
613 1225 690 1264 per
719 1212 926 1251 “maria’'
952 1210 1089 1252 etiam
1117 1212 1428 1265 significantur
1453 1212 1738 1265 cognitiones

252 1279 298 1313 et
330 1272 576 1313 scientifica
612 1274 655 1313 in
694 1275 921 1315 communi
959 1289 1036 1315 seu
1073 1275 1115 1315 in
1150 1275 1272 1315 omni
1309 1274 1578 1327 complexu:
1617 1274 1738 1328 quod

251 1336 362 1376 haec
405 1349 580 1389 quoque
622 1350 699 1389 per
743 1338 923 1377 “maria
938 1337 956 1352 ’'
998 1337 1319 1390 significentur,
1358 1338 1565 1377 videatur
1605 1351 1739 1390 supra

252 1406 404 1449 (n.275‚
423 1408 531 1448 342).
591 1397 763 1438 Similia
789 1399 928 1438 etiam
959 1398 1270 1451 significantur
1300 1411 1379 1451 per
1406 1398 1636 1450 “abyssos
1649 1397 1668 1412 ’'
1692 1398 1736 1438 in

252 1459 544 1511 sequentibus
571 1458 681 1499 locis
700 1459 908 1512 :—Apud
933 1459 1100 1508 Mosen,

317 1547 504 1589 “Jehovah
527 1548 623 1580 Deus
644 1555 725 1579 tuus
745 1549 925 1580 deducens
951 1555 984 1580 te
1007 1549 1052 1580 ad
1076 1555 1206 1580 terram
1231 1550 1374 1587 bonam,
1394 1556 1524 1580 terram
1549 1548 1737 1580 fluviorum

424 1602 545 1632 aquae,
560 1592 711 1623 fontium
727 1599 762 1624 et
774 1593 986 1633 abyssorum
1000 1593 1205 1624 exeuntium
1219 1603 1237 1624 e
1252 1592 1343 1624 valle
1357 1599 1391 1624 et
1404 1603 1423 1624 e
1438 1598 1559 1624 monte
1570 1592 1588 1604 ''
1601 1592 1736 1633 (Deutr.

422 1636 492 1667 viii.
511 1636 563 1675 7);

249 1722 346 1759 (quae
361 1722 516 1759 explicata
530 1722 697 1751 videantur
710 1732 815 1760 supra,
831 1732 862 1752 n.
882 1722 901 1764 5
914 1724 927 1752 Ι
938 1714 1015 1762 8[a]
1028 1723 1050 1762 z)
1076 1713 1196 1766 apud
1223 1713 1433 1762 eundem,

314 1800 410 1831 Deus
428 1801 612 1832 benedicet
624 1801 784 1843 Josepho
797 1801 1133 1834 “benedictionibus
1150 1803 1238 1834 caeli
1252 1803 1413 1843 desuper,
1426 1802 1735 1836 benedictionibus

421 1845 541 1885 abyssi
559 1846 720 1876 cubantis
738 1845 859 1876 infra''
876 1844 971 1886 (Gen.
989 1846 1070 1877 xlix.
1090 1854 1128 1885 25
1143 1856 1150 1885 ;
1175 1853 1210 1878 et
1226 1847 1348 1879 Deutr.
1365 1847 1485 1879 xxxiii.
1505 1847 1557 1888 13)
1572 1857 1579 1886 ;

248 1930 344 1966 (quae
359 1937 488 1966 quoque
503 1938 607 1967 supra,
624 1939 654 1959 n.
669 1921 820 1970 448[a],
836 1931 992 1968 explicata
1005 1936 1078 1960 sunt
1090 1931 1111 1970 :)
1137 1921 1256 1974 apud
1281 1921 1520 1971 Davidem,

314 2005 411 2036 “Per
421 2005 577 2037 Verbum
590 2006 746 2047 Jehovae
761 2007 847 2038 caeli
862 2006 945 2038 fac'ti
959 2014 1051 2044 sunt,
1063 2014 1098 2039 et
1112 2018 1174 2048 per
1186 2008 1348 2048 spiritum
1363 2009 1434 2040 oris
1450 2008 1566 2049 Ipsius
1581 2007 1735 2041 [¹]0mnis

422 2050 596 2080 exercitus
622 2050 783 2086 illorum:
809 2052 980 2090 colligens
1001 2052 1090 2083 sicut
1110 2053 1287 2083 cumulum
1311 2062 1422 2092 aquas
1446 2053 1563 2091 maris,
1584 2053 1674 2085 dans
1698 2053 1734 2085 in

420 2093 596 2124 thesauris
613 2093 791 2134 abyssos'’
809 2094 881 2134 (Ps.
899 2095 1018 2126 xxxiii.
1037 2095 1066 2133 6,
1086 2095 1118 2135 7)
1133 2105 1139 2133 ;

247 2177 404 2214 (videatur
418 2186 523 2215 supra,
539 2187 569 2207 n.
587 2177 639 2220 27
647 2177 748 2220 5[b]),
764 2180 818 2208 ubi
834 2180 1022 2218 explicataz)
1045 2170 1164 2222 apud
1190 2170 1400 2219 eundem,

490 2256 660 2297 “Abysso
678 2257 767 2288 sicut
785 2263 883 2288 veste
900 2257 1074 2289 obvelasti
1091 2263 1220 2289 terram
1233 2257 1251 2270 ”
1267 2257 1340 2298 (Ps.
1358 2258 1422 2290 civ.
1440 2258 1494 2299 6);

246 2341 301 2378 (de
314 2341 362 2370 his
377 2341 471 2370 etiam
487 2342 630 2371 videatur
644 2352 749 2380 supra,
766 2352 797 2373 n.
815 2342 946 2385 275[b]
959 2344 982 2382 :)
1007 2333 1126 2387 apud
1149 2333 1360 2382 eundem,

310 2418 495 2450 “Laudate
512 2419 685 2460 Jehovam
703 2430 722 2451 e
740 2427 842 2459 terra,
859 2421 1031 2452 balaenae
1048 2427 1083 2453 et
1099 2431 1224 2453 omnes
1241 2422 1363 2462 abyssi
1375 2421 1392 2433 '¹
1409 2421 1480 2461 (Ps.
1498 2422 1627 2455 cxlviii.
1646 2421 1699 2463 7):

244 2515 323 2554 per
357 2502 584 2554 “abyssos
598 2501 617 2516 ’'
648 2503 692 2542 in
729 2502 814 2543 illis
852 2503 963 2544 locis
995 2503 1304 2557 significantur
1335 2504 1494 2545 ultima
1526 2505 1653 2555 caeli,
1685 2505 1731 2546 in

243 2564 401 2617 quibus
434 2571 538 2605 sunt
575 2565 726 2618 angeli
762 2566 1015 2619 spirituales
1048 2566 1287 2608 naturales.
1363 2566 1580 2608 Similiter
1609 2568 1729 2622 apud

241 2626 525 2675 Ezechielem,

309 2711 327 2724 ‘⁴
338 2710 462 2751 Aquae
479 2720 636 2742 crescere
654 2710 812 2742 fecerunt
830 2708 952 2750 meam,
970 2713 1122 2753 abyssus
1138 2712 1246 2743 altam
1264 2711 1347 2743 fecit
1364 2711 1471 2743 eam”
1488 2711 1594 2752 (xxxi.
1611 2711 1655 2753 4).

243 2796 308 2832 (De
320 2796 381 2824 hoe
397 2796 540 2824 videatur
551 2805 655 2833 supra,
669 2806 699 2825 n.
718 2787 873 2837 518[l1].)
931 2787 1175 2827 Praeterea
1200 2800 1279 2840 per
1303 2787 1564 2839 “abyssos’'
1585 2788 1725 2828 etiam

243 2845 550 2898 significantur
589 2847 750 2886 Divina
787 2861 893 2887 vera
931 2848 974 2887 in
1012 2849 1155 2901 copia,
1190 2854 1236 2888 et
1274 2861 1439 2889 arcana
1477 2848 1725 2902 sapientiae

243 2909 431 2950 Divinae
449 2909 586 2950 t—Ut
614 2910 731 2962 apud
757 2909 990 2960 Davidem,
