1962 3334
564 280 671 313 CAP.
693 279 775 320 XL,
798 277 936 310 VERs.
965 267 1134 309 16.-—N.
1155 265 1316 321 687[c].
1461 257 1464 259 ’
1582 265 1686 317 1833

199 394 318 448 apud
342 391 518 442 Lucam,

274 469 360 501 Dies
380 469 439 500 ille
459 468 607 500 “veniet
626 468 717 499 sicut
736 467 881 508 laqueus
901 476 1009 506 super
1027 475 1154 497 omnes
1179 465 1238 506 qui
1258 464 1384 496 sedent
1404 473 1512 504 super
1530 463 1687 495 faciebus

372 513 481 544 totius
498 518 613 543 terrae
624 511 642 523 ”
659 511 743 550 (xxi.
761 510 826 550 35).

201 597 427 651 Quoniam
461 597 656 637 “sedere
669 596 688 612 ‘'
719 595 943 649 significat
981 608 1093 644 esse,
1128 601 1174 635 et
1211 608 1388 648 quoque
1425 606 1687 646 permanere

135 711 139 715 ῃ
200 662 244 701 in
269 675 325 702 eo
350 667 487 709 statu,
515 667 561 700 et
588 666 658 700 est
684 659 946 707 voluntatis,
974 659 1076 699 ideo
1102 658 1264 698 dicitur
1289 657 1407 710 apud
1433 656 1667 704 Davidem,

266 750 467 792 “Jehovah,
487 755 729 790 perscmtatus
751 758 791 780 es
815 758 872 779 me
896 754 931 779 et
950 748 1172 788 cognovisti:
1201 747 1256 778 Tu
1280 747 1349 778 scis
1370 747 1495 778 sedere
1516 755 1635 777 meum
1655 752 1691 777 et

372 803 517 868 ἓξὲξ
532 802 670 876 [gileugi³
694 792 862 832 intelligis
890 792 1145 832 cogitationem
1173 801 1290 822 meam
1318 801 1338 821 e
1362 789 1591 831 longinqu0¹·
1615 789 1688 829 (ps¹

505 861 512 868 .
588 861 596 874 ,
661 861 668 868 .

201 939 334 966 nosse
377 925 571 965 “sedere
586 924 605 940 '’
645 923 736 976 ejus
782 921 959 976 spectat
1004 937 1102 963 esse
1142 923 1263 963 vitae
1309 921 1416 975 ejus,
1458 922 1579 975 quod
1618 928 1689 963 est

199 988 436 1038 voluntas;
472 987 732 1040 “surgere,”
758 987 1059 1027 intentionem
1084 986 1214 1036 inde;
1252 992 1299 1026 et
1325 986 1428 1039 quia
1453 1000 1511 1025 ex
1539 986 1688 1025 inten-

199 1052 324 1092 tione
373 1050 623 1091 voluntatis
672 1051 871 1103 sequitur
919 1050 1153 1102 cogitatio,
1200 1049 1380 1089 additur
1427 1048 1689 1101 “Intelligis

200 1114 528 1166 cogitationem
555 1126 702 1153 meam
729 1127 752 1153 e
779 1112 1064 1166 longinquo.”
1123 1111 1262 1165 Apud
1286 1111 1498 1159 M'clcam,

265 1203 284 1217 ⁴⁴
296 1202 397 1234 Tunc
419 1203 526 1234 stabit
542 1209 578 1233 et
595 1208 716 1242 pascet
733 1199 964 1232 in121nomine
981 1201 1167 1242 jehovae„
1182 1226 1190 1233 .
1204 1226 1211 1233 .
1226 1207 1277 1233 .et
1296 1201 1482 1239 sedebunt,
1496 1200 1578 1241 quia
1595 1209 1690 1231 nunc

371 1253 504 1277 crescet
521 1247 565 1277 ad
583 1246 671 1277 fines
688 1253 801 1277 terrae
812 1245 830 1256 ”
847 1245 892 1285 (ν.
910 1254 929 1284 3
944 1243 1004 1287 [B.
1020 1246 1065 1276 A.
1079 1243 1151 1286 4]):

198 1335 310 1376 haec
336 1334 392 1374 de
420 1333 617 1374 Domino
643 1339 689 1373 et
716 1333 771 1373 de
798 1330 1004 1373 do&rina
1030 1332 1180 1372 Divini
1206 1331 1316 1372 Veri
1341 1331 1398 1372 ab
1425 1331 1545 1383 Ipso,
1574 1345 1688 1384 quae

198 1396 467 1450 intelligitur
494 1409 573 1448 per
601 1395 768 1436 “Tunc
796 1395 936 1436 stabit
962 1402 1009 1435 et
1042 1401 1200 1448 pascet
1231 1396 1275 1435 in
1303 1393 1520 1435 [²]nomine
1550 1393 1688 1446 Jeho-

197 1474 279 1500 vae
297 1459 330 1510 ;”
361 1466 408 1500 et
448 1459 570 1512 quod
610 1459 816 1499 homines
854 1457 1072 1498 ecclesiae
1113 1464 1244 1499 erunt
1283 1458 1327 1498 in
1367 1457 1444 1497 illa
1484 1455 1690 1497 doctrina

199 1522 477 1575 significatur
503 1535 580 1574 per
605 1521 726 1574 quod
751 1520 1012 1561 “sedebunt
1030 1520 1063 1571 ;''
1094 1527 1140 1561 et
1166 1520 1286 1573 quod
1312 1518 1516 1561 doctrina
1539 1519 1689 1559 Divini

198 1585 308 1625 Veri
344 1597 637 1637 permansura
673 1585 730 1624 sit
767 1584 811 1623 in
852 1590 1100 1630 aeternum,
1135 1583 1411 1636 significatur
1450 1597 1529 1636 per
1568 1582 1688 1636 quod

201 1652 413 1689 “crescet
439 1648 496 1688 ad
523 1647 633 1687 fines
659 1646 843 1687 terrae.'’
903 1646 1117 1687 Similiter
1142 1647 1260 1700 apud
1285 1646 1489 1695 Esaiam,

265 1736 428 1768 “Excute
453 1742 486 1767 te
511 1746 530 1766 e
555 1735 710 1776 pulvere,
730 1745 847 1775 surge,
868 1735 954 1766 sede
980 1735 1244 1776 Hierosolyma,
1270 1737 1408 1776 aperire
1433 1736 1583 1768 vinculis
1608 1736 1689 1768 colli

372 1780 431 1818 tui,
450 1780 591 1820 captiva
608 1779 679 1810 filia
695 1779 816 1816 Zionis
829 1779 847 1791 '¹
864 1779 926 1818 (lii.
945 1779 996 1818 2):

197 1865 308 1906 haec
332 1866 387 1906 de
406 1865 731 1905 instauratione
751 1878 895 1905 novae
913 1865 1132 1906 ecclesiae
1148 1879 1174 1905 a
1190 1865 1408 1915 Domino;
1441 1865 1518 1905 illa
1539 1865 1687 1906 eccle-

199 1928 262 1968 sia
279 1941 380 1969 cum
395 1927 487 1980 ejus
503 1926 707 1968 doctrina
724 1928 793 1968 hic
813 1941 891 1980 per
908 1931 932 1963 ‘.‘
947 1927 1342 1980 Hierosolymam''
1356 1934 1401 1968 et
1420 1941 1498 1980 per
1514 1932 1539 1948 “
1552 1928 1688 1968 filiam

200 1990 380 2031 Zionis''
403 1990 704 2043 significatur:
739 1990 919 2043 rejicere
941 1990 1052 2030 falsa
1077 1997 1124 2031 et
1151 1990 1283 2039 mala,
1307 2005 1359 2031 ac
1386 2005 1485 2032 esse
1507 1992 1550 2031 in
1572 1992 1688 2032 veris

198 2060 245 2094 et
276 2053 419 2102 bonis,
448 2052 725 2106 significatur
751 2067 830 2106 per
859 2056 1112 2094 “excutere
1144 2067 1191 2094 se
1223 2068 1247 2094 e
1279 2053 1476 2106 pulvere,
1505 2068 1687 2107 surgere
1742 2101 1747 2105 ,

923 2119 947 2135 ί(

199 2122 246 2156 et
271 2115 465 2163 sedere‚”
492 2123 588 2155 tum
614 2129 790 2168 quoque
816 2129 895 2168 per
961 2117 1130 2168 aperire
1155 2117 1334 2157 vincula
1360 2117 1478 2166 colli,
1508 2119 1688 2170 captiva

199 2178 288 2219 filia
314 2179 463 2219 Zionis
482 2178 515 2228 ;‘’
541 2178 760 2218 -“vincula
783 2178 920 2218 colli'’
942 2179 1198 2232 significant
1225 2179 1334 2220 falsa
1356 2180 1606 2221 inhibentia
1631 2194 1688 2222 ne

198 2255 303 2282 vera
328 2242 512 2282 intrent.

282 2304 362 2358 [6.]
397 2304 532 2357 Quod
561 2304 791 2345 “sedere’'
817 2306 875 2345 sit
913 2319 1006 2346 vox
1041 2305 1344 2358 significativa
1374 2306 1602 2349 essentiae
1639 2315 1686 2350 et

199 2367 536 2419 permanentiae
559 2367 601 2406 in
625 2373 747 2406 statu
765 2367 826 2407 rei
845 2373 890 2407 et
913 2368 1047 2415 vitae,
1069 2375 1277 2409 constare
1295 2376 1447 2422 potest
1465 2384 1490 2410 e
1510 2370 1619 2410 locis
1642 2372 1686 2411 in

199 2429 354 2470 Verbo
380 2429 452 2469 ubi
478 2430 640 2469 dicitur
670 2430 864 2470 “sedere
892 2443 1043 2470 coram
1073 2431 1315 2483 Jehovah,”
1344 2436 1502 2474 “stare
1534 2447 1686 2474 coram

200 2492 344 2545 Ipso,”
370 2499 417 2532 et
451 2490 754 2532 “1³¹ambulare
786 2506 938 2533 coram
966 2493 1070 2546 Ipso
1088 2493 1121 2543 ;'’
1153 2495 1272 2547 quod
1302 2496 1501 2536 “sedere
1533 2510 1685 2537 coram

197 2554 434 2608 Jehovah”
461 2555 517 2594 sit
544 2569 641 2595 esse
669 2569 769 2595 cum
797 2555 915 2608 Ipso,
944 2557 1007 2596 ita
1032 2571 1207 2610 quoque
1233 2558 1349 2599 velle
1376 2566 1421 2599 et
1453 2560 1597 2600 facere
1629 2561 1686 2601 ab

201 2619 318 2670 Ipso,
343 2625 388 2658 et
411 2618 530 2670 quod
551 2621 709 2658 “stare
732 2631 882 2658 coram
906 2619 1041 2672 Ipso'’
1059 2620 1116 2660 sit
1138 2619 1341 2673 spectare
1364 2629 1409 2662 et
1432 2622 1686 2675 intelligere

199 2681 317 2734 quod
350 2680 460 2728 vult,
488 2687 534 2720 et
566 2681 685 2733 quod
715 2681 982 2722 “ambulare
1009 2696 1159 2723 coram
1187 2684 1292 2736 Ipso
1304 2684 1322 2699 ”
1350 2686 1406 2725 sit
1439 2686 1587 2725 vivere
1614 2699 1685 2726 se-

200 2743 393 2783 cundum
413 2750 654 2796 praecepta
673 2744 830 2797 Ipsius,
850 2745 912 2785 ita
930 2759 988 2785 ex
1014 2745 1131 2798 Ipso.
1192 2746 1309 2799 Quia
1330 2748 1524 2788 “sedere
1537 2748 1555 2762 ”
1578 2748 1686 2788 talia

200 2805 401 2854 involvit,
426 2805 528 2846 ideo
551 2806 710 2846 eadem
736 2821 827 2847 vox
854 2808 897 2847 in
923 2807 1075 2861 lingua
1099 2809 1310 2851 Hebraea
1332 2810 1557 2863 significat
1584 2824 1684 2863 per-

201 2881 380 2909 manere
403 2875 449 2909 et
472 2869 688 2910 habitare.
750 2869 823 2910 Ex
847 2884 902 2911 eo
923 2872 1043 2924 quod
1065 2873 1290 2915 “sedere”
1312 2874 1421 2915 talia
1445 2873 1682 2926 significet,

200 2930 302 2972 ideo
