1962 3334
337 272 443 317 1512
749 275 1083 309 APOCALYPSIS
1115 276 1416 309 EXPLICATA.

330 391 376 426 et
409 386 568 427 oculus
599 387 797 429 dextrae
828 388 1076 442 caligando
1107 388 1368 443 caligabit.’'
1426 400 1619 439 (videantur
1638 400 1731 430 etiam
1751 400 1832 431 haec

328 449 486 486 explicata
502 459 608 488 supra,
625 461 656 482 n,
679 452 819 493 131[b],
843 452 947 495 152.)

413 506 494 559 [6.]
539 507 766 560 Quoniam
793 509 963 549 dextra
988 509 1116 562 regio
1139 510 1359 563 corporiS,
1383 515 1430 550 et
1457 510 1653 551 dextrae
1678 511 1830 564 regio-

329 567 398 607 nis
413 569 643 623 membra,
673 569 933 622 significant
960 571 1130 611 bonum
1158 585 1238 625 per
1259 571 1379 624 quod
1406 585 1576 620 verum,
1600 572 1703 613 ideo
1729 585 1830 613 cum

328 631 706 684 inaugurarentur
738 631 930 674 Aharon
961 640 1008 675 et
1041 633 1117 675 filii
1149 633 1243 687 ejus
1275 635 1319 674 in
1351 635 1672 684 sacerdotium,
1701 647 1829 676 man-

330 694 489 735 datum
517 701 602 744 est,

403 790 451 823 Ut
465 797 667 822 sumeretur
679 792 830 832 sanguis
845 802 889 824 ex
902 793 1027 831 ariete,
1044 799 1079 824 et
1092 793 1239 825 daretur
1256 802 1365 833 super
1378 793 1574 824 auriculam
1587 793 1686 825 auris
1703 803 1829 825 eorum

504 835 663 873 dextrae,
684 845 792 875 super
812 836 981 876 pollicem
1004 846 1135 868 manus
1157 847 1284 868 eorum
1305 837 1464 875 dextrae,
1484 842 1520 868 et
1539 847 1646 878 super
1662 837 1829 878 pollicem

502 879 603 919 pedis
621 889 746 910 eorum
765 880 882 911 dextri
899 880 1023 920 (Exod.
1045 881 1138 912 xxix.
1159 881 1233 920 20):

328 967 415 1008 hoc
449 967 718 1008 mandatum
757 974 828 1009 est
865 969 968 1022 quia
1002 969 1226 1022 “sanguis
1240 968 1258 983 ”
1290 967 1576 1022 significabat
1615 969 1828 1010 Divinum

328 1030 500 1071 Verum
528 1044 606 1083 per
638 1031 761 1084 quod
788 1032 957 1072 bonum
983 1033 1164 1081 amoris,
1194 1032 1279 1073 hoe
1307 1033 1426 1073 enim
1453 1033 1828 1086 repraesentaba-

329 1102 402 1136 tur
429 1108 508 1148 per
534 1093 818 1144 Aharonem,
847 1102 893 1136 et
925 1094 1036 1135 illud
1069 1109 1148 1148 per
1179 1095 1295 1135 filios
1321 1095 1442 1148 ejus;
1481 1102 1527 1136 et
1554 1096 1657 1150 quia
1682 1097 1828 1142 omnis

328 1159 616 1211 inauguratio
642 1158 699 1198 ad
726 1159 1162 1211 repraesentandum
1190 1158 1405 1198 Divinum
1438 1158 1616 1201 Bonum
1643 1158 1828 1209 Amoris

327 1219 377 1261 fit
410 1234 489 1274 per
516 1221 730 1261 Divinum
758 1220 943 1269 Verum,
972 1221 1167 1262 dabatur
1198 1222 1385 1274 sanguis
1417 1235 1550 1275 super
1581 1221 1826 1263 auriculam

328 1284 446 1324 auris
487 1283 695 1331 dextrae,
733 1297 865 1337 super
906 1283 1119 1337 pollicem
1161 1297 1320 1324 manus
1361 1285 1569 1334 dextrae,
1608 1291 1655 1326 et
1672 1329 1675 1331 ,
1695 1299 1828 1338 super

328 1344 543 1398 pollicem
567 1344 695 1397 pedis
713 1345 894 1395 dextri;
926 1359 1006 1398 per
1030 1345 1318 1386 “auriculam
1341 1346 1460 1386 auris
1479 1343 1676 1397 dextrae
1692 1345 1712 1361 ‘’
1733 1348 1826 1400 sig-

329 1407 537 1448 nificatur
562 1407 828 1448 obedientia
850 1422 909 1448 ex
936 1409 1250 1461 perceptione,
1278 1422 1358 1462 per
1386 1408 1639 1462 “pollicem
1665 1423 1826 1450 manus

328 1467 557 1508 dextrae’'
584 1467 866 1519 significatur
897 1467 1069 1508 bonum
1100 1467 1359 1517 voluntate,
1386 1474 1433 1509 et
1464 1482 1544 1522 per
1572 1468 1826 1522 “pollicem

327 1531 456 1584 pedis
482 1531 637 1571 dextri
650 1530 669 1545 ’'
691 1530 977 1584 significatur
1002 1531 1173 1572 bonum
1199 1531 1317 1572 actu.
1366 1531 1595 1585 Quoniam
1612 1546 1702 1587 vper
1729 1533 1826 1574 “le-

327 1606 455 1646 pram
469 1593 488 1608 ''
509 1593 794 1646 significatur
816 1594 987 1634 bonum
1010 1601 1337 1648 consumptum
1363 1608 1443 1648 per
1467 1594 1705 1643 falsa‚?.›hoc
1728 1609 1825 1636 ma-

327 1656 420 1696 lum
446 1657 679 1710 quomodo
711 1670 791 1710 per
817 1657 985 1697 Divina
1011 1658 1161 1698 media
1186 1657 1531 1698 restituendum
1552 1658 1628 1707 sit,
1654 1658 1826 1699 descri-

326 1717 447 1760 bitur
469 1733 549 1773 per
571 1733 836 1773 processum
859 1720 1171 1761 mundationis
1194 1720 1348 1773 leprae
1374 1721 1416 1760 in
1443 1721 1665 1774 spirituali
1690 1735 1825 1781 sensu

326 1782 643 1833 intellectum;
676 1797 736 1823 ex
762 1797 851 1836 quo
878 1783 991 1824 haec
1018 1783 1166 1824 solum
1193 1783 1332 1824 velim
1359 1782 1532 1833 afferre,

401 1877 507 1919 Quod
524 1878 695 1909 sacerdos
716 1878 894 1918 acciperet
912 1878 957 1910 de
978 1879 1156 1918 sanguine
1177 1885 1309 1917 reatus,
1330 1885 1365 1910 et
1384 1879 1485 1911 daret
1505 1889 1612 1920 super
1628 1880 1824 1912 auriculam

501 1921 597 1952 auris
617 1922 814 1953 mundandi
833 1922 1007 1960 dextram,
1029 1929 1063 1954 et
1083 1932 1191 1963 super
1211 1923 1378 1963 pollicem
1400 1933 1530 1955 manus
1551 1923 1629 1964 ejus
1649 1923 1824 1960 dextrum.

501 1972 536 1996 et
554 1975 662 2005 super
676 1965 843 2005 pollicem
859 1966 960 2006 pedis
974 1966 1053 2006 ejus
1067 1966 1230 1997 dextrum
1245 1977 1251 1998 :
1274 1973 1309 1998 et
1326 1967 1505 2007 acciperet
1518 1967 1688 1999 sacerdos
1707 1978 1726 1999 e
1740 1968 1825 2008 logo

502 2009 635 2046 oleum,
659 2015 694 2040 et
719 2009 921 2041 effunderet
946 2019 1055 2050 super
1079 2010 1199 2041 volam
1225 2019 1328 2043 suam
1350 2010 1547 2049 sinistram,
1570 2017 1606 2043 et
1630 2011 1826 2062 intingeret

502 2053 671 2084 sacerdos
685 2053 838 2093 digitum
853 2063 956 2084 suum
972 2052 992 2078 [¹
983 2052 1172 2085 ¹Jdextrum
1191 2054 1273 2085 oleo
1287 2055 1381 2094 quod
1399 2064 1507 2094 super
1523 2055 1607 2086 vola
1623 2054 1701 2095 ejus
1719 2055 1825 2093 sinis-

501 2103 567 2134 tra,
585 2103 620 2128 et
638 2103 824 2146 spargeret
838 2097 881 2128 de
898 2097 1006 2128 oleo
998 2107 1034 2128 in
1053 2097 1166 2137 digito
1185 2107 1252 2129 suo
1270 2105 1408 2138 septem
1429 2098 1565 2130 vicibus
1583 2108 1704 2130 coram
1717 2098 1825 2141 Jeho-

501 2140 570 2171 vah
588 2140 709 2180 (Levit.
727 2140 798 2172 xiv.
820 2148 934 2179 14—17,
954 2141 1093 2181 24-28):

325 2226 490 2266 similia
532 2226 604 2266 hic
650 2240 730 2279 per
772 2227 1061 2267 “auriculam
1105 2228 1224 2267 auris
1267 2227 1523 2277 dextram,‘’
1565 2228 1822 2281 “pollicem

325 2302 487 2330 manus
509 2289 770 2338 dextrum,⁷'
788 2295 835 2330 et
861 2289 1114 2342 “pollicem
1138 2290 1266 2343 pedis
1289 2291 1506 2331 dextrum
1519 2290 1539 2306 ’'
1560 2290 1821 2344 significan-

325 2358 413 2400 tur,
445 2365 561 2405 quae
592 2365 759 2404 supra;
800 2352 947 2393 simile
972 2353 1114 2393 etiam
1143 2366 1222 2406 per
1256 2353 1610 2406 “sanguinem‚‘’
1641 2367 1820 2407 nempe,

326 2415 544 2455 Divinum
581 2414 769 2463 Verum,
807 2415 894 2455 hoc
935 2415 1057 2455 enim
1097 2414 1303 2468 purificat
1343 2416 1577 2456 hominem
1617 2430 1642 2457 a
1681 2416 1820 2466 falsis,

325 2491 442 2531 quae
464 2483 850 2530 consumpserunt
873 2477 995 2518 bona
1018 2477 1138 2531 apud
1160 2478 1288 2518 illum
1310 2492 1319 2529 3
1350 2492 1376 2519 a
1396 2479 1558 2532 quibus
1575 2492 1678 2519 cum
1700 2480 1820 2533 puri-

324 2539 486 2580 ficatus
512 2545 598 2587 est,
626 2540 814 2592 produci
839 2545 997 2592 potest
1023 2540 1194 2580 bonum
1221 2554 1300 2593 per
1324 2554 1447 2589 vera,
1474 2547 1521 2582 et
1545 2542 1608 2582 sic
1634 2541 1774 2583 homo
1795 2555 1822 2582 a

325 2602 453 2655 lepra
489 2603 652 2642 sanari.
726 2601 801 2641 Ex
838 2602 907 2642 his
942 2609 989 2643 et
1024 2602 1113 2643 illis
1149 2609 1363 2643 constare
1399 2610 1555 2656 potest
1585 2604 1707 2657 quod
1742 2618 1822 2658 per

327 2664 618 2705 “dextrum”
645 2670 691 2705 et
720 2664 1024 2705 “sinistrum”
1046 2664 1327 2718 significetur
1348 2666 1518 2706 bonum
1544 2679 1604 2706 ex
1626 2680 1716 2720 quo
1740 2680 1820 2707 ve—

324 2740 439 2775 rum,
459 2734 506 2768 et
528 2741 685 2768 verum
708 2742 767 2768 ex
790 2728 913 2768 bono
935 2738 1093 2776 (utsupra
1105 2739 1227 2768 dietum
1241 2739 1315 2777 est).
1374 2728 1495 2781 Quid
1517 2729 1685 2783 alioqui
1701 2729 1818 2770 foret

324 2790 447 2844 quod
494 2792 682 2843 sanguis
729 2791 917 2831 daretur
963 2805 1098 2844 super
1146 2792 1363 2832 dextram
1410 2798 1590 2845 partem
1636 2792 1817 2833 illorum

325 2853 648 2902 membrorum,
681 2860 727 2894 et
763 2854 884 2907 quod
921 2854 1073 2894 oleum
1108 2860 1364 2895 sumeretur
1398 2854 1505 2895 vola
1539 2855 1738 2904 sinistra,
1769 2860 1815 2894 et

324 2922 618 2969 spargeretur
649 2916 795 2970 digito
826 2915 1061 2958 1²1dextr0?
1119 2916 1340 2958 Similiter

1942 2285 1955 2310 ’ἢ
1926 1944 1962 2278 25³²ff*&*431352w*†
1933 1737 1962 1938 &QZ-:⁴531
1939 1717 1962 1731 .“.
1960 1692 1962 1694 ,
1940 1662 1962 1674 f
1953 1645 1955 1650 -
1943 1628 1949 1638 ⁶
1952 1605 1954 1613 -
1939 1589 1958 1599 'w

1944 1545 1962 1552 ”,
1937 1338 1962 1515 Ανιὲόὲῦῆἡῖὀ
1946 1208 1962 1322 &pff-221„
1955 1171 1959 1173 ν
1948 1131 1950 1133 ’
