1962 3334
291 320 305 349 1
313 306 393 359 358
697 314 1030 348 APOCALYPSIS
1061 316 1361 349 EXPLICATA.

281 428 399 482 apud
437 427 553 477 illos,
588 434 658 470 est
696 428 903 470 sensuale
940 430 1059 484 quod
1097 437 1286 472 vocatur
1322 430 1529 473 ultimum
1566 431 1773 474 sensuale

281 490 490 539 hominis,
531 497 578 532 et
615 505 791 546 quoque
828 492 1036 534 sensuale
1073 506 1364 547 corporeum:
1406 501 1567 547 postea
1603 502 1770 545 autem,

279 554 386 594 dum
418 554 562 595 infans
599 554 822 596 adolescit
854 561 900 596 et
939 554 989 596 fit
1026 569 1147 609 puer,
1181 557 1378 610 aperitur
1414 557 1622 599 sensuale
1653 559 1771 600 inte-

280 617 382 665 rius,
412 631 470 658 ex
502 631 590 671 quo
623 618 798 671 cogitat
828 618 1096 659 naturaliter
1128 625 1173 660 et
1206 633 1383 673 quoque
1414 619 1607 661 afficitur
1638 627 1772 662 natu-

281 679 460 720 raliter:
509 681 690 721 demum
732 693 833 721 cum
873 679 924 722 fit
963 681 1230 723 adolescens
1268 688 1314 723 et
1347 681 1537 735 juvenis,
1576 683 1774 736 aperitur

282 742 491 784 sensuale
517 742 610 796 ejus
641 742 788 784 adhuc
820 744 1021 792 interius,
1053 758 1112 785 ex
1145 758 1232 798 quo
1264 745 1440 798 cogitat
1471 745 1771 795 rationaliter,

280 812 326 846 et
352 807 387 846 si
414 806 457 846 in
484 806 605 846 bono
627 806 865 848 charitatis
888 813 934 848 et
957 806 1059 848 fidei
1085 814 1170 856 est,
1195 807 1501 861 spiritualiter,
1526 814 1572 849 et
1595 822 1773 863 quoque

280 867 473 909 afficitur
513 868 797 910 rationaliter
836 875 883 911 et
924 870 1230 923 spiritualiter.
1293 870 1420 912 Haec
1462 872 1685 925 cogitatio
1725 878 1772 914 et

279 930 456 972 affectio
495 938 566 972 est
607 946 721 986 quae
757 939 947 974 vocatur
983 933 1218 975 rationalis
1255 940 1302 975 et
1339 934 1581 988 spiritualis
1618 935 1770 984 homo,

279 995 398 1047 prior
437 1001 591 1036 autem
633 994 851 1036 naturalis
894 995 1046 1045 homo,
1090 1003 1136 1037 et
1178 997 1320 1050 prima
1360 997 1579 1039 sensualis
1619 997 1771 1039 homo.

282 1057 421 1111 Apud
453 1058 796 1112 unumquemvis
832 1058 1063 1099 hominem
1100 1060 1360 1113 aperiuntur
1396 1060 1623 1110 interiora,
1657 1074 1771 1114 quae

280 1127 385 1161 sunt
413 1121 708 1174 cogitationis
735 1127 781 1162 et
813 1119 1060 1162 affectionis
1093 1121 1199 1175 ejus,
1227 1123 1467 1172 sucessive‚
1496 1129 1542 1164 et
1574 1123 1659 1164 hoc
1691 1137 1771 1177 per

279 1182 497 1224 influxum
527 1197 551 1224 e
583 1183 711 1224 caelo
742 1198 769 1224 a
800 1184 999 1225 Domino
1031 1185 1321 1226 continuum:
1360 1199 1439 1239 per
1469 1185 1595 1226 illum
1626 1186 1770 1239 primo

278 1247 496 1288 formatur
521 1246 729 1288 sensuale
755 1247 963 1300 proxime
991 1248 1243 1289 adhaerens
1270 1249 1459 1302 corpori,
1488 1250 1606 1291 unde
1632 1249 1770 1290 homo

278 1309 327 1350 fit
351 1309 597 1361 sensualis3
630 1310 793 1351 deinde
811 1309 1031 1359 naturale,
1052 1311 1170 1352 unde
1192 1310 1241 1352 fit
1261 1311 1506 1363 naturalis-;
1539 1318 1585 1353 et
1608 1319 1770 1366 postea

278 1372 501 1414 rationale
527 1379 574 1414 et
606 1386 707 1414 cum
739 1372 818 1414 illo
844 1373 1091 1427 spirituale,
1120 1374 1238 1415 unde
1264 1373 1313 1415 fit
1341 1374 1576 1415 rationalis
1607 1381 1654 1416 et
1679 1376 1770 1429 spi-

278 1436 452 1477 ritualis
478 1435 643 1487 homo;
676 1436 756 1477 sed
782 1436 854 1477 hic
881 1442 1100 1490 quantum
1126 1436 1264 1477 homo
1291 1437 1466 1490 cogitat
1493 1438 1549 1478 de
1575 1437 1689 1486 Deo,
1717 1451 1768 1479 ac

278 1500 334 1539 de
362 1499 536 1539 Divinis
559 1513 673 1552 quae
699 1513 725 1540 a
751 1499 878 1549 De0;
911 1512 962 1539 ac
985 1499 1202 1540 formatur
1227 1505 1273 1540 et
1300 1498 1526 1552 perficitur
1548 1506 1766 1554 quantum

277 1561 469 1603 afficitur
490 1561 591 1610 illis,
612 1561 698 1603 hoc
721 1568 807 1610 est,
831 1568 1049 1615 quantum
1072 1561 1169 1603 vult
1192 1569 1238 1603 et
1260 1563 1371 1604 vivit
1395 1563 1642 1603 secundum
1664 1562 1766 1603 illa:

279 1625 358 1666 sed
385 1626 420 1665 si
447 1624 533 1666 hoc
566 1638 656 1665 non
683 1624 747 1674 fit,
776 1631 883 1666 tunc
910 1625 1153 1678 spiritualis
1179 1624 1317 1667 homo
1343 1625 1541 1679 aperitur
1566 1638 1768 1666 commu-

278 1690 408 1737 niter,
434 1688 513 1728 sed
541 1701 631 1728 non
658 1688 888 1736 formatur,
913 1688 1058 1728 minus
1085 1687 1323 1741 perficitur.
1386 1688 1468 1729 Per
1493 1688 1613 1742 quod
1639 1689 1768 1742 spiri-

278 1750 412 1791 tualis
458 1750 596 1791 homo
641 1751 868 1804 aperiatur
911 1751 1226 1800 communiter,
1268 1750 1318 1792 fit
1360 1750 1533 1792 homini
1577 1750 1767 1792 facultas

277 1813 526 1867 cogitandi,
571 1820 618 1855 et
663 1828 722 1854 ex
767 1814 1050 1867 cogitatione
1090 1813 1373 1855 rationaliter
1413 1813 1639 1867 loquendi,
1681 1813 1767 1855 hoc

278 1878 397 1917 enim
438 1883 508 1917 est
550 1877 802 1917 communis
843 1875 1025 1918 effeetus
1066 1876 1259 1917 influxus
1300 1876 1413 1918 caeli
1453 1877 1572 1930 apud
1609 1890 1767 1918 unum-

277 1940 479 1993 quemvis
502 1939 746 1980 hominem.
809 1939 920 1981 Inde
947 1946 1158 1980 constare
1190 1946 1344 1992 potest
1376 1939 1497 1993 quod
1523 1940 1766 1993 cogitatio-

279 2016 358 2043 nes
381 2009 426 2043 et
445 2001 704 2043 affectiones
723 2002 917 2043 hominis
940 2002 1104 2043 dentur
1121 2002 1388 2056 spirituales,
1408 2009 1505 2043 tum
1523 2001 1766 2050 naturales,

278 2072 324 2106 et
357 2079 533 2119 quoque
565 2065 824 2116 sensuales;
863 2072 909 2106 et
941 2065 1061 2119 quod
1093 2065 1399 2118 cogitationes
1431 2071 1476 2106 et
1505 2063 1768 2106 affectiones

278 2127 534 2181 spirituales
560 2128 725 2169 dentur
750 2128 868 2182 apud
900 2127 1003 2169 illos
1034 2128 1108 2181 qui
1139 2128 1347 2180 cogitant
1374 2141 1433 2168 ex
1461 2127 1560 2168 Deo
1586 2127 1642 2168 de
1669 2127 1768 2169 Deo

278 2197 324 2232 et
357 2191 413 2232 de
445 2191 647 2242 Divinis;
685 2197 732 2232 at
764 2191 884 2244 quod
917 2191 1063 2232 solum
1094 2190 1399 2243 cogitationes
1431 2197 1477 2231 et
1509 2189 1768 2232 affectiones

279 2253 507 2295 naturales
539 2253 704 2295 dentur
734 2253 853 2307 apud
885 2253 988 2295 illos
1019 2254 1092 2308 qui
1126 2266 1216 2294 non
1248 2254 1457 2306 cogitant
1489 2267 1548 2294 ex
1581 2253 1680 2295 Deo
1711 2253 1783 2294 de*

279 2317 379 2358 Deo
410 2323 456 2358 et
488 2317 543 2357 de
576 2316 764 2365 Divinis,
793 2317 872 2357 sed
905 2316 1042 2357 modo
1074 2330 1132 2357 ex
1165 2329 1212 2356 se
1243 2321 1320 2356 aut
1353 2330 1412 2356 ex
1444 2316 1612 2357 mundo
1638 2316 1694 2357 de
1720 2330 1767 2357 se

276 2386 353 2421 aut
372 2380 427 2420 de
450 2380 631 2420 mundo.
693 2379 760 2420 At
780 2380 1011 2420 sciendum
1030 2385 1100 2420 est
1119 2379 1238 2433 quod
1262 2393 1321 2420 ex
1345 2392 1392 2420 se
1414 2385 1491 2420 aut
1518 2393 1577 2420 ex
1595 2379 1764 2420 mundo

277 2443 480 2495 cogitare
503 2455 593 2483 non
616 2443 673 2483 sit
696 2456 756 2483 ex
782 2442 869 2483 illis
892 2442 972 2483 sed
994 2456 1054 2483 ex
1076 2441 1274 2492 inferno;
1307 2454 1411 2481 nam
1434 2442 1506 2494 qui
1529 2454 1619 2482 non
1641 2443 1766 2495 cogi-

277 2512 347 2546 tat
370 2520 429 2546 ex
453 2505 566 2554 Deo,
586 2505 761 2558 cogitat
785 2519 844 2546 ex
866 2505 1065 2556 inferno;
1098 2518 1188 2545 non
1211 2504 1369 2558 aliquis
1391 2510 1546 2558 potest
1564 2505 1767 2558 cogitare

278 2567 408 2608 simul
441 2582 500 2609 ex
532 2574 736 2621 utroque.
799 2568 870 2609 Illi
902 2574 1054 2609 autem
1086 2568 1159 2621 qui
1191 2574 1362 2620 negant
1396 2567 1556 2616 Deum,
1584 2574 1630 2608 et
1662 2567 1766 2608 inde

279 2631 443 2672 Divina
468 2645 582 2685 quae
608 2631 721 2672 caeli
747 2637 794 2672 et
820 2630 1038 2672 ecclesiae
1065 2637 1183 2679 sunt,
1212 2637 1258 2671 et
1287 2643 1335 2671 se
1360 2629 1628 2671 confirmant
1655 2643 1764 2671 con-

277 2701 348 2735 tra
383 2693 474 2742 illa,
513 2693 625 2735 fiunt
662 2706 820 2734 omnes
858 2692 1088 2734 sensuales
1126 2692 1331 2734 homines
1368 2692 1467 2746 plus
1505 2699 1582 2734 aut
1620 2693 1764 2733 minus

277 2756 524 2797 secundum
561 2755 955 2806 confirmationes;
1003 2756 1211 2809 cogitant
1249 2755 1386 2796 modo
1421 2754 1533 2795 falsa
1569 2768 1671 2796 cum
1707 2755 1764 2796 de

277 2819 597 2873 spiritualibus,
636 2825 682 2861 et
720 2818 974 2860 afficiuntur
1011 2818 1167 2869 malis;
1212 2824 1257 2859 et
1299 2818 1334 2858 si
1372 2818 1579 2870 cogitant
1617 2817 1765 2871 aliqua

276 2896 396 2930 vera,
436 2883 529 2922 sive
569 2883 659 2923 sint
696 2881 958 2935 spiritualia,
997 2882 1089 2922 sive
1126 2880 1326 2929 moralia,
1365 2881 1458 2921 sive
1495 2879 1655 2929 civilia,
1693 2887 1763 2921 est

278 2945 414 2985 modo
440 2959 499 2986 ex
531 2945 721 2986 scientia
752 2944 910 2985 talium
942 2957 1055 2998 quae
1087 2944 1238 2984 insunt
1266 2943 1535 2995 memoriae3
1573 2948 1618 2984 et
1645 2942 1764 2984 ultra
