1962 3334
624 274 730 307 CAP.
754 275 835 316 XL,
858 263 1166 306 VERs.‘6.—N.
1187 264 1358 319 644[a].
1628 260 1733 317 16'57

247 387 342 431 tela
371 388 556 429 Domini
581 394 653 429 est
678 387 899 441 quantum
925 387 1127 428 abstinet
1159 401 1187 428 a
1216 387 1424 428 faciendo
1450 385 1646 436 malum;
1684 392 1732 426 at

246 457 465 504 quantum
491 464 583 491 non
607 451 810 492 abstinet
835 456 1016 490 tantum
1043 463 1092 490 se
1118 450 1264 503 ipsum
1290 455 1502 490 removet
1528 463 1555 489 a
1586 447 1733 489 tutela

248 513 459 564 Domini3
491 520 538 554 et
559 520 780 567 quantum
803 526 851 553 se
873 519 1079 553 removet
1103 519 1282 553 tantum
1305 526 1332 552 a
1354 511 1484 552 malis
1505 512 1734 564 spiritibus

246 576 321 630 qui
348 576 408 617 ab
433 576 606 617 inferno
631 576 839 624 laeditur,
866 588 971 615 nam
1003 575 1233 628 spiritibus
1264 575 1383 615 inest
1409 575 1625 616 continua
1656 587 1734 614 cu-

246 638 353 692 pido
369 638 681 679 malefaciendi
697 638 820 689 aliis;
853 644 900 679 et
922 644 1141 691 quantum
1164 645 1299 678 extra
1317 637 1530 677 Divinam
1549 636 1734 676 Domini

246 701 441 743 tutelam
478 708 597 750 sunt,
630 701 718 742 hoc
754 708 840 749 est,
874 707 1093 754 quantum
1124 700 1295 740 faciunt
1333 699 1519 747 malum,
1553 706 1734 740 tantum

244 765 432 806 veniunt
453 765 497 805 in
520 771 800 818 potestatem
822 763 1001 804 illorum
1023 764 1097 817 qui
1119 763 1206 803 illis
1228 762 1520 803 malefaciunt
1543 764 1732 816 punien-

245 827 306 868 do
322 833 369 868 et
386 827 665 880 deprivando
679 826 845 868 talibus
862 840 976 880 quae
993 827 1116 866 vitae
1133 825 1376 879 spiritualis
1393 832 1513 866 sunt.
1560 825 1729 870 Verbo.

246 896 463 943 quantum
481 890 639 943 aliquis
658 902 820 930 nocere
837 889 934 930 vult
956 889 1086 930 bonis
1104 890 1270 929 amoris
1291 895 1338 929 et
1360 889 1478 929 veris
1499 887 1732 929 doctrinae

250 958 430 994 tantum
455 953 738 993 “devoratur
762 952 820 992 ab
845 952 950 1005 igne
975 959 1023 992 et
1048 951 1308 1000 occiditur,”
1329 951 1416 992 hoc
1443 957 1527 999 est,
1555 958 1734 992 tantum

245 1021 493 1068 occupatur
517 1028 543 1055 a
574 1014 704 1055 malis
729 1021 775 1055 et
806 1028 833 1055 a
862 1014 985 1055 salsis
1011 1014 1132 1062 mali,
1159 1020 1206 1055 et
1233 1020 1415 1054 tantum
1441 1013 1733 1067 spiritualiter

246 1078 458 1127 moritur3
490 1083 537 1118 et
562 1077 650 1118 hoc
673 1090 763 1118 non
786 1076 835 1118 fit
861 1091 921 1118 ex
944 1077 1125 1126 Divino,
1149 1077 1230 1118 sed
1256 1090 1316 1117 ex
1341 1076 1440 1130 ipso
1467 1075 1589 1115 malo
1610 1075 1732 1129 quod

246 1140 432 1194 quisque
457 1140 576 1181 facit.

323 1214 543 1268 644[a].
574 1225 681 1263 [νινε.
698 1226 742 1263 6.]
774 1214 854 1254 “m
876 1214 1029 1255 habent
1053 1218 1301 1267 potestatem
1330 1214 1526 1254 claudet-e
1561 1213 1735 1259 caelum,

245 1278 292 1314 ut
310 1287 388 1314 mm
405 1275 524 1327 pluat
534 1274 668 1326 pluria
691 1274 731 1314 in
750 1274 891 1315 diebus
912 1274 1070 1315 illorum
1085 1272 1559 1327 prophetiae.”—Quod
1590 1273 1730 1325 signi-

245 1334 352 1376 ficet
382 1335 502 1388 quod
526 1335 600 1376 illi
625 1336 704 1388 qui
730 1335 932 1390 rejiciunt
961 1335 1071 1376 bona
1101 1342 1144 1376 et
1173 1349 1282 1376 vera
1311 1334 1424 1375 caeli
1448 1341 1491 1374 et
1519 1334 1730 1381 ecclesiae,

245 1412 357 1452 quae
378 1413 408 1439 a
427 1398 613 1439 Domino
631 1399 887 1451 procedunt,
915 1412 999 1439 non
1023 1399 1214 1452 aliquem
1239 1398 1457 1453 influxum
1477 1412 1500 1438 e·
1527 1397 1642 1438 caelo
1662 1412 1731 1438 re·

243 1460 426 1514 cipiunt,
451 1468 636 1503 constat
662 1476 723 1502 ex
745 1461 1077 1514 significatione
1101 1461 1350 1502 “claudere
1373 1460 1590 1508 caelum,‘’
1611 1461 1733 1514 quod

246 1522 305 1563 sit
329 1535 386 1563 ne
411 1522 572 1575 aliquis
597 1522 792 1563 influxus
823 1536 847 1563 e
877 1522 1008 1563 caelo
1032 1523 1277 1575 recipiatur
1299 1534 1356 1568 (de
1374 1542 1439 1570 qua
1457 1533 1641 1571 sequitur);
1672 1535 1732 1562 ex

104 1591 114 1648 ’δ’
175 1611 178 1613 Α
249 1582 580 1637 significatione
608 1584 862 1638 “pluviae,”
888 1584 1008 1637 quod
1039 1585 1099 1624 sit
1129 1597 1284 1624 verum
1316 1584 1578 1630 secundans,
1611 1583 1733 1637 quod

248 1650 320 1684 est
349 1657 506 1684 verum
536 1658 597 1684 ex
626 1659 716 1698 quo
746 1645 916 1685 bonum
946 1645 1069 1698 quod
1099 1658 1123 1685 e
1155 1644 1287 1685 caelo
1309 1644 1464 1685 defluit
1490 1655 1546 1691 (de
1560 1664 1625 1692 qua
1638 1655 1733 1683 etiam

241 1714 426 1752 sequitur„
457 1709 504 1743 et
526 1717 586 1743 ex
610 1703 945 1756 significatione
969 1703 1282 1757 “prophetiae
1304 1703 1505 1751 eorum,‘’
1526 1704 1648 1757 quod
1673 1704 1732 1743 sit

246 1761 492 1817 praedictio
523 1764 579 1804 de
611 1764 823 1813 Domino,
851 1765 995 1818 deque
1029 1765 1173 1818 Ipsius
1199 1765 1415 1812 adventu,
1444 1771 1491 1805 et
1523 1765 1580 1805 de
1611 1764 1733 1804 bono

246 1826 412 1867 amoris
434 1827 479 1866 in
502 1826 654 1879 Ipsum
677 1833 724 1867 et
746 1827 802 1867 de
824 1827 941 1867 veris
963 1826 1065 1867 fidei
1086 1828 1130 1867 in
1149 1827 1302 1880 Ipsum
1320 1841 1329 1877 ;
1361 1826 1475 1867 haec
1494 1827 1729 1874 revelatio,

243 1894 290 1929 et
303 1902 364 1930 ex
380 1889 660 1929 revelatione
678 1890 955 1942 praedicatio
976 1890 1019 1929 in
1034 1888 1120 1930 fine
1136 1889 1371 1938 ecclesiae,
1388 1897 1459 1930 est
1476 1903 1591 1943 quae
1610 1890 1730 1943 prin-

243 1951 447 2004 cipaliter
464 1951 734 2005 intelligitur
751 1966 830 2005 per
846 1956 872 1972 ‘⁴
884 1953 980 1992 dies
1002 1952 1269 2006 prophetiae
1287 1953 1476 1993 duorum
1495 1953 1681 1993 testium
1697 1953 1732 1993 :''

242 2013 362 2067 quod
388 2014 446 2055 sit
473 2014 695 2055 Dominus
721 2015 794 2068 qui
823 2015 867 2055 in
893 2013 980 2055 fine
1005 2015 1226 2056 ecclesiae
1252 2016 1469 2068 imprimis
1494 2016 1730 2068 praedica-

243 2082 317 2117 tur
337 2090 364 2117 a
384 2076 500 2117 binis
525 2078 732 2125 testibus,
756 2084 826 2118 est
849 2078 951 2131 quia
975 2082 1000 2097 “
1014 2078 1106 2118 bini
1127 2077 1313 2126 testes,”
1337 2078 1411 2131 qui
1433 2085 1539 2119 sunt
1561 2078 1731 2118 bonum

242 2139 408 2179 amoris
434 2146 480 2180 et
508 2153 663 2180 verum
686 2139 788 2180 fidei
814 2141 858 2185 in
885 2139 1145 2188 Dominum,
1169 2140 1477 2194 principaliter
1499 2147 1730 2182 testantur

242 2201 300 2242 de
326 2201 459 2255 Ipso;
485 2216 622 2255 quare
647 2203 692 2242 in
718 2203 1011 2256 sequentibus
1038 2203 1202 2244 dicitur

351 2300 456 2342 Quod
471 2301 742 2332 “testimonium
758 2301 845 2343 Jesu
862 2301 907 2333 sit
920 2301 1064 2341 spiritus
1082 2302 1289 2342 prophetiae
1300 2301 1320 2313 ’'
1337 2301 1450 2343 (Apoc.
1467 2302 1537 2334 xix.
1558 2302 1619 2341 10).

243 2392 379 2447 Quod
411 2394 665 2435 “claudere
696 2394 904 2435 caelum“
936 2395 994 2435 sit
1025 2394 1228 2436 inhibere
1259 2408 1316 2436 ne
1347 2395 1505 2448 aliquis
1536 2395 1730 2436 influxus

245 2471 270 2498 e
307 2456 436 2498 caelo
472 2458 726 2510 recipiatur,
760 2463 831 2498 est
862 2458 967 2510 quia
997 2458 1212 2510 sequitur,
1249 2462 1343 2499 “ne
1381 2458 1508 2511 pluat
1540 2458 1730 2512 pluvia,”

243 2533 323 2573 per
347 2520 467 2573 quod
494 2519 772 2572 significatur
793 2519 989 2560 influxus
1016 2519 1167 2560 Divi‘ni
1194 2520 1304 2561 Veri
1330 2535 1354 2562 e
1381 2521 1535 2571 caelo3
1570 2528 1729 2561 notum

243 2582 361 2623 enim
392 2589 464 2623 est
494 2583 614 2636 quod
640 2596 775 2623 omne
801 2583 968 2623 bonum
995 2584 1161 2623 amoris
1192 2590 1239 2624 et
1271 2597 1407 2625 omne
1438 2597 1594 2624 verum
1626 2583 1728 2624 fidei

242 2643 399 2685 influat
430 2658 455 2685 e
485 2644 629 2693 caelo,
658 2644 745 2686 hoc
778 2651 863 2692 est,
891 2659 918 2685 a
949 2644 1147 2686 Domino
1179 2659 1257 2699 per
1286 2646 1463 2687 caelum
1495 2647 1613 2700 apud
1645 2646 1728 2687 ho·

243 2708 424 2756 minem,
457 2715 554 2749 tum
585 2708 705 2761 quod
742 2709 955 2749 continue
992 2708 1175 2759 influat;
1217 2710 1335 2750 unde
1372 2711 1572 2763 sequitur
1607 2710 1727 2763 quod

242 2776 479 2823 utrumque
519 2770 642 2817 illud,
686 2778 780 2811 tam
821 2771 990 2811 bonurn
1031 2772 1196 2812 amoris
1236 2786 1369 2825 quam
1411 2786 1566 2812 verum
1608 2772 1724 2819 fidei,

244 2831 499 2872 nullatenus
525 2833 583 2873 sit
608 2833 815 2881 hominis,
840 2833 919 2874 sed
947 2833 1128 2874 Domini
1154 2835 1272 2887 apud
1298 2835 1449 2875 illum:
1485 2842 1723 2888 utrumque

243 2894 352 2936 illud
373 2895 529 2946 influit,
554 2902 773 2949 quantum
797 2896 965 2938 malum
988 2903 1035 2938 et
1061 2897 1221 2938 falsum
1246 2911 1335 2938 non
1359 2898 1573 2949 obstant;
1608 2898 1722 2939 haec
