1962 3334
215 293 322 335 1424
624 291 957 326 APOCALYPSIS
989 293 1287 326 EXPLICATA.

277 406 338 438 “A
357 406 501 438 deserto
518 412 554 438 et
574 406 711 438 Libano
727 407 795 439 hoc
815 417 927 448 usque
943 407 989 439 ad
1006 407 1152 439 fluvium
1172 418 1355 448 magnum,
1373 408 1520 440 fluvium
1542 407 1703 450 Euphra-

387 456 470 488 tem,
484 451 653 482 universa
669 457 764 482 terra
777 451 1035 490 Chittaeorum,
1049 458 1085 483 et
1100 462 1215 493 usque
1229 453 1274 483 ad
1291 462 1389 484 mare
1403 462 1587 492 magnum,
1601 462 1704 484 occa-

386 504 465 525 sum
483 494 580 533 solis,
599 495 667 526 erit
683 495 858 526 terminus
875 494 1022 526 vester’'
1040 495 1074 536 (i.
1092 497 1145 535 4):

208 593 252 633 in
279 592 349 633 his
375 593 486 634 locis
513 594 726 634 extensio
748 593 968 635 ecclesiae
994 594 1051 634 ab
1076 607 1166 635 uno
1191 593 1279 634 fine
1310 594 1368 635 ad
1400 593 1595 635 alterum
1620 594 1700 635 de-

209 656 444 707 scribitur3
477 670 589 696 unus
608 656 700 709 ejus
719 656 817 697 finis
840 658 914 709 qui
937 663 1006 698 est
1030 659 1311 711 cognitivum
1334 664 1380 698 et
1404 656 1701 698 scientificum

209 733 288 772 per
313 719 607 760 “Libanum’'
629 726 676 760 et
702 719 903 768 “mare,‘’
922 726 968 760 et
992 719 1109 761 alter
1131 719 1230 760 finis
1253 721 1327 773 qui
1349 726 1419 760 est
1442 720 1700 761 intuitivum

208 788 255 822 et
298 782 599 834 cogitativum
644 781 925 835 significatur
969 797 1047 836 per
1095 783 1313 823 “fluvium
1363 783 1646 836 Euphratem
1666 782 1701 824 :”

208 845 422 885 extensio
454 851 601 886 terrae
629 844 855 886 Canaanis
881 851 952 886 est
979 846 1192 886 extensio
1224 845 1457 895 ecclesiae,
1486 858 1591 886 nam
1622 860 1702 899 per

209 909 414 947 “terram
442 906 734 948 Canaanem'’
761 908 805 948 in
833 907 989 949 Verbo
1015 908 1295 961 significatur
1327 908 1544 949 ecclesia:
1578 909 1699 962 quod

207 970 275 1010 bis
302 971 478 1011 dicatur
507 970 745 1020 “fluvius,”
772 984 935 1024 nempe
960 971 1153 1012 “fluvius
1187 985 1393 1025 magnus,
1421 971 1700 1012 fluviusssEu-

206 1032 432 1086 phrates,”
444 1040 514 1074 est
527 1034 629 1087 quia
641 1047 720 1087 per
734 1034 952 1074 “fluvium
966 1047 1181 1087 magnum
1195 1034 1215 1048 '’
1226 1034 1497 1087 intelligitur
1507 1033 1701 1074 influxus

206 1095 504 1149 spiritualium
541 1097 585 1136 in
622 1096 877 1145 rationalia,
917 1103 964 1137 et
1005 1110 1084 1150 per
1124 1096 1343 1137 “fluvium
1382 1096 1665 1150 Euphratem
1681 1096 1701 1111 ”

205 1159 399 1200 influxus
422 1159 710 1200 rationalium
733 1160 777 1200 in
801 1159 1038 1209 naturalia,
1060 1161 1122 1200 ita
1146 1174 1224 1213 per
1246 1166 1485 1213 utrumque
1506 1159 1700 1201 influxus

205 1222 503 1276 spiritualium
530 1236 609 1276 per
635 1223 858 1263 rationale
884 1224 928 1263 in
956 1223 1192 1264 naturalia.
1256 1222 1394 1276 Apud
1419 1222 1630 1272 Medeam,

273 1320 292 1334 ‘⁸
303 1319 390 1350 Dies
406 1319 463 1350 hic
477 1329 548 1359 quo
562 1329 675 1360 usque
692 1319 737 1350 ad
754 1325 789 1350 te
807 1319 954 1351 venient
966 1319 1049 1350 inde
1062 1320 1107 1350 ab
1122 1319 1285 1351 Aschure
1299 1325 1335 1351 et
1351 1320 1397 1351 ad
1411 1320 1518 1351 urbes
1531 1319 1700 1360 Aegypti,

379 1369 414 1394 et
432 1363 513 1394 inde
528 1364 572 1393 ab
586 1363 754 1403 Aegypto
767 1373 880 1404 usque
894 1363 938 1394 ad
951 1363 1110 1401 fluvium,
1122 1370 1157 1394 et
1174 1364 1219 1394 ad
1237 1373 1334 1394 mare
1345 1373 1367 1394 a
1379 1364 1480 1402 mari,
1494 1370 1530 1395 et
1546 1373 1567 1394 a
1578 1369 1700 1395 monte

379 1407 425 1438 ad
443 1412 605 1438 montem
617 1406 636 1418 ''
651 1407 722 1446 (vii.
744 1409 796 1447 12)
811 1417 818 1439 ;

204 1515 283 1555 per
318 1502 430 1543 haec
463 1502 733 1543 describitur
763 1503 1034 1543 instauratio
1066 1502 1287 1543 ecclesiae
1319 1502 1438 1556 apud
1476 1508 1641 1565 gentes
1673 1516 1699 1543 a

205 1565 428 1615 Domin03
465 1565 599 1606 “dies
631 1565 735 1606 hic”
762 1564 987 1618 significat
1015 1566 1262 1606 adventum
1291 1565 1499 1616 Domini;
1532 1572 1698 1606 exten-

204 1629 270 1669 sio
297 1628 517 1669 ecclesiae
544 1629 601 1670 ab
627 1642 717 1670 uno
744 1628 830 1669 fine
853 1629 909 1669 ad
933 1628 1126 1669 alterum
1150 1629 1268 1682 apud
1295 1629 1398 1670 illos
1421 1629 1700 1682 significatur

203 1706 282 1745 per
317 1692 438 1746 quod
473 1693 689 1733 “venturi
721 1692 779 1733 ab
811 1691 1020 1733 Aschure
1052 1693 1108 1732 ad
1142 1692 1273 1732 urbes
1306 1691 1529 1745 Aegypti,
1557 1699 1604 1734 et
1641 1693 1699 1733 ab

202 1755 426 1809 Aegypto
448 1756 505 1796 ad
528 1755 709 1796 fluvium
728 1755 762 1806 ;”
785 1755 997 1796 extensio
1015 1755 1107 1795 veri
1130 1755 1187 1795 ab
1209 1768 1298 1795 uno
1315 1754 1403 1796 fine
1425 1755 1483 1796 ad
1505 1755 1698 1796 alterum

202 1818 482 1872 significatur
513 1833 592 1872 per
621 1819 716 1859 “ad
749 1832 872 1859 mare
904 1832 929 1859 a
961 1819 1071 1858 mari
1089 1818 1123 1868 ;'’
1160 1826 1206 1859 et
1239 1819 1452 1859 extensio
1482 1819 1589 1859 boni
1620 1833 1700 1873 per

205 1886 269 1923 “a
295 1889 452 1923 monte
480 1882 536 1923 ad
564 1881 809 1923 montem.”
870 1881 1009 1935 Apud
1035 1881 1270 1930 Davidem,

269 1977 415 2009 “Vitem
431 1987 475 2009 ex
491 1977 658 2018 Aegypto
672 1977 850 2018 proficisci
865 1977 994 2016 fecisti,
1012 1977 1181 2018 expulisti
1195 1982 1331 2017 gentes,
1344 1982 1379 2009 et
1392 1977 1563 2018 plantasti
1578 1977 1675 2008 illam
1691 1987 1698 2015 ;

381 2047 388 2053 .
404 2047 411 2053 .
426 2046 432 2053 .
448 2021 615 2053 ‚emisisti
630 2021 850 2061 propagines
868 2021 946 2061 ejus
963 2031 1075 2062 usque
1093 2021 1138 2052 ad
1155 2031 1264 2058 mare,
1283 2027 1318 2052 et
1334 2021 1379 2052 ad
1399 2021 1546 2053 fluvium
1561 2031 1699 2053 ramus-

375 2065 475 2096 culos
494 2065 572 2105 ejus
584 2064 602 2076 ''
620 2065 692 2105 (Ps.
711 2065 804 2096 lxxx.
822 2075 852 2106 9,
873 2073 911 2096 12
928 2063 987 2107 [B.
1001 2066 1046 2096 A.
1066 2065 1094 2102 8,
1116 2062 1205 2106 11]):

201 2175 280 2215 per
301 2161 511 2202 “vitem”
530 2158 700 2214 mquam
720 2161 843 2201 Deus
862 2159 1083 2214 proficisci
1105 2160 1211 2201 fecit
1237 2163 1337 2201 “ex
1357 2159 1611 2214 Aegypto''
1628 2160 1696 2200 in-

201 2224 470 2277 telliguntur
491 2223 567 2264 filii
591 2223 784 2272 Israelis,
801 2230 848 2264 et
872 2223 1152 2276 significatur
1170 2223 1376 2272 ecclesia,
1397 2236 1501 2263 nam
1522 2224 1664 2264 “vitis
1677 2223 1696 2239 ”

201 2287 427 2342 significat
464 2287 704 2328 ecclesiam
742 2287 1048 2341 spiritualem;
1094 2286 1219 2327 illam
1261 2287 1399 2327 etiarn
1435 2285 1692 2340 significant

203 2351 317 2392 “filii
336 2350 514 2392 Israelis
533 2350 567 2390 :”
594 2357 640 2391 et
665 2351 767 2404 quia
789 2349 983 2391 ecclesia
1001 2356 1190 2390 vocatur
1211 2349 1394 2398 “vitis‚”
1411 2349 1513 2390 ideo
1534 2349 1698 2390 dicitur

204 2414 467 2455 “Plantasti
490 2426 604 2462 eam,
625 2413 813 2454 emisisti
838 2413 1110 2466 propagines
1131 2412 1223 2465 ejus
1246 2426 1386 2465 usque
1408 2412 1465 2452 ad
1488 2425 1624 2461 mare,
1648 2419 1695 2452 et

202 2478 259 2519 ad
286 2478 467 2518 fluvium
493 2476 772 2517 ramusculos
799 2476 931 2529 ejus,”
953 2490 1032 2529 per
1057 2490 1170 2529 quae
1193 2475 1461 2516 describitur
1483 2477 1695 2517 extensio

203 2540 501 2595 spiritualium
538 2539 784 2590 ecclesiae;
830 2539 1026 2580 “mare’'
1057 2545 1129 2579 est
1167 2552 1279 2579 unus
1316 2551 1471 2579 eorum
1507 2538 1619 2588 finis,
1648 2546 1695 2580 et

204 2603 441 2653 “fluvius‚”
473 2617 552 2658 per
587 2617 720 2657 quem
758 2603 1028 2656 intelligitur
1060 2602 1334 2656 Euphrates,
1368 2602 1485 2643 alter
1515 2602 1694 2643 illorum

200 2667 313 2708 finis.
376 2667 458 2708 Per
487 2665 841 2720 “Euphratem”

421 2763 492 2805 Qui
509 2768 587 2794 erat
603 2768 750 2804 quartus
767 2762 895 2794 fluvius
912 2762 1036 2793 exiens
1053 2771 1098 2793 ex
1116 2761 1238 2793 Edene
1252 2760 1347 2802 (Gen.
1365 2761 1398 2794 ii.
1414 2761 1476 2803 14),

201 2859 341 2900 etiam
370 2857 648 2911 significatur
672 2856 908 2905 rationale,
937 2869 1041 2897 nam
1069 2870 1147 2909 per
1175 2855 1398 2896 “hortum
1430 2856 1475 2896 in
1501 2854 1693 2896 Edene'’

199 2936 277 2963 seu
300 2921 555 2975 paradisum
574 2920 852 2974 significatur
874 2920 1123 2973 sapientia;
1157 2920 1260 2973 quid
1285 2933 1362 2972 per
1385 2925 1476 2960 tres
1494 2919 1689 2972 reliquos
