1962 3334
623 275 730 308 CAP.
753 275 815 316 x.‚
837 275 975 308 VERs.
997 275 1144 319 9.-—N.
1165 265 1326 320 617[c].
1612 275 1720 320 1549

230 385 338 441 quid
372 385 650 440 significatur
684 401 763 440 per
793 387 1068 429 “comedere
1103 402 1164 429 ex
1200 388 1359 429 arbore
1394 387 1609 430 scientiae
1621 388 1641 404 ''
1671 389 1717 429 in

234 448 403 498 Genesi,

296 548 316 561 ‘⁸
327 546 511 588 Praecepit
526 547 687 589 Jehovah
706 547 803 580 Deus
819 548 967 587 homini,
984 549 1146 587 dicendo,
1162 549 1215 581 De
1232 550 1331 581 omni
1347 551 1475 582 arbore
1490 550 1583 582 horti
1600 538 1720 582 come-

403 591 521 623 dendo
540 592 717 630 comedes,
736 599 773 623 at
795 592 840 623 de
858 593 985 624 arbore
1009 593 1179 624 scientiae
1202 594 1288 624 boni
1312 600 1348 625 et
1371 594 1467 632 mali,
1482 594 1527 625 de
1551 595 1618 625 hac
1641 604 1717 625 non

403 635 580 718 cgmeqes,
597 635 679 676 quia
695 645 765 676 quo
781 635 838 667 die
855 636 1053 667 comederis
1072 636 1117 668 de
1135 646 1188 674 ea,
1206 637 1393 669 moriendo
1412 638 1619 669 moriemini
1631 637 1650 649 ”
1667 637 1717 676 (ii.

405 686 420 708 1
447 703 455 713 .
476 685 515 717 17
540 689 548 710 :

229 798 308 838 per
334 785 576 826 “arborem
606 787 821 827 scientiae
846 787 953 827 boni
984 792 1032 828 et
1062 786 1169 827 mali
1181 786 1201 801 ’¹
1226 786 1505 840 significatur
1529 788 1719 828 scientia

229 861 375 888 rerum
401 849 683 896 naturalium,
710 863 790 902 per
813 862 946 902 quam
971 862 1063 890 non
1089 849 1195 890 licet
1226 850 1393 891 intrare
1424 851 1468 891 in
1500 850 1716 892 caelestia

230 917 278 952 et
302 911 549 964 spiritualia
573 926 687 965 quae
713 912 825 953 caeli
850 918 897 952 et
922 912 1142 953 ecclesiae
1167 918 1287 961 sunt,
1311 913 1498 966 proinde
1523 926 1550 952 a
1580 919 1713 953 natu-

230 974 311 1015 rali
332 974 513 1016 homine
538 976 582 1016 in
604 975 906 1029 spiritualem;
938 989 1051 1029 quae
1072 976 1144 1016 via
1164 976 1342 1016 inversa
1362 982 1447 1024 est,
1470 982 1517 1016 et
1540 976 1601 1016 sic
1624 989 1716 1016 non

229 1037 353 1078 ducit
388 1038 446 1078 ad
482 1039 763 1092 sapientiam,
796 1039 875 1079 sed
913 1039 1103 1079 destruit
1137 1038 1274 1079 illam.
1334 1039 1418 1079 Per
1449 1038 1718 1079 “Adamum

228 1105 276 1140 et
310 1099 404 1152 ejus
434 1100 655 1141 uxorem’'
685 1101 951 1154 intelligitur
988 1101 1195 1142 Ecclesia
1225 1101 1568 1155 Antiquissima,
1601 1114 1717 1154 quae

227 1161 309 1203 suit
343 1163 534 1204 ecclesia
569 1164 790 1204 caelestis.
852 1163 1074 1205 Homines
1110 1164 1226 1205 illius
1261 1163 1495 1212 ecclesiae,
1529 1164 1632 1217 quia
1671 1164 1718 1203 in

229 1238 383 1267 amore
422 1226 466 1266 in
508 1226 751 1268 Dominum
786 1227 977 1276 fuerunt,
1015 1227 1266 1268 habuerunt
1301 1227 1464 1267 Divina
1493 1241 1599 1267 vera
1635 1226 1718 1267 sibi

228 1290 457 1343 inscripta,
484 1296 531 1331 et
562 1290 665 1330 inde
696 1304 755 1330 ex
787 1290 956 1330 influxu
988 1297 1210 1331 noverunt
1241 1290 1641 1343 correspondentia
1670 1289 1717 1329 in

230 1351 424 1393 naturali
463 1352 659 1401 homine,
697 1366 810 1406 quae
851 1359 1072 1394 vocantur
1112 1352 1383 1402 scientifica;
1428 1352 1582 1400 verbo,
1618 1358 1716 1392 erat

229 1415 348 1468 apud
372 1415 474 1456 illos
498 1415 692 1456 influxus
718 1415 971 1468 spiritualis,
998 1416 1063 1456 ita
1087 1429 1114 1456 a
1144 1415 1360 1469 spirituali
1387 1421 1540 1455 mente
1565 1415 1610 1455 in
1636 1428 1718 1454 na-

231 1476 437 1526 turalem,
463 1484 510 1518 et
536 1479 598 1518 sic
629 1479 673 1518 in
699 1478 776 1518 illa
800 1492 914 1531 quae
940 1479 1013 1526 ibi,
1040 1491 1154 1532 quae
1179 1478 1388 1518 viderunt
1413 1477 1562 1531 qualia
1585 1483 1716 1517 erant

231 1540 348 1582 sicut
372 1541 415 1581 in
438 1541 622 1594 speculo
642 1555 703 1581 ex
725 1542 1136 1594 correspondentia.
1196 1540 1453 1594 Spiritualia
1474 1540 1591 1593 apud
1616 1539 1719 1580 illos

230 1616 410 1656 prorsus
429 1602 642 1645 distincta
658 1611 788 1644 erant
810 1618 837 1644 a
857 1604 1135 1645 naturalibus
1152 1618 1162 1654 ;
1195 1603 1440 1657 spiritualia
1458 1603 1718 1643 residebant

233 1667 279 1706 in
312 1673 466 1707 mente
502 1680 656 1708 eorum
693 1667 926 1720 spirituali,
954 1674 1001 1707 et
1038 1666 1260 1707 naturalia
1295 1667 1339 1706 in
1376 1672 1529 1706 mente
1566 1678 1719 1705 eorum

231 1729 438 1778 naturali,
464 1736 511 1770 et
542 1730 645 1770 inde
671 1743 762 1770 non
788 1730 954 1782 aliquid
979 1729 1210 1783 spirituale
1235 1730 1549 1769 immerserunt
1576 1728 1720 1768 menti

232 1792 438 1840 naturali,
450 1799 499 1832 ut
513 1792 662 1832 solent
677 1792 931 1845 spirituales
942 1792 1168 1833 naturales
1181 1791 1385 1832 homines
1401 1804 1411 1830 ε
1443 1797 1720 1844 quapropter

182 1877 185 1878 ⁷
233 1855 270 1896 si
305 1855 551 1909 spiritualia
581 1855 872 1895 tradidissent
904 1855 1146 1896 memoriae
1179 1854 1386 1902 naturali,
1418 1861 1465 1894 et
1496 1867 1551 1894 eo
1582 1853 1720 1894 modo

234 1918 645 1972 ‘appropriavissent
667 1918 750 1957 sibi
771 1917 861 1966 illa,
886 1918 1091 1970 periisset
1113 1917 1295 1958 insitum
1317 1917 1437 1970 quod
1459 1916 1577 1969 apud
1602 1915 1720 1964 illos,

233 1987 280 2022 et
301 1982 528 2034 cepissent
549 1994 609 2020 ex
632 1980 822 2020 naturali
845 1980 1025 2020 homine
1047 1980 1301 2020 ratiocinari
1323 1979 1380 2020 de
1402 1979 1718 2032 spiritualibus,

222 2049 282 2097 et
310 2043 416 2083 inde
447 2043 714 2084 concludere
746 2043 836 2091 illa,
869 2043 989 2096 quod
1021 2055 1238 2096 nusquam
1270 2042 1465 2092 faciunt;
1506 2042 1551 2082 id
1583 2043 1719 2082 etiam

232 2106 348 2148 foret
378 2120 438 2147 ex
469 2106 647 2159 propria
672 2105 978 2158 intelligentia
1002 2105 1119 2145 velle
1146 2118 1317 2157 sapere,
1345 2111 1392 2145 et
1423 2117 1513 2145 non
1545 2118 1605 2144 ex
1638 2104 1720 2144 Di-

233 2169 351 2217 vina,
377 2176 427 2210 ut
451 2169 583 2222 priuS,
606 2176 652 2209 et
678 2182 758 2221 per
782 2169 826 2208 id
852 2169 1185 2208 exstinxissent
1211 2181 1392 2208 omnem
1423 2168 1563 2208 vitam
1595 2180 1722 2207 suam

235 2231 496 2280 caelestem,
523 2245 575 2272 ac
602 2233 828 2284 cepissent
856 2231 1083 2272 naturales
1108 2231 1231 2271 ideas
1257 2231 1394 2271 etiam
1426 2230 1482 2270 de
1513 2230 1720 2283 spiritua-

236 2294 365 2336 libus.
426 2294 528 2335 Hoc
554 2295 706 2347 itaque
732 2293 1008 2346 significatur
1033 2307 1111 2347 per
1135 2293 1256 2347 quod
1275 2297 1404 2334 “non
1426 2293 1719 2334 comederent

236 2370 295 2399 ex
320 2357 479 2398 arbore
505 2358 720 2398 scientiae
746 2357 851 2397 boni
877 2363 923 2397 et
950 2356 1093 2404 mali,”
1119 2363 1166 2397 et
1194 2357 1230 2397 si
1256 2356 1576 2402 comedissent,
1602 2355 1723 2409 quod

237 2420 508 2461 “moriendo
526 2419 830 2460 morirentur.'’
890 2419 1054 2460 Similis
1075 2433 1146 2460 res
1168 2432 1269 2460 cum
1283 2419 1603 2472 antiquissimis
1622 2419 1722 2466 illis,

236 2483 311 2536 qui
341 2496 419 2536 per
444 2482 746 2523 “Adamum'’
771 2482 1101 2535 intelliguntur,
1129 2481 1224 2531 suit,
1258 2495 1372 2535 quae
1401 2490 1502 2522 cum
1532 2481 1619 2521 illis
1650 2482 1724 2535 qui

237 2547 283 2587 in
307 2559 447 2599 regno
472 2546 658 2587 caelesti
691 2546 872 2586 Domini
903 2551 1035 2595 sunt;
1072 2545 1116 2586 hi
1148 2546 1184 2586 si
1212 2545 1463 2587 naturalem
1495 2545 1724 2585 hominem

240 2616 286 2649 et
308 2608 400 2661 ejus
422 2610 683 2650 memoriam
705 2610 909 2649 imbuunt
934 2609 1265 2661 cognitionibus
1287 2610 1379 2650 veri
1401 2615 1447 2649 et
1469 2609 1575 2648 boni
1597 2609 1723 2661 spiri-

240 2671 387 2720 tualis,
413 2678 459 2712 et
491 2686 550 2713 ex
575 2672 662 2712 illis
686 2672 845 2712 volunt
877 2685 1048 2724 sapere,
1075 2670 1185 2712 fiunt
1211 2672 1406 2725 stupidi;
1443 2684 1542 2711 cum
1570 2677 1724 2711 tamen

241 2738 346 2772 sunt
371 2733 572 2773 omnium
597 2733 920 2786 sapientissimi
950 2732 994 2772 in
1021 2731 1165 2772 caelo.
1224 2743 1303 2780 (Sed
1322 2743 1363 2772 de
1382 2743 1430 2771 his
1449 2743 1616 2771 videamur
1634 2742 1727 2779 plura

241 2795 274 2824 iu
294 2804 390 2833 opere
405 2797 455 2826 De
473 2797 564 2826 Caelo
578 2800 608 2825 et
621 2797 758 2835 Inserno,
775 2805 805 2825 n.
821 2798 930 2829 20-28.
946 2796 1000 2824 ubi
1022 2795 1130 2824 aetum
1152 2801 1198 2824 est
1221 2796 1271 2825 De
1293 2796 1380 2825 Binis
1404 2795 1532 2832 Regnis,
1548 2795 1674 2824 caelesti
1696 2798 1727 2823 et

241 2845 403 2882 spirituali.
418 2845 451 2875 iu
465 2854 548 2884 quae
563 2846 695 2876 Caelum
711 2846 743 2875 in
758 2845 921 2875 communi
936 2845 1120 2874 distinctum
1134 2846 1208 2884 αἱ.)
1265 2835 1405 2888 *qpud
1430 2834 1668 2881 Davidem,
