1962 3334
307 247 414 290 1720
717 245 1048 277 APOCALYPSIS
1080 243 1380 277 EXPLICATA.

301 373 421 400 mere
440 358 708 399 naturalium
727 359 958 399 hominum
977 359 1020 399 in
1040 358 1209 398 mundo
1229 356 1459 411 spirituali,
1477 355 1595 403 alibi,
1612 354 1795 396 volente

300 422 511 470 Domino,
538 422 662 475 plura
689 422 907 462 dicentur.
970 421 1104 473 Quod
1130 435 1208 474 per
1225 418 1562 472 “Aegyptum''
1580 419 1623 459 in
1642 418 1796 458 Verbo

299 485 576 537 significetur
600 485 815 525 naturalis
840 485 976 525 homo
999 485 1042 524 in
1067 491 1256 537 utroque
1280 496 1427 531 sensu,
1447 482 1568 522 bono
1591 488 1636 522 et
1659 481 1793 528 malo,

299 555 629 601 consequenter
655 561 789 588 omne
815 548 858 587 id
886 547 1006 600 quod
1034 548 1210 599 proprie
1237 553 1305 587 est
1339 545 1554 586 naturalis
1586 545 1793 591 hominis,

299 617 394 651 erat
413 625 546 651 causa
564 612 666 664 quia
684 611 726 650 in
744 610 964 664 Aegypto
983 610 1316 650 excolebantur
1334 610 1563 656 scientiae,
1580 607 1795 660 imprimis

298 674 485 714 scientia
503 673 1002 726 correspondentiarum
1021 680 1066 713 et
1085 672 1568 725 repraesentationum,
1589 677 1794 722 tempore

297 737 476 789 quando
500 736 715 777 ecclesiae
739 736 915 777 suerunt
934 735 1350 788 repraesentativae
1369 748 1376 774 :
1405 733 1484 774 sed
1507 734 1610 787 quia
1633 746 1793 773 secun-

296 800 403 839 dum
438 800 862 851 correspondentias
895 799 977 839 sibi
1010 799 1212 839 fecerunt
1245 797 1495 845 simulacra,
1525 810 1652 850 quae,
1687 796 1792 836 dum

296 862 352 902 ab
370 863 557 903 internis
579 860 682 903 fac‘ti
702 869 805 902 sunt
830 876 1009 914 prorsus
1028 862 1221 909 externi,
1242 861 1328 901 ritu
1347 858 1505 900 sancto
1528 860 1793 912 inceperunt

296 924 458 974 colere,
479 925 596 965 unde
615 923 731 966 facta
749 932 852 965 sunt
869 924 954 964 illis
973 923 1107 972 idola,
1125 937 1261 976 quare
1276 928 1509 963 verterunt
1527 935 1792 975 repraesen-

297 988 439 1028 tativa
456 987 749 1040 spiritualium
769 994 815 1028 et
834 987 1098 1028 caelestium
1115 988 1157 1026 in
1177 985 1474 1033 idololatrica,
1492 991 1537 1025 et
1552 999 1729 1038 quoque
1748 985 1791 1025 in

295 1051 484 1103 magica,
510 1051 612 1091 inde
636 1058 704 1091 est
731 1051 851 1104 quod
880 1064 957 1103 per
982 1054 1006 1069 ‘⁴
1022 1049 1322 1102 Aegyptum”
1345 1050 1388 1089 in
1411 1049 1567 1089 Verbo
1589 1049 1631 1088 in
1658 1061 1791 1088 sensu

296 1113 430 1162 malo,
455 1115 528 1167 qui
551 1121 620 1155 est
648 1115 781 1166 priori
808 1114 1060 1166 oppositus,
1086 1112 1364 1165 significetur
1387 1110 1683 1152 scientificum
1709 1111 1789 1151 fal-

293 1190 391 1217 sum
410 1177 625 1218 naturalis
643 1178 851 1225 hominis,
873 1184 918 1218 et
937 1190 1115 1230 quoque
1135 1175 1467 1216 idololatricum
1486 1182 1530 1215 et
1550 1175 1789 1228 magicum.

296 1238 430 1292 Quod
460 1240 568 1280 talia
595 1254 672 1292 per
698 1239 1029 1293 “Aegyptum’'
1053 1238 1377 1291 significentur,
1403 1244 1612 1278 constare
1637 1244 1789 1290 potest

294 1316 353 1342 ex
378 1303 656 1355 perpluribus
681 1303 790 1344 locis
809 1305 851 1343 in
872 1303 1028 1343 Verbo
1048 1316 1057 1342 :
1092 1302 1171 1342 sed
1194 1308 1439 1354 antequam
1458 1301 1714 1341 accedimus
1733 1301 1789 1341 ad

294 1365 651 1406 confirmandum
684 1366 792 1406 illud
825 1380 883 1406 ex
918 1365 1088 1413 Verbo,
1124 1366 1234 1405 scire
1268 1364 1485 1404 debemus
1518 1364 1637 1417 quod
1669 1365 1788 1416 apud
1845 1425 1847 1427 v

294 1430 633 1482 unumquemvis
648 1430 875 1470 hominem
892 1430 948 1469 sit
964 1430 1190 1469 internum
1203 1428 1322 1481 quod
1339 1442 1396 1467 ex
1411 1427 1508 1468 luce
1524 1428 1636 1467 caeli
1648 1428 1785 1475 videt,

291 1491 411 1545 quod
434 1493 659 1532 internum
682 1499 870 1532 vocatur
893 1492 1029 1532 homo
1052 1493 1255 1531 internus
1279 1490 1535 1543 spiritualis,
1560 1504 1637 1530 seu
1661 1504 1787 1531 mens

290 1550 751 1608 interna'spiritualis,
777 1562 822 1595 et
847 1562 1088 1595 externum
1115 1554 1235 1607 quod
1262 1568 1320 1594 ex
1346 1553 1443 1593 luce
1471 1553 1623 1593 mundi
1646 1554 1784 1601 videt,

290 1618 411 1671 quod
433 1626 675 1659 externum
697 1625 885 1659 vocatur
908 1618 1044 1658 homo
1067 1624 1285 1658 externus
1309 1616 1539 1664 naturalis,
1557 1630 1634 1657 seu
1658 1630 1785 1656 mens

290 1687 483 1721 externa
515 1681 756 1722 naturalis:
801 1681 920 1733 apud
953 1694 1134 1721 omnem
1177 1680 1406 1720 hominem
1442 1679 1659 1720 ecclesiae
1701 1680 1785 1719 erit

289 1744 514 1784 internum
533 1743 819 1797 conjunctum
838 1751 1045 1791 externo,
1067 1758 1143 1783 seu
1163 1744 1364 1783 internus
1383 1742 1624 1795 spiritualis
1647 1742 1784 1783 homo

290 1805 554 1859 conjunctus
581 1814 774 1848 externo
802 1807 995 1847 naturali
1027 1807 1222 1857 homini;
1267 1812 1312 1846 et
1345 1805 1526 1859 quando
1558 1803 1783 1857 conjuncti

288 1877 406 1919 sunt,
427 1877 534 1911 tunc
553 1870 792 1923 spiritualis
812 1871 961 1917 homo,
983 1871 1085 1923 quia
1107 1871 1150 1909 in
1170 1869 1269 1909 luce
1288 1868 1399 1909 caeli
1422 1875 1505 1916 est,
1526 1868 1783 1909 dominatur

287 1946 419 1985 super
434 1923 686 1974 naturalem
703 1934 931 1974 hominem
947 1934 1019 1986 qui
1038 1934 1080 1973 in
1098 1933 1196 1973 luce
1212 1932 1366 1972 mundi
1380 1939 1464 1979 est,
1479 1945 1529 1972 ac
1549 1933 1664 1984 regit
1680 1945 1782 1972 eum

288 1997 402 2037 sicut
420 1997 551 2037 herus
570 1997 796 2045 famulum,
811 2011 861 2037 ac
881 1997 1016 2037 docet
1034 1997 1148 2037 sicut
1164 1997 1380 2048 magister
1395 1995 1662 2048 discipulum
1680 2009 1687 2044 ;
1722 2010 1780 2036 ex

286 2058 364 2099 illa
390 2058 703 2112 conjunctione
730 2060 867 2100 homo
895 2066 963 2099 est
990 2060 1127 2099 homo
1155 2059 1374 2099 ecclesiae
1406 2065 1451 2098 et
1479 2065 1548 2099 est
1574 2058 1779 2111 angelus

288 2122 354 2162 At
374 2137 480 2162 vero
499 2123 679 2176 quando
698 2122 913 2163 naturalis
936 2123 1072 2162 homo
1091 2136 1180 2162 non
1201 2120 1464 2174 conjunctus
1484 2129 1552 2162 est
1571 2135 1671 2162 cum
1690 2123 1780 2174 spi-

287 2185 434 2225 rituali
457 2192 503 2225 et
526 2186 564 2225 ei
591 2185 921 2233 subordinatus,
943 2185 1062 2238 quod
1087 2185 1134 2225 fit
1159 2186 1374 2237 imprimis
1397 2185 1577 2238 quando
1599 2186 1779 2237 spiritu-

288 2247 369 2287 alis
387 2248 524 2288 homo
542 2248 747 2289 occlusus
765 2255 848 2296 est,
866 2247 931 2300 (et
951 2247 1156 2288 occlusus
1175 2254 1244 2288 est
1263 2248 1380 2300 apud
1399 2247 1499 2287 illos
1517 2248 1590 2300 qui
1609 2255 1780 2300 negant

289 2310 453 2351 Divina
479 2311 619 2351 Verbi
651 2318 696 2352 et
729 2311 960 2359 ecclesiae,
989 2318 1096 2351 tunc
1124 2311 1242 2351 enim
1270 2310 1377 2350 nihil
1405 2311 1559 2351 vident
1586 2325 1644 2351 ex
1679 2311 1778 2352 luce

287 2373 437 2427 caeli,)
454 2380 560 2414 tunc
578 2374 794 2414 naturalis
812 2374 949 2414 homo
966 2374 1009 2413 in
1028 2375 1249 2414 caecitate
1265 2373 1412 2426 quoad
1432 2374 1676 2425 spiritualia
1692 2381 1775 2422 est,

285 2443 332 2478 et
354 2450 433 2489 per
450 2437 670 2477 rationale
693 2451 821 2477 suum
845 2438 1060 2489 pervertit
1084 2438 1233 2477 omnia
1251 2451 1356 2477 vera
1379 2437 1610 2485 ecclesiae,
1631 2443 1676 2478 et
1700 2450 1778 2490 per

284 2500 408 2540 ideas
426 2500 544 2552 apud
563 2514 610 2540 se
628 2501 764 2540 vertit
786 2500 863 2540 illa
885 2501 928 2540 in
947 2500 1070 2540 falsa.
1133 2500 1200 2540 De
1219 2500 1301 2540 hac
1320 2514 1379 2548 re,
1398 2513 1573 2552 nempe,
1593 2500 1649 2540 de
1667 2513 1776 2541 con-

279 2561 509 2615 junctione
529 2563 767 2615 spiritualis
791 2563 983 2603 hominis
1002 2576 1102 2603 cum
1126 2563 1331 2611 naturali,
1353 2569 1397 2603 et
1416 2563 1471 2603 de
1490 2564 1775 2615 separatione

284 2625 499 2666 naturalis
522 2626 714 2665 hominis
732 2640 757 2665 a
775 2626 1007 2678 spirituali,
1028 2626 1181 2666 multis
1204 2627 1352 2678 agitur
1370 2626 1413 2665 in
1433 2625 1601 2674 Verbo,
1622 2626 1773 2678 impri-

283 2689 366 2728 mis
398 2688 470 2728 ubi
503 2688 558 2728 de
591 2688 837 2741 Aegypto;
881 2689 1092 2742 quoniam
1125 2703 1202 2741 per
1237 2693 1261 2708 ‘⁴
1275 2688 1541 2741 Aegyptum
1555 2688 1573 2703 ''
1604 2689 1773 2741 signifi-

282 2757 410 2791 catur
428 2751 643 2791 naturalis
666 2752 815 2798 homo,
837 2758 931 2792 tam
950 2750 1212 2803 conjunctus
1232 2765 1332 2792 cum
1351 2751 1567 2804 spirituali
1590 2752 1771 2793 homine

281 2827 416 2867 quam
442 2820 675 2865 separatus
703 2814 759 2854 ab
791 2814 894 2864 i110;
934 2821 979 2855 et
1006 2815 1078 2854 ubi
1110 2815 1258 2867 agitur
1284 2815 1339 2855 de
1367 2814 1558 2855 naturali
1589 2815 1770 2855 homine

281 2883 492 2929 separato
515 2891 540 2917 a
562 2877 791 2930 spirituali.
815 2877 1060 2930 Aegyptus
1078 2879 1356 2930 vituperatur
1374 2884 1418 2918 et
1442 2877 1663 2930 rejicitur.·
1708 2878 1770 2919 Et
