1962 3334
606 275 714 307 CAP.
737 274 820 315 XL,
842 247 1151 318 VERs.*7.—N.
1171 262 1335 318 650[e].
1422 292 1427 294 -
1457 263 1459 265 ’
1610 262 1711 316 1691

227 387 386 431 sansto
407 389 600 436 interno,
625 388 689 429 ita
711 387 775 428 illi
800 388 874 441 qui
899 387 944 428 in
970 386 1052 428 tali
1077 384 1238 427 sanc'to
1259 390 1392 427 sunt:
1426 398 1505 439 per
1529 386 1716 425 “terrae

226 451 432 493 motum‘'
453 450 731 504 significatur
753 451 947 491 mutatio
969 455 1119 490 status
1141 448 1387 490 ecclesiae:
1420 447 1541 502 quod
1562 451 1588 467 “
1603 460 1714 487 con-

226 515 492 555 tremiscent
523 514 669 567 pisces
701 513 850 560 maris,
883 513 979 552 avis
1010 510 1254 560 caelorum,
1285 510 1378 551 fera
1408 510 1520 563 agri,
1553 508 1716 562 reptile

228 583 377 618 terrae
415 583 464 617 et
504 577 650 616 omnis
690 574 868 623 homo,‘’
906 573 1132 627 significat
1172 574 1293 627 quod
1330 574 1482 614 omnia
1520 572 1717 613 hominis

225 639 375 693 quoad
409 638 487 679 illa
522 652 637 692 quae
668 637 889 678 ecclesiae
926 643 1031 677 sunt
1067 637 1185 690 apud
1217 635 1358 684 illum,
1392 635 1715 685 mutabuntur;

222 700 412 753 ⁴‘pisces
459 699 625 740 maris”
665 706 769 740 sunt
815 698 1077 748 scientifica,
1121 703 1267 740 “aves
1311 697 1570 739 caelorum”
1609 705 1715 738 sunt

220 763 530 816 cogitationes
554 763 673 811 inde,
695 762 851 803 “ferae
874 762 970 815 agri
984 762 1005 777 ”
1021 767 1127 802 sunt
1150 759 1411 802 affectiones
1432 761 1552 809 inde,
1574 764 1713 814 “rep-

225 824 306 866 tile
327 831 475 866 terrae
487 824 507 840 ”
524 831 629 866 sunt
652 825 959 878 cogitationes
982 830 1028 865 et
1051 822 1312 864 affestiones
1334 824 1379 864 in
1402 822 1597 865 sensuali
1615 837 1715 864 cor-

225 901 378 941 poreo,
397 894 443 928 et
464 891 490 908 “
502 887 640 928 homo
651 887 671 902 '’
689 894 793 928 sunt
811 887 963 927 omnia
981 886 1059 927 illa
1075 900 1101 927 a
1118 886 1272 940 primis
1289 886 1347 926 ad
1365 885 1538 927 ultima.
1594 885 1715 939 Quid

224 950 389 1004 alioqui
425 950 540 991 soret
577 950 698 1004 quod
734 949 811 990 illa
848 962 1002 990 coram
1037 948 1246 1002 Jehovah
1277 949 1715 990 contremiscerent?

224 1012 363 1066 Apud
389 1012 669 1061 Samariam,

290 1111 396 1144 “Erit
412 1112 448 1143 in
465 1112 523 1143 die
540 1112 602 1143 illo
619 1112 851 1143 tumultuatio
867 1121 1015 1152 magna.
1030 1137 1038 1144 .
1051 1136 1059 1143 .
1074 1136 1097 1150 .‚
1110 1111 1276 1153 Jehudah
1294 1112 1469 1152 pugnabit
1484 1118 1612 1143 contra
1630 1111 1716 1143 Hie-

398 1156 618 1196 rosolymam
635 1166 659 1191 ς.
673 1180 702 1187 ..
716 1162 768 1187 ‚et
795 1156 845 1186 ita
872 1155 942 1187 erit
965 1155 1073 1196 plaga
1096 1155 1187 1196 equi,
1212 1155 1310 1193 muli,
1334 1155 1462 1186 cameli
1485 1162 1522 1187 et
1548 1156 1654 1192 asini,
1680 1162 1716 1187 et

398 1199 519 1230 omnis
536 1199 674 1230 bestiae
691 1208 782 1239 quae
799 1199 867 1230 erit
883 1199 920 1230 in
937 1199 1064 1230 castris
1077 1199 1163 1230 illis.
1178 1224 1185 1230 .
1198 1223 1207 1230 .
1221 1210 1246 1231 .:
1271 1199 1402 1230 deinde
1418 1199 1538 1230 omnis
1550 1199 1716 1230 residuus

398 1243 584 1274 ascendet.
599 1267 606 1274 .
621 1267 628 1274 .
642 1267 650 1274 .
662 1242 957 1283 Hierosolymam
970 1241 989 1254 ''
1005 1242 1090 1282 (xiv.
1109 1242 1249 1282 13-15):

222 1337 289 1379 ita
313 1337 582 1378 describitur
613 1343 764 1377 status
796 1336 981 1377 ultimus
1012 1336 1233 1378 ecclesiae
1258 1338 1440 1386 veteris,
1468 1343 1515 1379 et
1546 1338 1714 1391 primus

212 1413 400 1442 novae:
444 1406 593 1441 status
633 1400 818 1441 ultimus
859 1400 1080 1441 ecclesiae
1119 1401 1288 1441 veteris
1327 1401 1606 1442 describitur*
1635 1415 1715 1455 per

226 1462 636 1504 “tumultationem
662 1476 891 1516 magnam,
917 1464 1099 1517 quando
1122 1463 1330 1516 Jehudah
1353 1464 1576 1518 pugnabit
1602 1478 1713 1505 con-

222 1533 295 1567 tra
321 1525 732 1578 Hierosolymam,”
757 1540 836 1579 per
866 1540 980 1580 quae
1006 1526 1276 1580 intelligitur
1300 1528 1495 1568 mutatio
1526 1534 1635 1576 tunc
1666 1534 1713 1568 et

222 1602 377 1643 pugna
406 1590 572 1630 amoris
609 1589 715 1630 mali
751 1595 913 1630 contra
943 1603 1050 1630 vera
1081 1588 1315 1630 doctrinae
1346 1590 1592 1631 ecclesiae:
1636 1605 1715 1644 per

226 1652 451 1706 “plagam
476 1653 592 1706 equi,
621 1651 745 1700 muli,
772 1651 947 1701 cameli,
976 1653 1089 1693 asini
1120 1659 1168 1693 et
1200 1653 1348 1693 omnis
1378 1653 1593 1702 bestiae‚’'
1619 1655 1711 1707 sig-

223 1713 462 1755 nificantur
496 1713 607 1754 talia
643 1728 757 1767 quae
794 1714 981 1755 laedunt
1018 1721 1065 1755 et
1103 1714 1344 1756 destruunt
1376 1715 1632 1764 ecclesiam,
1665 1723 1713 1758 et

222 1778 365 1818 vitam
387 1776 666 1830 spiritualem
689 1777 922 1818 hominum
945 1777 1191 1828 ecclesiae;
1224 1785 1271 1819 et
1294 1792 1372 1831 per
1396 1783 1590 1833 “equos,
1615 1794 1713 1821 mu-

223 1840 308 1889 los,
335 1839 549 1887 camelos,
576 1839 767 1888 asinos,”
793 1840 871 1880 illa
902 1854 1016 1894 quae
1049 1840 1227 1881 illorum
1252 1840 1513 1883 intelle6ms
1538 1849 1584 1884 et
1610 1843 1713 1884 illo-

223 1914 321 1944 rum
346 1902 597 1943 voluntatis
623 1909 743 1951 sunt,
768 1903 955 1956 proinde
982 1917 1096 1957 quae
1122 1903 1301 1944 illorum
1327 1906 1640 1958 cognitionum
1665 1914 1713 1948 et

224 1966 511 2010 affectionum
528 1982 538 2019 3
571 1969 677 2022 quid
694 1975 848 2009 autem
870 1969 915 2009 in
933 1970 1083 2022 specie
1102 1983 1182 2022 per
1200 1974 1226 1990 “
1239 1970 1444 2024 equum,”
1462 1972 1714 2021 “mulum,’‘

227 2030 520 2072 “camelum”
541 2037 588 2072 et
613 2032 826 2071 “asinum
838 2031 858 2046 ”
880 2031 1173 2084 significatur,
1198 2032 1305 2073 alibi
1328 2031 1496 2074 dictum
1511 2041 1609 2085 est;
1641 2035 1713 2076 hic

225 2093 372 2136 solum
402 2094 523 2148 quod
556 2094 774 2134 “bestia''
805 2094 1031 2147 significet
1063 2093 1349 2137 affectionem
1381 2097 1600 2138 naturalis
1630 2099 1714 2139 ho-

225 2156 371 2204 minis,
390 2164 437 2198 et
458 2170 538 2210 per
555 2160 581 2177 ‘⁴
594 2157 778 2210 plagam
795 2157 969 2198 bestiae
982 2157 1002 2172 ’'
1024 2157 1166 2199 laesio
1184 2165 1231 2199 et
1250 2158 1498 2201 destructio
1515 2160 1713 2202 affectio-

226 2219 296 2260 nis
320 2219 450 2260 illius.
510 2219 651 2273 Apud
677 2219 942 2269 Jeremiam,

293 2319 312 2334 ¹⁸
321 2319 516 2360 Quousque
524 2319 666 2360 lugebit
685 2326 792 2357 terra,
808 2327 843 2352 et
860 2321 973 2352 herba
990 2321 1109 2353 omnis
1128 2323 1205 2362 agri
1222 2325 1431 2356 exarescet?
1477 2324 1629 2365 Propter
1641 2335 1715 2356 ma·

400 2363 513 2394 litiam
530 2361 806 2396 1¹1habitantium
825 2365 861 2395 in
878 2374 921 2395 ea
936 2373 1197 2397 consumentur
1212 2367 1351 2398 bestiae
1368 2374 1404 2399 et
1421 2368 1500 2399 avis
1511 2367 1530 2379 ”
1547 2368 1620 2408 (xii.
1637 2370 1691 2407 4):

213 2466 306 2515 ‘per
342 2461 584 2502 “terram’'
616 2462 887 2515 intelligitur
927 2463 1150 2515 ecclesia;
1195 2478 1275 2518 per
1313 2465 1544 2507 “herbam
1585 2467 1713 2520 agri’'

227 2522 504 2576 significatur
535 2538 690 2566 verum
722 2525 944 2566 ecclesiae
976 2533 1135 2568 natum
1168 2534 1215 2568 et
1247 2541 1468 2580 nascens;
1500 2543 1580 2583 per
1608 2530 1713 2570 “lu-

226 2598 333 2638 gere
345 2586 365 2601 ”
389 2594 436 2627 et
464 2590 769 2629 “exarescere
781 2587 801 2603 ”
827 2588 1110 2641 significatur
1134 2591 1278 2644 perire
1309 2597 1356 2632 et
1388 2605 1467 2645 per
1491 2593 1712 2645 cupidita-

227 2654 298 2689 tes
315 2649 519 2703 dissipari
537 2664 546 2701 ;
579 2658 625 2692 et
648 2665 727 2705 per
746 2652 959 2693 “bestias
981 2659 1027 2693 et
1053 2667 1184 2694 avem
1200 2653 1219 2669 ”
1236 2668 1351 2708 quae
1373 2663 1711 2703 consumentur,

227 2710 538 2764 significantur
573 2713 833 2756 affeffiones
874 2716 981 2756 boni
1022 2722 1068 2756 et
1109 2716 1214 2757 inde
1251 2718 1556 2771 cogitationes
1593 2720 1710 2759 veri:

228 2774 348 2826 quod
369 2774 456 2815 hae
477 2777 700 2829 periturae
722 2778 813 2818 sint
838 2785 1023 2832 propter
1045 2779 1165 2820 mala
1186 2780 1230 2820 in
1253 2780 1460 2827 ecclesia,
1485 2782 1712 2834 sequitur;

228 2848 363 2889 quare
404 2837 543 2879 etiam
581 2839 756 2888 dicitur,
793 2845 1019 2895 “propter
1060 2841 1280 2883 malitiam
1322 2843 1626 2884 habitantium
1668 2844 1710 2884 in

229 2898 386 2939 terra.''
445 2899 581 2955 Apud
610 2901 813 2953 Esaiam,
