1962 3334
655 254 761 288 CAP.
784 254 867 294 x1.,
889 252 1028 285 VERS.
1055 252 1197 284 1.—N.
1218 242 1314 284 628.
1618 239 1722 294 1605

420 323 439 342 Χ

238 372 426 423 “genua
450 380 602 410 coram
629 367 735 421 Ipso
760 366 972 407 flexerint
984 365 1004 381 ”
1028 364 1246 406 illudendi
1272 376 1437 413 causa;
1475 368 1521 403 et
1548 375 1725 416 quoque

234 430 338 481 hoc,
370 431 490 485 quod
524 429 787 471 “calamum
818 428 1027 469 dederint
1057 428 1103 468 in
1134 427 1349 467 dextram
1382 425 1540 478 Ipsius,
1563 431 1615 465 >et
1647 423 1726 464 illo

235 494 340 536 dein
380 494 682 548 percusserint
723 498 860 546 caput
902 491 1047 545 Ipsius
1063 490 1099 541 ;'’
1144 496 1242 530 tum
1281 489 1402 542 quod
1446 488 1726 541 “spongiam

234 556 521 611 impleverint
542 562 677 615 aceto
703 569 781 596 seu
803 554 1039 607 myrrhato
1061 554 1181 601 vino,
1205 558 1252 593 et
1278 552 1573 605 imposuerint
1600 550 1724 591 illam

235 619 428 668 cal-amo,
456 625 503 660 et
534 632 590 660 eo
620 618 880 672 potaverint
913 617 1066 670 Ipsum
1086 614 1122 656 :”
1158 621 1206 655 at
1238 613 1470 654 sciendum
1502 619 1573 653 est
1605 612 1726 666 quod

235 682 389 724 omnia
419 695 533 735 quae
564 681 620 722 de
653 681 862 734 passione
895 679 1078 720 Domini
1109 683 1433 724 memorantur,
1467 674 1724 728 significent

235 743 493 786 illusionem
521 743 671 784 Divini
698 742 822 791 Veri,
850 742 1038 795 proinde
1070 740 1434 781 falsificationem
1466 744 1514 779 et
1545 737 1725 778 adulte-

168 815 173 819 '
237 808 462 849 rationem
493 806 650 853 Verbi,
684 806 899 859 quoniam
936 804 1174 852 Dominus,
1206 815 1308 843 cum
1345 803 1389 842 in
1422 801 1592 843 mundo
1628 800 1724 847 fuit,

237 876 337 911 erat
360 869 513 923 Ipsum
537 869 749 909 Divinum
773 867 958 914 Verum,
979 866 1099 920 quod
1121 867 1166 906 in
1188 864 1381 906 ecclesia
1403 870 1474 905 est
1492 863 1695 904 Verbum
1716 877 1726 913 ;

237 938 286 974 et
316 933 419 986 quia
445 931 666 972 Dominus
692 930 802 971 illud
828 936 927 971 erat
953 930 997 970 in
1024 929 1208 977 mundo,
1232 928 1434 981 permisit
1459 926 1642 980 Judaeis
1668 924 1725 966 Se

238 996 392 1050 Ipsum
424 993 621 1036 tractare
653 1007 833 1048 prorsus
864 994 980 1034 sicut
1014 990 1274 1033 tractabant
1308 991 1522 1031 Divinum
1554 989 1726 1030 Verum

238 1073 318 1100 seu
354 1058 556 1099 Verbum
594 1071 672 1111 per
702 1056 1065 1098 falsificationem
1102 1061 1149 1095 et
1196 1053 1581 1095 adulterationem
1620 1052 1727 1104 ejus.

235 1120 569 1176 Applicuerunt
596 1121 716 1161 enim
742 1119 894 1160 omnia
915 1118 1057 1160 Verbi
1083 1118 1173 1158 suis
1195 1117 1438 1164 amoribus,
1463 1122 1509 1157 et
1533 1116 1727 1156 riserunt

237 1185 296 1226 ad
326 1197 460 1225 omne
486 1196 655 1231 verum,
683 1183 804 1237 quod
835 1196 937 1223 cum
963 1181 1191 1223 amoribus
1218 1180 1397 1221 illorum
1429 1179 1726 1225 discordaret,

237 1248 354 1289 sicut
376 1247 433 1288 ad
461 1247 613 1300 Ipsum
637 1246 867 1294 Messiam,
891 1246 995 1299 quia
1017 1258 1107 1285 non
1130 1243 1378 1285 secundum
1401 1255 1555 1283 eorum
1578 1241 1726 1295 expli-

174 1354 175 1357 ,
237 1311 466 1352 cationem
492 1316 538 1350 et
565 1309 831 1362 religionem
858 1308 985 1349 fieret
1018 1308 1123 1349 Rex
1155 1321 1289 1360 super
1314 1307 1572 1346 universum
1598 1318 1728 1344 mun-

237 1373 360 1422 dum,
393 1379 439 1414 et
471 1372 574 1414 illos
604 1373 649 1413 in
681 1372 873 1426 gloriam
905 1385 1038 1425 super
1068 1384 1228 1412 omnes
1259 1369 1452 1424 populos
1483 1374 1530 1409 et
1566 1374 1729 1421 gentes

239 1433 471 1475 eveheret.
529 1444 643 1483 (Quod
662 1444 770 1474 omnia
788 1453 872 1481 quae
890 1444 932 1473 de
950 1443 1099 1481 passione
1119 1442 1251 1471 Domini
1270 1445 1499 1474 memorantur,
1520 1440 1595 1468 talia
1612 1439 1731 1476 signifi-

238 1502 322 1531 cent.
341 1497 487 1527 videatnr
504 1506 610 1535 supra,
630 1507 661 1527 n.
681 1486 749 1538 64,
766 1488 832 1538 83,
854 1495 981 1538 195[c]
1003 1496 1072 1534 fin.)
1131 1484 1268 1537 Quod
1299 1489 1454 1524 autem
1479 1487 1504 1503 ‘⁴
1518 1482 1729 1522 dederint

232 1547 464 1588 calamum
490 1549 535 1588 in
562 1560 744 1588 manum
772 1547 970 1596 Domini,
999 1552 1046 1587 et
1078 1546 1182 1587 dein
1213 1545 1292 1585 illo
1318 1544 1622 1598 percusserint
1654 1556 1729 1583 ca-

238 1616 321 1664 put
353 1610 538 1663 Ipsius,'’
565 1609 852 1663 significabat
884 1609 1004 1663 quod
1031 1607 1367 1650 falsificaverint
1395 1607 1608 1647 Divinum
1635 1605 1730 1646 Ve-

238 1686 338 1714 rum
369 1686 448 1714 seu
480 1672 698 1720 Verbum,
732 1679 779 1713 et
815 1673 936 1725 quod
973 1685 1154 1725 prorsus
1191 1671 1413 1711 illuserint
1446 1666 1731 1709 intellectum

241 1737 350 1785 veri,
378 1749 430 1777 ac
457 1735 669 1776 Divinam
696 1736 994 1789 sapientiam:
1029 1748 1107 1788 per
1132 1733 1399 1774 “calamum
1411 1732 1429 1747 ”
1452 1731 1732 1785 significatur

239 1797 404 1838 salsum
429 1798 473 1837 in
497 1797 719 1838 extremis
741 1807 933 1845 (utsupra),
956 1802 1003 1838 et
1029 1810 1109 1849 per
1133 1800 1412 1848 “percutere
1438 1801 1576 1847 caput
1592 1793 1612 1807 ”
1637 1794 1731 1846 sig-

234 1858 448 1900 nificatur
473 1858 655 1911 rejicere
687 1865 734 1899 et
765 1858 954 1899 illudere
985 1856 1270 1898 intellectum
1296 1856 1406 1897 Veri
1438 1862 1484 1896 et
1518 1855 1731 1895 Divinam

168 1979 170 1982 y
241 1922 513 1975 sapientiam
558 1920 755 1974 (“caput
799 1920 1013 1961 Domini’'
1053 1920 1178 1960 illam
1216 1918 1493 1972 significat);
1541 1924 1588 1959 et
1629 1918 1732 1971 quia

249 1987 564 2038 “potaverunt
591 1984 835 2025 Dominum
862 1982 1036 2031 aceto,”
1059 1997 1137 2036 per
1162 1983 1282 2036 quod
1309 1981 1588 2035 significatur
1609 1981 1731 2021 falsi·

187 2074 195 2083 ·
243 2046 444 2096 ficatum,
472 2048 575 2088 ideo
606 2048 745 2088 etiam
778 2047 1016 2100 spongiam
1048 2045 1127 2086 illo
1153 2045 1390 2098 impletam
1422 2045 1732 2097 imposuerunt

245 2110 501 2159 “calam0‚”
526 2124 605 2163 per
630 2122 764 2163 quem
791 2108 1070 2162 significatur
1095 2108 1256 2148 salsum
1282 2108 1326 2148 in
1353 2107 1586 2155 extremis,
1610 2106 1732 2160 quod

242 2180 314 2216 est
340 2173 500 2214 falsum
527 2179 805 2213 sustentans.

323 2251 454 2294 628.
492 2251 579 2291 “et
604 2251 777 2304 angelus
806 2249 964 2290 adstitit
985 2247 1363 2301 dicens.''-—Quod
1400 2247 1626 2301 significet
1657 2262 1732 2288 vo-

243 2312 456 2354 luntatem
485 2313 669 2353 Domini
695 2318 738 2352 et
777 2311 1049 2359 mandatum,
1083 2316 1267 2351 constat
1307 2323 1367 2350 ex
1399 2308 1732 2362 significatione

246 2376 509 2423 “adstare,”
534 2376 655 2430 quod
686 2376 757 2416 hic
789 2376 847 2416 sit
872 2374 1088 2415 voluntas
1110 2384 1165 2422 (de
1179 2393 1244 2422 qua
1258 2384 1441 2423 sequitur);
1474 2387 1533 2413 ex
1559 2372 1733 2426 signifi·

244 2439 427 2480 catione
451 2438 682 2491 “angeli,''
705 2437 826 2491 quod
853 2437 911 2478 sit
938 2436 1163 2476 Dominus
1189 2436 1340 2490 quoad
1363 2435 1570 2476 Verbum
1597 2446 1652 2483 (de
1671 2455 1736 2483 qua

243 2519 349 2549 supra,
369 2521 400 2542 n.
417 2511 539 2554 593);
571 2508 617 2541 et
639 2514 699 2541 ex
725 2499 1058 2553 significatione
1083 2498 1314 2547 “dicere,''
1336 2511 1438 2539 cum
1465 2512 1490 2538 a
1516 2498 1732 2543 Domino,

245 2562 364 2616 quod
380 2563 437 2604 sit
456 2562 720 2603 mandatum
736 2576 745 2611 ;
773 2574 877 2601 nam
894 2560 1013 2614 quod
1034 2560 1254 2601 Dominus
1273 2560 1398 2607 dicit,
1416 2566 1464 2600 ut
1483 2558 1576 2607 fiat,
1590 2566 1667 2600 aut
1685 2566 1733 2600 ut

245 2624 404 2678 aliquis
426 2625 575 2672 saciat,
596 2632 666 2666 est
690 2624 970 2664 mandatum.
1015 2621 1150 2675 Quod
1171 2627 1196 2643 ‘⁴
1212 2623 1392 2663 adstitit
1418 2621 1609 2675 angelus
1624 2621 1644 2636 ”
1662 2622 1733 2662 hic

245 2688 304 2728 sit
325 2687 538 2728 voluntas
566 2687 762 2734 Domini,
787 2693 856 2727 est
880 2687 982 2740 quia
1004 2686 1048 2726 in
1074 2686 1244 2726 mundo
1266 2685 1487 2738 spirituali
1510 2685 1734 2737 cogitatio

246 2764 347 2792 cum
365 2751 619 2792 intentione
642 2757 687 2791 et
706 2749 946 2790 voluntate
961 2748 1143 2789 videndi
1166 2748 1374 2795 alterum,
1396 2747 1608 2801 loquendi
1631 2759 1732 2787 cum

247 2812 339 2861 illo,
367 2820 413 2854 et
440 2814 706 2854 mandatum
732 2814 771 2853 ei
798 2812 950 2859 dandi,
978 2812 1084 2852 facit
1112 2818 1160 2852 ut
1187 2825 1401 2865 praesens
1429 2812 1501 2857 sit,
1530 2810 1616 2850 hoc
1645 2816 1730 2857 est,

248 2882 297 2917 ut
328 2876 509 2927 adstet;
551 2877 595 2917 in
627 2875 705 2916 illo
732 2876 851 2916 enim
884 2875 1052 2915 mundo
1084 2888 1174 2915 non
1206 2881 1310 2915 sunt
1343 2874 1587 2914 distantiae
1620 2886 1734 2926 quae
