1962 3334
254 281 359 326 1542
665 281 999 327 APOCALYPSIS
1030 283 1330 315 EXPLICATA.

248 396 362 437 sicut
396 396 511 438 mel:
550 411 610 437 ex
641 397 709 437 his
736 403 945 438 constare
978 403 1132 451 potest
1165 398 1286 451 quod
1319 411 1397 451 per
1427 398 1595 440 “Dixit
1622 399 1743 447 mihi,

248 459 422 513 Accipe
455 467 500 501 et
533 461 701 501 devora
732 460 972 509 libellum,''
995 460 1272 514 significetur
1304 468 1351 502 ut
1385 461 1573 514 legeret,
1601 462 1744 514 perci-

248 530 374 575 peret
407 530 453 564 et
486 523 746 576 exploraret
780 523 982 564 Verbum
1014 523 1145 577 quale
1177 530 1247 564 est
1279 524 1397 564 intra
1433 530 1480 564 et
1513 524 1643 577 quale
1675 527 1745 565 est

247 593 394 627 extra.
458 586 625 626 Pluries
659 587 702 626 in
735 585 890 627 Verbo
922 587 1084 627 dicitur
1112 586 1314 627 “edere''
1346 594 1391 627 et
1421 586 1660 642 “bibere;‘’
1699 593 1746 628 et

248 650 321 703 qui
354 663 443 690 non
476 649 642 702 aliquid
675 649 730 689 de
762 663 896 689 sensu
928 650 1146 702 spirituali
1179 650 1319 697 novit,
1348 663 1438 690 non
1471 649 1601 690 aliter
1632 649 1745 690 scire

248 718 402 766 potest
420 725 554 765 quam
577 712 696 765 quod
715 725 794 764 per
815 711 892 752 illa
913 711 1190 764 significetur
1212 712 1345 752 edere
1373 719 1418 752 et
1441 713 1592 753 bibere
1612 718 1744 752 natu-

252 774 430 825 raliter;
464 788 564 815 cum
588 781 742 816 tamen
765 788 844 827 per
866 774 942 815 illa
959 774 1234 827 significatur
1253 775 1420 816 nutrire
1439 789 1485 815 se
1504 774 1745 827 spirituali-

251 845 333 887 ter,
354 839 539 891 proinde
563 839 849 892 appropriare
873 838 953 878 sibi
976 838 1143 878 bonum
1167 845 1212 878 et
1231 852 1384 878 verum
1403 852 1410 888 ;
1444 852 1522 891 per
1542 842 1566 858 ‘⁴
1581 838 1714 878 edere
1727 837 1746 852 '’

250 902 537 954 appropriare
570 902 651 942 sibi
684 902 866 950 bonum,
900 907 946 941 et
979 915 1057 954 per
1091 902 1279 942 “bibere
1293 901 1312 915 ''
1343 902 1631 954 appropriare
1663 901 1746 941 sibi

249 977 416 1005 verum.
494 963 695 1018 Quisque
736 965 848 1005 scire
891 971 1044 1016 potest
1086 965 1159 1017 qui
1201 965 1343 1005 credit
1387 965 1507 1018 quod
1543 964 1746 1005 Verbum

252 1027 390 1067 etiam
422 1027 479 1068 sit
511 1026 755 1080 spirituale,
790 1027 910 1080 quod
943 1027 1129 1068 nutritio
1162 1027 1404 1080 spiritualis
1436 1041 1514 1080 per
1542 1027 1714 1068 “edere
1727 1026 1746 1042 ”

250 1096 296 1131 et
340 1090 569 1137 “bibere‚’'
611 1091 725 1130 sicut
767 1103 845 1142 per
887 1089 1131 1142 “panem‚''
1170 1090 1394 1138 “cibum,’‘
1438 1089 1658 1130 “vinum’'
1699 1096 1746 1130 et

250 1153 487 1206 “potum,”
524 1152 833 1205 intelligatur3
876 1166 989 1206 quae
1024 1153 1059 1193 si
1097 1166 1186 1193 non
1219 1152 1597 1206 intelligerentur,
1630 1152 1747 1193 soret

251 1216 454 1257 Verbum
482 1230 602 1256 mere
630 1215 848 1264 naturale,
877 1222 923 1256 et
956 1229 1045 1256 non
1078 1215 1207 1256 simul
1240 1216 1484 1268 spirituale,
1511 1217 1575 1256 ita
1602 1215 1746 1256 solum

175 1312 179 1315 -
250 1294 331 1333 pro
363 1278 556 1320 naturali
588 1279 768 1319 homine
806 1285 852 1319 et
890 1292 980 1319 non
1019 1292 1098 1331 pro
1137 1278 1368 1331 spirituali,
1403 1286 1449 1320 et
1489 1280 1633 1319 minus
1665 1291 1747 1331 pro

249 1342 435 1395 angelis,
498 1340 631 1394 Quod
664 1354 742 1394 per
771 1341 1012 1394 “panem‚’'
1039 1341 1265 1389 “cibum‚'’
1294 1341 1525 1390 “vinum,''
1551 1348 1598 1382 et
1625 1345 1746 1394 “po-

249 1404 385 1453 tum,”
412 1405 597 1448 nutritio
624 1404 789 1444 mentis
816 1405 859 1444 in
887 1418 1020 1444 sensu
1047 1404 1266 1457 spirituali
1292 1405 1588 1458 intelligatur,
1614 1417 1748 1456 supra

249 1469 415 1521 passim
443 1474 676 1508 ostensum
709 1473 805 1517 est;
843 1474 889 1508 et
922 1482 1099 1521 quoque
1131 1467 1253 1521 quod
1280 1467 1482 1508 Verbum
1515 1467 1656 1507 ubivis
1689 1467 1747 1507 sit

248 1531 494 1584 spirituale,
523 1531 707 1571 tametsi
729 1531 772 1570 in
799 1544 932 1571 sensu
960 1530 1138 1571 litterae
1167 1530 1384 1571 naturale.
1447 1529 1747 1583 Spiritualiter

249 1595 405 1635 nutriri
442 1600 512 1634 est
549 1594 708 1634 instrui
746 1599 793 1634 et
830 1593 980 1642 imbui,
1021 1594 1207 1646 proinde
1245 1594 1372 1642 scire,
1406 1593 1663 1646 intelligere
1700 1599 1747 1633 et

249 1671 432 1710 sapere;
480 1657 617 1698 homo
659 1657 742 1697 nisi
783 1656 868 1697 hac
906 1657 1151 1697 nutritione
1189 1656 1320 1696 simul
1363 1670 1463 1697 cum
1502 1656 1746 1697 nutritione

249 1721 449 1773 corporis
475 1720 657 1771 fruatur,
686 1733 776 1760 non
804 1725 873 1760 est
900 1719 1038 1769 homo
1063 1719 1143 1760 sed
1171 1726 1240 1760 est
1267 1720 1439 1770 bestia3
1473 1733 1586 1772 quae
1613 1732 1748 1759 causa

249 1789 320 1823 est
351 1783 470 1836 quod
502 1782 564 1823 illi
596 1783 670 1836 qui
696 1796 830 1823 omne
858 1782 1103 1835 jucundum
1132 1789 1306 1834 ponunt
1332 1783 1376 1822 in
1404 1783 1746 1823 comessationi-

249 1847 330 1887 bus
356 1853 402 1887 et
429 1846 584 1899 epulis,
612 1859 663 1886 ac
691 1846 892 1899 quotidie
920 1845 1159 1898 indulgent
1186 1845 1335 1898 gulae,
1364 1846 1512 1899 quoad
1539 1846 1746 1898 spiritua-

250 1909 311 1950 lia
331 1909 454 1950 obesi
476 1910 580 1957 sint,
605 1915 832 1962 utcunque
855 1909 1112 1949 ratiocinari
1139 1914 1328 1961 possunt
1357 1909 1412 1948 de
1436 1909 1567 1949 rebus
1594 1908 1747 1949 mundi

250 1980 297 2014 et
322 1973 547 2026 corporis;
581 1972 699 2012 unde
723 1978 827 2024 post
851 1973 1023 2012 obitum
1047 1972 1232 2012 ferinam
1261 1972 1409 2024 potius
1433 1985 1563 2025 quam
1589 1971 1745 2012 huma-

250 2049 355 2076 nam
391 2037 532 2076 vitam
569 2042 726 2088 agunt,
766 2048 870 2080 nam
910 2034 1012 2075 loco
1048 2035 1378 2087 intelligentiae
1416 2043 1462 2075 et
1500 2035 1747 2088 sapientiae

251 2105 322 2140 est
355 2098 441 2139 illis
472 2099 644 2139 insania
681 2104 728 2139 et
766 2098 974 2139 stultitia.
1038 2097 1165 2138 Haec
1199 2096 1319 2138 dicta
1351 2104 1469 2144 sunt,
1503 2105 1551 2138 ut
1582 2098 1748 2139 sciatur

251 2163 371 2216 quod
403 2162 472 2202 hic
506 2175 584 2215 per
611 2162 867 2202 “devorare
880 2160 899 2175 ”
925 2174 1003 2201 seu
1035 2161 1273 2202 comedere
1303 2161 1581 2209 “libellum,”
1607 2162 1746 2214 signi—

251 2225 409 2266 ficetur
440 2225 605 2278 legere,
640 2225 869 2277 percipere
905 2230 952 2265 et
984 2223 1223 2276 explorare
1256 2223 1485 2275 Verbum,
1529 2237 1632 2264 nam
1670 2237 1748 2276 per

253 2287 533 2335 “libellum,”
559 2288 632 2341 qui
664 2288 707 2327 in
739 2300 874 2327 manu
905 2286 1057 2339 angeli
1083 2286 1402 2327 descendentis
1429 2301 1453 2327 e
1481 2286 1607 2327 caelo
1634 2293 1745 2335 erat,

250 2351 522 2404 intelligitur
545 2351 763 2399 Verbum,
788 2356 836 2391 ut
859 2363 992 2402 supra
1015 2348 1184 2390 dictum
1208 2356 1290 2390 est.
1354 2350 1592 2390 Praeterea
1614 2364 1748 2391 nemo

252 2420 406 2466 potest
430 2413 561 2454 edere
585 2420 661 2454 aut
685 2413 901 2454 devorare
924 2412 1118 2466 aliquem
1143 2412 1358 2461 libellum,
1383 2414 1496 2453 sicut
1524 2427 1606 2454 nec
1630 2413 1746 2454 Ver—

252 2477 373 2524 bum,
402 2476 694 2526 naturaliter;
727 2490 786 2516 ex
813 2490 902 2529 quo
928 2476 1065 2516 etiam
1093 2475 1330 2516 manifeste
1358 2482 1567 2516 constare
1595 2483 1747 2528 potest

253 2539 371 2592 quod
405 2552 482 2591 per
510 2538 819 2579 “comedere”
845 2539 915 2579 hic
948 2537 1224 2591 significetur
1256 2538 1547 2590 spiritualiter
1578 2540 1745 2579 nutriri.

253 2602 388 2655 Quod
421 2616 498 2656 per
526 2603 801 2643 “comedere
817 2601 835 2617 ’'
862 2608 908 2643 et
937 2601 1156 2642 “bibere”
1183 2602 1226 2642 in
1253 2601 1408 2642 Verbo
1440 2603 1576 2642 etiam
1610 2603 1747 2655 signi-

251 2665 410 2707 ficetur
436 2666 726 2718 spiritualiter
748 2665 987 2706 comedere
1013 2671 1059 2706 et
1085 2665 1251 2714 bibere,
1277 2665 1396 2718 quod
1423 2672 1491 2705 est
1519 2666 1675 2706 instrui
1702 2673 1748 2707 et

252 2742 330 2782 per
370 2727 713 2770 instructionem
754 2734 801 2782 et
838 2729 978 2769 vitam
1019 2727 1216 2768 imbuere
1257 2734 1303 2768 et
1344 2729 1629 2781 appropriare
1667 2729 1748 2769 sibi

252 2792 419 2832 bonurn
460 2798 506 2833 et
546 2804 714 2840 verum,
757 2791 944 2844 proinde
985 2790 1335 2843 intelligentiam
1377 2798 1422 2831 et
1464 2791 1745 2844 sapientiam,

251 2861 460 2896 constare
487 2860 640 2908 potest
668 2869 726 2896 ex
754 2854 1046 2909 sequentibus
1074 2854 1184 2896 locis
1201 2853 1410 2907 z—Apud
1436 2853 1698 2902 Jeremz‘am,
