1962 3334
584 271 691 304 CAP.
713 271 795 311 1x.,
816 269 956 302 vans,
976 258 1124 302 6.--N.
1149 269 1169 313 5
1177 269 1241 314 51.
1274 239 1286 250 ’
1420 297 1427 301 .
1548 270 1656 314 1379

173 384 295 441 quod
319 399 398 439 per
424 383 685 425 “mortem”
706 395 839 437 quam
863 387 1095 436 quaerent,
1117 387 1165 423 et
1191 393 1325 435 quam
1346 381 1544 434 cupient,
1566 381 1658 434 sig-

173 448 379 490 nificetur
393 448 583 501 privatio
599 446 828 488 facultatis
843 445 1128 498 intelligendi
1143 458 1298 485 verum
1317 450 1364 485 et
1386 444 1660 497 percipiendi

173 513 369 562 bonum;
400 523 504 551 nam
528 510 644 551 hanc
669 515 718 550 et
741 508 864 549 illam
890 508 1090 561 perdere,
1113 514 1183 548 est
1209 508 1350 548 vitam
1375 507 1551 560 proprie
1576 507 1659 547 hu-

174 586 368 622 manam,
394 574 455 614 sic
481 573 600 613 enim
625 572 762 613 homo
787 584 879 612 non
904 570 1095 623 amplius
1118 570 1256 612 homo
1281 576 1367 619 est,
1392 570 1473 610 sed
1499 570 1659 618 bestia,

174 643 224 678 ut
248 650 381 690 supra
405 634 573 677 dictum
598 641 695 685 est;
731 634 836 675 inde
865 640 994 686 patet
1025 633 1146 687 quod
1176 633 1369 685 privatio
1398 631 1516 673 illius
1538 632 1660 673 vitae

174 699 233 740 sit
257 712 371 752 quae
397 711 475 751 per
502 702 732 738 “mortem
744 696 764 711 ”
785 696 856 737 hic
882 695 1172 749 significatur.
1232 694 1367 748 Quod
1392 694 1534 736 velint
1559 708 1661 748 per-

174 761 280 802 dere
296 761 424 802 binas
444 760 683 801 facultates
700 759 820 800 vitae
838 772 943 799 vere
963 759 1202 806 humanae,
1220 765 1291 799 est
1312 758 1415 811 quia
1431 758 1663 799 sensuales

174 823 394 872 homines,
419 837 478 864 ex
505 822 790 876 persuasione
816 821 872 862 de
897 820 1019 862 falsis
1044 821 1150 861 mali
1175 821 1219 861 in
1245 821 1404 874 quibus
1428 827 1548 869 sunt,
1570 834 1662 861 non

174 886 334 927 volunt
359 885 612 938 intelligere
637 896 791 925 verum
815 890 864 925 et
894 884 1123 937 percipere
1148 884 1343 934 bonum;
1380 881 1664 924 delectantur

175 949 294 989 enim
311 949 400 988 suis
415 947 535 998 falsis
552 947 669 994 mali,
693 953 740 988 et
761 947 864 987 inde
888 960 948 987 ex
969 945 1167 999 jucundo
1187 945 1287 986 falsi
1304 946 1521 999 cogitare,
1538 953 1586 987 et
1602 960 1663 987 ex

170 1003 369 1063 jucundo
390 1010 495 1051 mali
516 1009 633 1050 velle
651 1024 662 1060 3
693 1023 829 1063 quare
850 1008 908 1050 ad
930 1022 1086 1050 verum
1107 1015 1155 1050 et
1179 1009 1237 1049 ad
1258 1009 1442 1057 bonum,
1464 1009 1567 1062 quia
1582 1022 1663 1062 op·

176 1074 326 1126 posita
348 1079 467 1121 sunt,
491 1086 538 1113 se
563 1078 804 1122 avertunt;
835 1072 1016 1125 quidam
1033 1072 1378 1123 contristantur,
1400 1072 1581 1125 quidam
1607 1071 1666 1112 ad

176 1136 255 1177 illa
282 1141 516 1183 nauseant,
542 1142 589 1175 et
620 1135 802 1188 quidam
827 1134 906 1175 illa
926 1134 1130 1188 rejiciunt
1156 1147 1257 1175 cum
1279 1135 1356 1183 ira,
1384 1135 1567 1188 quisque
1594 1148 1665 1175 se-

177 1198 372 1240 cundum
389 1197 519 1252 quale
536 1204 582 1239 et
604 1204 821 1251 quantum
840 1197 937 1238 falsi
954 1197 1075 1250 quod
1093 1197 1175 1237 sibi
1196 1198 1416 1250 persuasit
1433 1211 1443 1238 :
1476 1195 1665 1245 [¹¹verbo,

178 1256 394 1302 sensualis
424 1261 561 1302 homo
598 1261 701 1301 talis
737 1273 828 1301 non
867 1260 1069 1301 admittit
1100 1261 1300 1301 rationes
1336 1274 1395 1300 ex
1431 1258 1667 1301 intellectu

178 1330 337 1365 contra
360 1324 473 1365 falsa
497 1323 602 1364 mali
634 1324 678 1364 in
709 1323 868 1376 quibus
892 1329 978 1371 est,
1004 1323 1069 1364 ita
1099 1336 1190 1363 non
1215 1323 1313 1364 vult
1339 1323 1593 1376 intelligere
1619 1330 1667 1363 et

178 1387 409 1428 rationalis
438 1386 545 1435 fieri,
575 1386 758 1427 tametsi
790 1391 943 1438 potest
974 1385 1081 1434 fieri,
1113 1386 1216 1439 quia
1245 1393 1316 1427 est
1347 1386 1501 1427 homo.
1564 1385 1667 1426 Hoc

180 1452 331 1504 itaque
353 1457 423 1492 est
444 1450 565 1504 quod
587 1447 862 1503 significatur
882 1461 962 1502 per
982 1449 1102 1502 quod
1128 1454 1383 1503 “quaerent
1406 1455 1599 1490 mortem
1621 1456 1668 1490 et

181 1527 272 1555 non
296 1514 525 1554 invenient
551 1512 711 1552 illam.”

258 1591 387 1635 551.
424 1580 503 1620 “ft
524 1579 686 1632 cupient
701 1579 807 1620 mot-1⁸
820 1582 866 1620 oi
884 1580 1017 1633 fugiat
1031 1593 1143 1620 mot-s
1163 1579 1213 1620 ab
1235 1579 1550 1632 illtk.''—Quod
1576 1579 1669 1632 sig-

182 1641 333 1683 nificet
377 1641 496 1694 quod
528 1641 665 1681 velint
688 1642 877 1693 perdere
893 1641 1162 1694 facultatem
1191 1641 1469 1694 percipiendi
1499 1640 1668 1688 bonum,

181 1718 292 1758 quae
318 1711 386 1745 est
413 1704 533 1744 vitae
560 1703 831 1755 spiritualis,
857 1705 940 1745 sed
964 1704 1200 1752 incassum,
1227 1710 1409 1744 constat
1440 1717 1500 1744 ex
1532 1703 1670 1755 signi-

181 1766 389 1808 ficatione
417 1766 608 1814 “mori,’'
634 1766 755 1819 quod
785 1767 856 1807 hic
889 1767 948 1808 sit
977 1766 1163 1819 perdere
1192 1766 1455 1807 facultatem
1481 1766 1671 1818 percipi-

182 1826 288 1866 endi
304 1826 473 1866 bonum
492 1837 547 1874 (de
559 1845 624 1874 qua
634 1837 790 1875 sequitur)
808 1841 818 1877 ;
844 1834 890 1868 et
912 1841 972 1868 ex
994 1826 1328 1879 significatione
1348 1826 1530 1879 “fugiet
1548 1839 1671 1866 mors

182 1887 241 1928 ab
270 1887 396 1936 illis,’'
422 1888 541 1940 quod
573 1888 629 1928 sit
661 1889 780 1941 quod
812 1902 902 1929 non
929 1890 1104 1941 possint
1130 1889 1330 1940 perdere,
1357 1889 1421 1928 ita
1451 1888 1571 1941 quod
1602 1888 1671 1928 in·

182 1963 358 1990 cassum
383 1950 537 1990 velint.
598 1949 731 2003 Quod
763 1951 833 1992 hic
866 1964 944 2004 per
971 1952 1122 1991 “mori
1134 1951 1153 1965 ’'
1179 1950 1454 2004 significetur
1484 1950 1672 2003 perdere

182 2013 445 2054 facultatem
472 2013 746 2065 percipiendi
776 2014 959 2062 bonum,
987 2027 1038 2054 ac
1071 2014 1192 2067 quod
1224 2027 1356 2066 supra
1386 2027 1466 2067 per
1493 2011 1674 2054 “mori'’

183 2074 459 2128 significetur
479 2076 665 2127 perdere
691 2075 954 2116 facultatem
980 2076 1265 2129 intelligendi
1285 2089 1453 2125 verum,
1476 2083 1546 2117 est
1571 2076 1675 2129 quia

184 2138 315 2178 binae
351 2138 470 2178 vitae
516 2139 652 2178 cuivis
692 2138 861 2178 homini
905 2145 1023 2187 sunt,
1062 2139 1157 2179 vita
1197 2137 1454 2180 intelleGkus
1494 2146 1541 2180 et
1579 2139 1675 2180 vita

184 2199 432 2241 voluntatis
447 2215 457 2251 ;
488 2201 583 2241 vita
602 2199 860 2241 intellectus
885 2208 955 2242 est
981 2201 1170 2242 facultas
1195 2201 1479 2255 intelligendi
1500 2214 1670 2250 verum,

185 2274 238 2303 ac
272 2263 366 2303 vita
401 2262 648 2303 voluntatis
684 2270 754 2304 est
790 2263 980 2304 facultas
1017 2263 1289 2316 percipiendi
1325 2264 1519 2315 bonum;
1565 2264 1670 2304 inde

187 2324 374 2366 “mors'’
399 2332 469 2365 est
494 2326 743 2378 deprivatio
768 2326 895 2366 unius
920 2332 967 2366 et
999 2326 1195 2366 alterius.
1255 2325 1390 2379 Quod
1418 2330 1576 2367 “mors
1588 2326 1608 2341 '’
1629 2327 1675 2367 in

185 2388 328 2440 primo
359 2387 460 2428 loco
491 2387 712 2440 significet
744 2388 1102 2441 deprivationem
1128 2387 1356 2429 facultatis
1387 2389 1674 2443 intelligendi

185 2462 355 2498 verum,
377 2457 424 2490 et
445 2451 489 2490 in
512 2450 710 2491 secundo
732 2450 834 2490 loco
855 2451 1211 2503 deprivationem
1233 2451 1460 2492 facultatis
1482 2452 1673 2506 percipi-

187 2513 291 2554 endi
311 2513 492 2561 bonum,
517 2520 586 2553 est
609 2514 711 2566 quia
737 2514 779 2553 in
802 2513 1174 2565 praecedentibus
1198 2514 1253 2554 de
1275 2521 1463 2568 utraque
1485 2515 1562 2555 illa
1582 2516 1677 2556 vita

189 2573 338 2616 actum
363 2582 447 2624 est,
475 2582 521 2616 et
547 2577 649 2629 quia
680 2576 723 2615 in
750 2575 905 2616 Verbo
931 2576 1003 2616 ubi
1028 2577 1176 2629 agitur
1200 2577 1257 2617 de
1282 2591 1389 2618 vero
1414 2578 1552 2618 etiam
1579 2579 1676 2630 agi·

187 2644 260 2678 tur
294 2637 351 2678 de
388 2638 522 2687 bono,
555 2645 739 2691 propter
769 2638 1025 2692 conjugium
1061 2640 1167 2680 boni
1203 2646 1250 2681 et
1280 2641 1373 2680 veri
1409 2640 1453 2680 in
1490 2641 1676 2694 singulis

186 2698 281 2750 ejus
320 2709 376 2746 (de
394 2718 459 2746 qua
477 2719 510 2738 re
525 2710 670 2738 videatur
688 2719 793 2747 supra,
814 2719 845 2739 n.
866 2701 960 2751 238,
982 2701 1126 2749 288ffl.
1145 2701 1246 2751 484)
1264 2714 1274 2751 ;
1315 2701 1421 2741 inde
1460 2709 1676 2742 constare

186 2765 342 2812 potest
384 2761 503 2814 quod
547 2761 618 2801 hic
669 2774 748 2814 per
793 2761 1058 2802 “mortem'’
1105 2761 1380 2815 significetur
1427 2762 1677 2816 deprivatio

185 2821 412 2864 facultatis
434 2823 706 2876 percipiendi
728 2823 922 2864 bonum:
956 2838 1015 2864 ex
1040 2823 1117 2865 illa
1138 2838 1272 2865 causa
1295 2831 1365 2866 est
1391 2825 1510 2878 quod
1533 2838 1676 2878 paene

190 2885 349 2926 similia
377 2885 445 2926 bis
476 2886 694 2935 dicantur,
727 2893 773 2928 et
805 2900 980 2941 quoque
1014 2890 1261 2942 “quaerere
1294 2887 1516 2929 mortem''
1547 2901 1676 2941 prae-
