1962 3334
177 299 283 352 1438
591 307 922 341 APOCALYPSIS
954 308 1251 341 EXPLICATA.

235 421 524 463 “compensabo
549 423 654 455 vobis
684 433 802 454 annos
827 433 918 464 quos
943 424 1168 464 consumpsit
1196 424 1344 461 locusta,
1370 423 1603 461 melolontha,
1629 429 1665 455 et

342 467 508 505 bruchus,
529 472 564 498 et
583 476 698 505 eruca,
720 468 895 499 exercitus
921 477 1022 499 meus
1043 477 1195 508 magnus
1224 477 1329 508 quem
1350 467 1430 498 misi
1456 467 1550 498 inter
1568 466 1664 498 vos'’

345 510 392 550 (ii.
412 510 486 550 25):

167 593 288 647 quod
313 592 425 633 falsa
451 598 497 633 et
525 592 645 633 mala
671 594 818 633 omnis
847 594 1027 646 generis
1051 593 1363 647 significentur
1389 607 1468 647 per
1492 596 1664 634 “exer-

167 655 347 704 citum,’'
365 655 603 696 manifeste
621 662 764 708 patet,
787 657 999 709 quoniam
1018 670 1097 710 per
1115 657 1253 697 noxia
1275 655 1352 696 illa
1375 655 1662 702 animalcula,

169 718 475 765 “locustam”
519 718 933 767 “melolontham,’'
974 719 1232 760 “bruchum
1246 719 1264 734 ’'
1310 725 1356 759 et
1406 718 1665 767 “erucam,'’

166 780 478 835 significantur
502 781 617 822 falsa
643 788 690 822 et
719 781 839 822 mala
861 783 1093 823 vastantia
1119 796 1197 823 seu
1221 782 1538 823 consumentia
1558 795 1665 822 vera

166 849 214 883 et
238 843 360 883 bona
385 842 623 884 ecclesiae.
683 854 855 892 (Videatur
867 863 973 892 supra,
985 863 1015 884 n.
1030 853 1108 896 543
1116 854 1171 892 [6],
1186 854 1242 883 ubi
1254 854 1306 883 hic
1318 855 1409 883 locus
1422 851 1598 891 explicatus
1608 858 1665 887 est,

165 911 196 935 et
209 911 372 936 ostensum
385 907 475 944 quod
488 903 642 936 “locusta
654 912 684 936 et
696 908 838 936 bruchus
851 908 866 916 '¹
881 907 1060 945 significent
1073 908 1150 936 falsa
1164 907 1208 945 [et
1223 907 1322 945 mala]
1337 907 1490 936 sensualis
1501 907 1664 944 hominis.)

167 957 242 998 Ex
261 957 329 998 his
347 971 464 998 nunc
485 964 615 1011 patet
634 958 739 1011 quid
759 972 837 1011 per
859 963 883 978 ‘⁴
897 959 1126 999 exercitus
1139 958 1158 973 ”
1175 959 1219 998 in
1238 958 1395 999 Verbo
1412 959 1456 998 in
1474 964 1665 1011 utroque

166 1034 301 1061 sensu
338 1019 631 1074 significatur.
693 1020 867 1062 Similia
905 1035 983 1074 per
1022 1021 1324 1062 “exercitus''
1355 1020 1666 1074 significantur

165 1084 210 1124 in
228 1083 454 1124 historicis
471 1082 612 1124 Verbi
631 1097 640 1134 ;
674 1097 778 1124 nam
802 1085 845 1124 in
868 1083 955 1124 illis
980 1090 1050 1125 est
1073 1097 1233 1125 sensus
1257 1083 1500 1137 spiritualis
1523 1097 1664 1136 aeque

167 1160 219 1187 ac
246 1147 290 1187 in
317 1145 610 1200 propheticiS‚
636 1147 715 1187 sed
743 1147 778 1187 is
807 1148 951 1187 minus
981 1147 1144 1196 elucet,
1171 1147 1272 1200 quia
1299 1160 1426 1187 mens
1452 1147 1496 1187 in
1522 1146 1665 1186 histo·

165 1211 266 1251 ricis
289 1210 482 1250 detenta
504 1223 643 1263 aegre
667 1216 820 1263 potest
848 1210 1014 1251 elevari
1041 1224 1067 1251 a
1093 1210 1331 1251 mundanis
1357 1210 1417 1250 ibi
1443 1215 1489 1250 et
1512 1209 1664 1250 videre

167 1273 417 1327 spiritualia
443 1287 557 1326 quae
583 1273 689 1314 inibi
714 1274 951 1314 recondita
978 1280 1096 1315 sunt.

246 1346 376 1392 ⁵74·
415 1337 494 1377 “ft
515 1337 650 1377 audivi
665 1350 876 1378 numerum
896 1337 1291 1390 illorum.''—Quod
1315 1336 1541 1390 significet
1556 1343 1663 1389 per-

166 1405 335 1452 ceptum
356 1398 496 1452 quale,
521 1405 707 1440 constat
739 1414 798 1440 ex
830 1399 1162 1452 significatione
1193 1398 1423 1447 “audire,'’
1449 1398 1572 1452 quod
1605 1398 1663 1438 sit

166 1460 401 1513 percipere
428 1470 594 1509 (utsupra,
608 1480 638 1500 n.
659 1472 718 1511 14,
737 1469 832 1513 529)
852 1475 859 1510 ;
893 1467 940 1501 et
962 1474 1022 1501 ex
1045 1459 1380 1513 significatione
1407 1458 1661 1506 “numeri,’'

166 1521 289 1574 quod
324 1521 382 1560 sit
419 1519 554 1573 quale
590 1521 653 1560 rei
689 1521 745 1560 de
784 1534 871 1574 qua
907 1521 1059 1573 agitur
1090 1531 1144 1569 (de
1164 1540 1228 1568 qua
1247 1540 1352 1568 supra.
1372 1539 1403 1559 n.
1423 1530 1551 1571 429);
1591 1519 1662 1559 hic

168 1581 302 1635 quale
333 1580 547 1622 falsorum
579 1581 685 1622 mali
718 1583 1075 1635 conspirantium
1107 1588 1268 1623 contra
1303 1595 1409 1622 vera
1448 1581 1568 1628 boni,
1603 1594 1662 1621 ex

167 1645 325 1699 quibus
366 1650 413 1685 et
455 1658 535 1698 pro
575 1645 733 1698 quibus
775 1646 1147 1685 ratiocinationes
1189 1644 1409 1685 sensualis
1450 1643 1660 1691 hominis,

166 1721 281 1762 quae
313 1707 624 1761 significantur
657 1722 735 1762 per
771 1712 1044 1749 “numerum
1082 1708 1366 1749 exercituum
1403 1708 1663 1761 equitatus”

169 1780 359 1817 (dequibus
379 1789 455 1809 mox
473 1780 613 1818 supra):
655 1776 701 1810 at
734 1769 867 1823 quale
899 1783 1054 1810 eorum
1087 1769 1275 1810 ulterius
1313 1769 1588 1810 describitur
1618 1770 1662 1810 in

165 1845 298 1872 versu
324 1844 442 1872 nunc
469 1838 703 1884 sequente,
734 1845 896 1885 nempe
923 1845 1001 1884 per
1027 1831 1139 1872 haec
1167 1831 1318 1879 verba,
1350 1831 1451 1871 “Et
1478 1832 1543 1871 ita
1569 1832 1660 1872 vidi

166 1909 307 1948 equos
333 1895 377 1934 in
399 1895 585 1943 visione,
614 1901 659 1935 et
685 1895 900 1935 sedentes
927 1908 1060 1948 super
1081 1894 1169 1935 illis
1195 1894 1419 1935 habentes
1447 1893 1660 1935 thoraces

165 1959 325 2011 igneos
358 1964 403 1998 et
436 1957 764 2010 hyacinthinos
797 1964 843 1998 et
876 1958 1155 2011 sulphureos,
1185 1964 1230 1998 et
1263 1958 1415 2011 capita
1446 1971 1661 2011 equorum

165 2021 282 2061 sicut
313 2021 464 2074 capita
496 2020 697 2068 leonum,
728 2027 774 2061 et
807 2034 866 2060 ex
900 2021 1049 2061 oribus
1081 2020 1261 2060 illorum
1293 2021 1435 2061 exivit
1468 2021 1584 2073 ignis
1616 2027 1662 2061 et

164 2084 309 2124 fumus
335 2090 381 2124 et
409 2083 594 2137 sulphur
611 2083 644 2134 ;”
676 2085 719 2124 in
749 2084 818 2124 his
847 2084 1108 2124 continetur
1134 2083 1266 2137 quale
1292 2083 1412 2136 quod
1435 2097 1515 2136 per
1538 2086 1662 2123 “nu-

167 2159 339 2187 merum
352 2146 371 2161 ”
420 2146 492 2187 hic
543 2145 836 2199 significatur.
923 2146 1079 2186 Videri
1128 2152 1282 2199 potest
1332 2146 1447 2186 sicut
1496 2145 1663 2199 aliquid

166 2210 339 2250 numeri
362 2209 648 2262 intelligatur
679 2209 750 2250 hic
785 2224 863 2263 per
893 2213 1166 2250 “numerum
1186 2208 1220 2259 ;’'
1257 2209 1336 2249 sed
1368 2210 1412 2248 in
1444 2209 1662 2262 spirituali

166 2273 336 2313 mundo
358 2285 449 2313 non
476 2272 642 2313 dantur
664 2274 850 2320 numeri,
877 2273 979 2326 quia
1005 2272 1065 2312 ibi
1092 2272 1240 2325 spatia
1267 2277 1313 2312 et
1337 2277 1544 2324 tempora
1571 2285 1661 2311 non

166 2341 483 2377 mensurantur
505 2341 551 2376 et
570 2335 933 2376 determinantur
953 2349 1032 2388 per
1056 2347 1267 2375 numeros
1286 2334 1402 2375 sicut
1425 2334 1468 2374 in
1492 2334 1663 2374 mundo

166 2398 386 2448 naturali;
424 2404 700 2451 quapropter
726 2412 804 2451 per
832 2411 991 2438 omnes
1025 2410 1237 2438 numeros
1269 2398 1312 2437 in
1339 2396 1496 2437 Verbo
1523 2397 1662 2450 signi-

165 2461 357 2502 ficantur
388 2474 472 2509 res,
501 2467 548 2501 et
580 2474 659 2514 per
691 2462 835 2514 ipsum
863 2474 1098 2501 numerum
1132 2459 1411 2513 significatur
1436 2459 1568 2513 quale
1599 2460 1662 2501 rei

166 2527 326 2565 (videatur
337 2535 443 2564 supra,
456 2535 487 2556 n.
502 2526 596 2567 203,
614 2515 707 2567 336,
720 2526 817 2567 429,
830 2526 916 2567 430
931 2536 936 2560 ;
962 2531 993 2554 et
1008 2526 1040 2554 in
1055 2535 1152 2563 opere
1166 2526 1216 2554 De
1232 2526 1322 2554 Caelo
1335 2529 1365 2554 et
1376 2526 1512 2564 Inferna,
1527 2534 1558 2554 n.
1573 2525 1660 2562 263).

244 2585 372 2629 575.
404 2586 511 2624 [Vers.
529 2586 591 2624 17.]
624 2580 646 2598 ‘¹
659 2575 709 2615 Et
727 2575 784 2615 ita
804 2575 881 2615 vidi
891 2587 1018 2628 equos
1037 2574 1077 2614 in
1096 2573 1258 2621 visione,
1275 2577 1317 2614 ei
1331 2575 1525 2614 sedentes
1539 2586 1665 2626 supet·

165 2635 482 2687 illis‚''—Quod
508 2634 735 2688 significet
755 2634 1113 2688 falsificationes
1146 2633 1280 2674 Verbi
1301 2640 1388 2686 per
1415 2633 1660 2674 ratiocina-

166 2697 302 2737 tiones
338 2711 394 2737 ex
416 2696 639 2749 fallaciis,
674 2703 858 2737 constat
896 2710 954 2737 ex
992 2694 1323 2749 significatione
1364 2694 1661 2748 “equorum‚''

166 2758 288 2811 quod
306 2759 397 2799 Sint
419 2757 682 2798 intelleftus
702 2757 844 2798 Verbi
866 2768 921 2806 (de
937 2777 1001 2805 qua
1016 2776 1121 2805 supra,
1137 2777 1167 2797 n.
1187 2765 1278 2808 355,
1292 2756 1384 2808 364,
1403 2765 1548 2808 372[α].
1567 2765 1659 2807 373.

168 2820 261 2870 381,
288 2820 398 2871 382),
425 2818 506 2866 hic>
524 2817 864 2858 falsificationes
891 2817 999 2870 ejus,
1024 2818 1128 2870 quia
1153 2817 1316 2857 dicitur
1346 2816 1468 2870 quod
1493 2815 1659 2856 “vide-

165 2881 224 2920 rit
248 2894 388 2934 equos
414 2880 458 2919 in
485 2879 688 2920 visione''
717 2877 793 2932 (de
820 2892 906 2932 qua
932 2892 979 2919 re
1006 2877 1240 2932 sequitur),
1270 2884 1314 2918 et
1342 2891 1400 2918 ex
1427 2875 1654 2930 significa—

166 2943 290 2983 tione
316 2941 609 2984 “sedentium
629 2956 760 2995 super
782 2940 910 2991 illis‚''
929 2941 1048 2995 quod
1072 2941 1161 2982 sint
1183 2940 1497 2994 intelligentes
1515 2939 1656 2981 Verbi
