<?xml version="1.0" encoding="UTF-8"?>
<!DOCTYPE html PUBLIC "-//W3C//DTD XHTML 1.0 Transitional//EN"
    "http://www.w3.org/TR/xhtml1/DTD/xhtml1-transitional.dtd">
<html xmlns="http://www.w3.org/1999/xhtml" xml:lang="en" lang="en">
 <head>
  <title>
</title>
<meta http-equiv="Content-Type" content="text/html;charset=utf-8" />
  <meta name='ocr-system' content='tesseract 3.04.00' />
  <meta name='ocr-capabilities' content='ocr_page ocr_carea ocr_par ocr_line ocrx_word'/>
</head>
<body>
  <div class='ocr_page' id='page_1' title='image "apocalypsisexpli03sweduoft_0233.png"; bbox 0 0 1962 3334; ppageno 0'>
   <div class='ocr_carea' id='block_1_1' title="bbox 616 269 1710 326">
    <p class='ocr_par' dir='ltr' id='par_1_1' title="bbox 616 269 1710 326">
     <span class='ocr_line' id='line_1_1' title="bbox 616 269 1710 326; baseline -0.005 -11"><span class='ocrx_word' id='word_1_1' title='bbox 616 283 724 316; x_wconf 75' lang='lat' dir='ltr'><strong>CAP.</strong></span> <span class='ocrx_word' id='word_1_2' title='bbox 746 282 808 324; x_wconf 86' lang='lat' dir='ltr'>x.‚</span> <span class='ocrx_word' id='word_1_3' title='bbox 831 281 971 315; x_wconf 56' lang='grc' dir='ltr'><strong>νεεδ.</strong></span> <span class='ocrx_word' id='word_1_4' title='bbox 987 281 1140 326; x_wconf 75' lang='grc' dir='ltr'><strong>9.-Ν.</strong></span> <span class='ocrx_word' id='word_1_5' title='bbox 1160 269 1328 326; x_wconf 82' lang='lat' dir='ltr'><em>617[b].</em></span> <span class='ocrx_word' id='word_1_6' title='bbox 1603 278 1710 323; x_wconf 79' lang='lat'>1347</span> 
     </span>
    </p>
   </div>
   <div class='ocr_carea' id='block_1_2' title="bbox 0 0 322 532">
    <p class='ocr_par' dir='ltr' id='par_1_2' title="bbox 0 0 322 532">
     <span class='ocr_line' id='line_1_2' title="bbox 0 0 322 532; baseline 0 0"><span class='ocrx_word' id='word_1_7' title='bbox 0 0 322 532; x_wconf 95' lang='lat' dir='ltr'>   </span> 
     </span>
    </p>
   </div>
   <div class='ocr_carea' id='block_1_3' title="bbox 219 392 1712 1420">
    <p class='ocr_par' dir='ltr' id='par_1_3' title="bbox 219 392 1712 1132">
     <span class='ocr_line' id='line_1_3' title="bbox 224 392 1712 451; baseline -0.003 -13"><span class='ocrx_word' id='word_1_8' title='bbox 224 410 303 451; x_wconf 87' lang='lat' dir='ltr'>per</span> <span class='ocrx_word' id='word_1_9' title='bbox 334 400 670 437; x_wconf 87' lang='lat' dir='ltr'>“mercaturam</span> <span class='ocrx_word' id='word_1_10' title='bbox 701 395 840 449; x_wconf 90' lang='lat' dir='ltr'>Tyri&#39;’</span> <span class='ocrx_word' id='word_1_11' title='bbox 870 394 1180 448; x_wconf 87' lang='lat' dir='ltr'>significantur</span> <span class='ocrx_word' id='word_1_12' title='bbox 1209 393 1495 447; x_wconf 83' lang='lat' dir='ltr'>cognitiones</span> <span class='ocrx_word' id='word_1_13' title='bbox 1525 392 1632 433; x_wconf 90' lang='lat' dir='ltr'>boni</span> <span class='ocrx_word' id='word_1_14' title='bbox 1662 398 1712 435; x_wconf 92' lang='lat' dir='ltr'>et</span> 
     </span>
     <span class='ocr_line' id='line_1_4' title="bbox 222 454 1711 512; baseline -0.003 -12"><span class='ocrx_word' id='word_1_15' title='bbox 222 460 316 501; x_wconf 91' lang='lat' dir='ltr'>veri</span> <span class='ocrx_word' id='word_1_16' title='bbox 345 459 491 500; x_wconf 90' lang='lat' dir='ltr'>omnis</span> <span class='ocrx_word' id='word_1_17' title='bbox 522 459 727 512; x_wconf 86' lang='lat' dir='ltr'>generis;</span> <span class='ocrx_word' id='word_1_18' title='bbox 764 458 1008 499; x_wconf 83' lang='lat' dir='ltr'>“habitare</span> <span class='ocrx_word' id='word_1_19' title='bbox 1038 470 1191 499; x_wconf 89' lang='lat' dir='ltr'>coram</span> <span class='ocrx_word' id='word_1_20' title='bbox 1219 455 1456 509; x_wconf 89' lang='lat' dir='ltr'>Jehovah&#39;’</span> <span class='ocrx_word' id='word_1_21' title='bbox 1486 454 1711 508; x_wconf 87' lang='lat' dir='ltr'>significat</span> 
     </span>
     <span class='ocr_line' id='line_1_5' title="bbox 222 517 1711 571; baseline -0.003 -8"><span class='ocrx_word' id='word_1_22' title='bbox 222 523 372 563; x_wconf 90' lang='lat' dir='ltr'>vivere</span> <span class='ocrx_word' id='word_1_23' title='bbox 415 535 443 562; x_wconf 87' lang='lat' dir='ltr'>a</span> <span class='ocrx_word' id='word_1_24' title='bbox 482 521 692 570; x_wconf 91' lang='lat' dir='ltr'>Domino,</span> <span class='ocrx_word' id='word_1_25' title='bbox 734 520 1009 562; x_wconf 88' lang='lat' dir='ltr'>“comedere</span> <span class='ocrx_word' id='word_1_26' title='bbox 1052 520 1111 561; x_wconf 93' lang='lat' dir='ltr'>ad</span> <span class='ocrx_word' id='word_1_27' title='bbox 1155 517 1449 560; x_wconf 83' lang='lat' dir='ltr'>satietatem”</span> <span class='ocrx_word' id='word_1_28' title='bbox 1487 517 1711 571; x_wconf 88' lang='lat' dir='ltr'>significat</span> 
     </span>
     <span class='ocr_line' id='line_1_6' title="bbox 223 580 1712 637; baseline -0.003 -12"><span class='ocrx_word' id='word_1_29' title='bbox 223 584 509 637; x_wconf 86' lang='lat' dir='ltr'>cognitiones</span> <span class='ocrx_word' id='word_1_30' title='bbox 548 583 655 624; x_wconf 89' lang='lat' dir='ltr'>boni</span> <span class='ocrx_word' id='word_1_31' title='bbox 693 584 905 636; x_wconf 90' lang='lat' dir='ltr'>recipere,</span> <span class='ocrx_word' id='word_1_32' title='bbox 947 583 1175 636; x_wconf 82' lang='lat' dir='ltr'>percipere</span> <span class='ocrx_word' id='word_1_33' title='bbox 1212 589 1259 623; x_wconf 91' lang='lat' dir='ltr'>et</span> <span class='ocrx_word' id='word_1_34' title='bbox 1299 581 1587 635; x_wconf 88' lang='lat' dir='ltr'>appropriare</span> <span class='ocrx_word' id='word_1_35' title='bbox 1627 580 1712 621; x_wconf 87' lang='lat' dir='ltr'>sibi</span> 
     </span>
     <span class='ocr_line' id='line_1_7' title="bbox 222 642 1712 701; baseline -0.003 -13"><span class='ocrx_word' id='word_1_36' title='bbox 222 654 440 701; x_wconf 89' lang='lat' dir='ltr'>quantum</span> <span class='ocrx_word' id='word_1_37' title='bbox 459 647 569 687; x_wconf 90' lang='lat' dir='ltr'>satis</span> <span class='ocrx_word' id='word_1_38' title='bbox 590 647 648 687; x_wconf 91' lang='lat' dir='ltr'>ad</span> <span class='ocrx_word' id='word_1_39' title='bbox 670 647 964 687; x_wconf 86' lang='lat' dir='ltr'>nutritionem</span> <span class='ocrx_word' id='word_1_40' title='bbox 980 647 1157 686; x_wconf 88' lang='lat' dir='ltr'>animae</span> <span class='ocrx_word' id='word_1_41' title='bbox 1174 659 1184 686; x_wconf 92' lang='lat'><strong>:</strong></span> <span class='ocrx_word' id='word_1_42' title='bbox 1216 648 1413 698; x_wconf 84' lang='lat' dir='ltr'>“tegere</span> <span class='ocrx_word' id='word_1_43' title='bbox 1429 658 1477 684; x_wconf 90' lang='lat' dir='ltr'>se</span> <span class='ocrx_word' id='word_1_44' title='bbox 1494 643 1681 697; x_wconf 88' lang='lat' dir='ltr'>antiquo</span> <span class='ocrx_word' id='word_1_45' title='bbox 1690 642 1712 657; x_wconf 89' lang='grc'>”</span> 
     </span>
     <span class='ocr_line' id='line_1_8' title="bbox 222 698 1711 762; baseline -0.003 -12"><span class='ocrx_word' id='word_1_46' title='bbox 222 708 447 762; x_wconf 84' lang='lat' dir='ltr'>significat</span> <span class='ocrx_word' id='word_1_47' title='bbox 466 709 752 762; x_wconf 85' lang='lat' dir='ltr'>cognitiones</span> <span class='ocrx_word' id='word_1_48' title='bbox 768 709 951 762; x_wconf 87' lang='lat' dir='ltr'>genuini</span> <span class='ocrx_word' id='word_1_49' title='bbox 971 709 1064 749; x_wconf 89' lang='lat' dir='ltr'>veri</span> <span class='ocrx_word' id='word_1_50' title='bbox 1082 698 1313 757; x_wconf 48' lang='lat' dir='ltr'>‘imbuere3</span> <span class='ocrx_word' id='word_1_51' title='bbox 1346 711 1373 727; x_wconf 90' lang='lat'>“</span> <span class='ocrx_word' id='word_1_52' title='bbox 1386 714 1543 760; x_wconf 90' lang='lat' dir='ltr'>tegere</span> <span class='ocrx_word' id='word_1_53' title='bbox 1554 705 1575 720; x_wconf 93' lang='lat'>”</span> <span class='ocrx_word' id='word_1_54' title='bbox 1591 706 1711 747; x_wconf 90' lang='lat' dir='ltr'>enim</span> 
     </span>
     <span class='ocr_line' id='line_1_9' title="bbox 219 769 1710 825; baseline -0.003 -13"><span class='ocrx_word' id='word_1_55' title='bbox 219 772 508 825; x_wconf 86' lang='lat' dir='ltr'>praedicatur</span> <span class='ocrx_word' id='word_1_56' title='bbox 537 772 595 812; x_wconf 93' lang='lat' dir='ltr'>de</span> <span class='ocrx_word' id='word_1_57' title='bbox 625 772 756 820; x_wconf 89' lang='lat' dir='ltr'>veris,</span> <span class='ocrx_word' id='word_1_58' title='bbox 782 772 886 825; x_wconf 87' lang='lat' dir='ltr'>quia</span> <span class='ocrx_word' id='word_1_59' title='bbox 911 771 1133 812; x_wconf 78' lang='lat' dir='ltr'>“vestes”</span> <span class='ocrx_word' id='word_1_60' title='bbox 1158 769 1413 823; x_wconf 86' lang='lat' dir='ltr'>significant</span> <span class='ocrx_word' id='word_1_61' title='bbox 1443 782 1551 810; x_wconf 90' lang='lat' dir='ltr'>vera</span> <span class='ocrx_word' id='word_1_62' title='bbox 1580 769 1710 809; x_wconf 87' lang='lat' dir='ltr'>indu·</span> 
     </span>
     <span class='ocr_line' id='line_1_10' title="bbox 222 832 1711 888; baseline -0.003 -12"><span class='ocrx_word' id='word_1_63' title='bbox 222 836 345 876; x_wconf 89' lang='lat' dir='ltr'>entia</span> <span class='ocrx_word' id='word_1_64' title='bbox 374 835 557 884; x_wconf 90' lang='lat' dir='ltr'>bonum,</span> <span class='ocrx_word' id='word_1_65' title='bbox 584 841 632 876; x_wconf 91' lang='lat' dir='ltr'>et</span> <span class='ocrx_word' id='word_1_66' title='bbox 658 836 929 888; x_wconf 87' lang='lat' dir='ltr'>“antiquum</span> <span class='ocrx_word' id='word_1_67' title='bbox 941 834 961 850; x_wconf 88' lang='lat'>”</span> <span class='ocrx_word' id='word_1_68' title='bbox 987 835 1147 875; x_wconf 87' lang='lat' dir='ltr'>dicitur</span> <span class='ocrx_word' id='word_1_69' title='bbox 1172 834 1229 874; x_wconf 90' lang='lat' dir='ltr'>de</span> <span class='ocrx_word' id='word_1_70' title='bbox 1259 833 1471 886; x_wconf 85' lang='lat' dir='ltr'>genuino,</span> <span class='ocrx_word' id='word_1_71' title='bbox 1498 832 1711 885; x_wconf 89' lang='lat' dir='ltr'>quoniam</span> 
     </span>
     <span class='ocr_line' id='line_1_11' title="bbox 221 894 1711 951; baseline -0.002 -13"><span class='ocrx_word' id='word_1_72' title='bbox 221 898 417 951; x_wconf 90' lang='lat' dir='ltr'>genuina</span> <span class='ocrx_word' id='word_1_73' title='bbox 433 911 538 938; x_wconf 92' lang='lat' dir='ltr'>vera</span> <span class='ocrx_word' id='word_1_74' title='bbox 558 903 688 938; x_wconf 90' lang='lat' dir='ltr'>erant</span> <span class='ocrx_word' id='word_1_75' title='bbox 709 897 828 950; x_wconf 92' lang='lat' dir='ltr'>apud</span> <span class='ocrx_word' id='word_1_76' title='bbox 850 898 1073 951; x_wconf 86' lang='lat' dir='ltr'>antiquos.</span> <span class='ocrx_word' id='word_1_77' title='bbox 1123 895 1276 937; x_wconf 85' lang='lat' dir='ltr'>Simile</span> <span class='ocrx_word' id='word_1_78' title='bbox 1299 894 1575 948; x_wconf 88' lang='lat' dir='ltr'>significatur</span> <span class='ocrx_word' id='word_1_79' title='bbox 1590 894 1711 948; x_wconf 91' lang='lat' dir='ltr'>apud</span> 
     </span>
     <span class='ocr_line' id='line_1_12' title="bbox 220 959 391 1010; baseline 0 -10"><span class='ocrx_word' id='word_1_80' title='bbox 220 959 391 1010; x_wconf 83' lang='lat' dir='ltr'>Mosen,</span> 
     </span>
     <span class='ocr_line' id='line_1_13' title="bbox 246 1045 1709 1132; baseline -0.003 -51"><span class='ocrx_word' id='word_1_81' title='bbox 246 1083 250 1086; x_wconf 64' lang='grc'><strong>,</strong></span> <span class='ocrx_word' id='word_1_82' title='bbox 286 1048 391 1090; x_wconf 75' lang='lat' dir='ltr'>Quod</span> <span class='ocrx_word' id='word_1_83' title='bbox 406 1048 554 1132; x_wconf 43' lang='lat' dir='ltr'>ederent</span> <span class='ocrx_word' id='word_1_84' title='bbox 565 1049 611 1080; x_wconf 81' lang='lat' dir='ltr'>ad</span> <span class='ocrx_word' id='word_1_85' title='bbox 627 1048 839 1086; x_wconf 80' lang='lat' dir='ltr'>satietatem,</span> <span class='ocrx_word' id='word_1_86' title='bbox 852 1053 888 1080; x_wconf 90' lang='lat' dir='ltr'>et</span> <span class='ocrx_word' id='word_1_87' title='bbox 903 1047 999 1089; x_wconf 89' lang='lat' dir='ltr'>quod</span> <span class='ocrx_word' id='word_1_88' title='bbox 1008 1047 1156 1079; x_wconf 84' lang='lat' dir='ltr'>ederent</span> <span class='ocrx_word' id='word_1_89' title='bbox 1169 1053 1272 1078; x_wconf 88' lang='lat' dir='ltr'>vetus</span> <span class='ocrx_word' id='word_1_90' title='bbox 1284 1052 1464 1078; x_wconf 86' lang='lat' dir='ltr'>vetustum</span> <span class='ocrx_word' id='word_1_91' title='bbox 1478 1045 1600 1086; x_wconf 77' lang='lat' dir='ltr'>(Levit.</span> <span class='ocrx_word' id='word_1_92' title='bbox 1614 1045 1709 1077; x_wconf 83' lang='lat' dir='ltr'>xxvi.</span> 
     </span>
     <span class='ocr_line' id='line_1_14' title="bbox 396 1099 526 1131; baseline -0.008 0"><span class='ocrx_word' id='word_1_93' title='bbox 396 1099 425 1131; x_wconf 82' lang='lat'>5.</span> <span class='ocrx_word' id='word_1_94' title='bbox 445 1100 487 1123; x_wconf 88' lang='lat'>10</span> <span class='ocrx_word' id='word_1_95' title='bbox 517 1101 526 1130; x_wconf 72' lang='grc' dir='ltr'><strong>ἶ</strong></span> 
     </span>
    </p>

    <p class='ocr_par' dir='ltr' id='par_1_4' title="bbox 222 1173 574 1228">
     <span class='ocr_line' id='line_1_15' title="bbox 222 1173 574 1228; baseline -0.003 -12"><span class='ocrx_word' id='word_1_96' title='bbox 222 1173 342 1228; x_wconf 87' lang='lat' dir='ltr'>apud</span> <span class='ocrx_word' id='word_1_97' title='bbox 366 1174 574 1222; x_wconf 89' lang='lat' dir='ltr'>eundem,</span> 
     </span>
    </p>

    <p class='ocr_par' dir='ltr' id='par_1_5' title="bbox 438 1245 1456 1286">
     <span class='ocr_line' id='line_1_16' title="bbox 438 1245 1456 1286; baseline -0.003 -7"><span class='ocrx_word' id='word_1_98' title='bbox 438 1247 616 1279; x_wconf 89' lang='lat' dir='ltr'>Comedes</span> <span class='ocrx_word' id='word_1_99' title='bbox 632 1254 668 1279; x_wconf 81' lang='lat' dir='ltr'>et</span> <span class='ocrx_word' id='word_1_100' title='bbox 684 1247 870 1278; x_wconf 81' lang='lat' dir='ltr'>satiaberis</span> <span class='ocrx_word' id='word_1_101' title='bbox 886 1247 923 1278; x_wconf 91' lang='lat' dir='ltr'>in</span> <span class='ocrx_word' id='word_1_102' title='bbox 940 1253 1035 1278; x_wconf 89' lang='lat' dir='ltr'>terra</span> <span class='ocrx_word' id='word_1_103' title='bbox 1049 1247 1147 1278; x_wconf 86' lang='lat' dir='ltr'>bona</span> <span class='ocrx_word' id='word_1_104' title='bbox 1162 1245 1298 1285; x_wconf 79' lang='lat' dir='ltr'>(Deutr.</span> <span class='ocrx_word' id='word_1_105' title='bbox 1315 1246 1360 1277; x_wconf 84' lang='lat' dir='ltr'>xi.</span> <span class='ocrx_word' id='word_1_106' title='bbox 1380 1245 1456 1286; x_wconf 81' lang='lat'>15);</span> 
     </span>
    </p>

    <p class='ocr_par' dir='ltr' id='par_1_6' title="bbox 220 1289 1523 1420">
     <span class='ocr_line' id='line_1_17' title="bbox 437 1289 1523 1332; baseline -0.002 -9"><span class='ocrx_word' id='word_1_107' title='bbox 437 1291 530 1323; x_wconf 78' lang='lat' dir='ltr'>‘rum</span> <span class='ocrx_word' id='word_1_108' title='bbox 550 1291 645 1332; x_wconf 90' lang='lat' dir='ltr'>quod</span> <span class='ocrx_word' id='word_1_109' title='bbox 660 1291 808 1322; x_wconf 88' lang='lat' dir='ltr'>ederent</span> <span class='ocrx_word' id='word_1_110' title='bbox 824 1297 860 1322; x_wconf 91' lang='lat' dir='ltr'>et</span> <span class='ocrx_word' id='word_1_111' title='bbox 875 1300 949 1322; x_wconf 90' lang='lat' dir='ltr'>non</span> <span class='ocrx_word' id='word_1_112' title='bbox 966 1290 1182 1322; x_wconf 84' lang='lat' dir='ltr'>satiarentur</span> <span class='ocrx_word' id='word_1_113' title='bbox 1197 1290 1318 1330; x_wconf 86' lang='lat' dir='ltr'>(Levit.</span> <span class='ocrx_word' id='word_1_114' title='bbox 1331 1291 1427 1322; x_wconf 76' lang='lat' dir='ltr'>xxvi.</span> <span class='ocrx_word' id='word_1_115' title='bbox 1447 1289 1523 1329; x_wconf 79' lang='lat'><strong>26);</strong></span> 
     </span>
     <span class='ocr_line' id='line_1_18' title="bbox 220 1365 566 1420; baseline -0.003 -12"><span class='ocrx_word' id='word_1_116' title='bbox 220 1366 340 1420; x_wconf 90' lang='lat' dir='ltr'>apud</span> <span class='ocrx_word' id='word_1_117' title='bbox 363 1365 566 1415; x_wconf 89' lang='lat' dir='ltr'>Esaiam,</span> 
     </span>
    </p>
   </div>
   <div class='ocr_carea' id='block_1_4' title="bbox 286 1443 1711 1571">
    <p class='ocr_par' dir='ltr' id='par_1_7' title="bbox 286 1443 1711 1571">
     <span class='ocr_line' id='line_1_19' title="bbox 286 1443 1711 1483; baseline -0.001 -8"><span class='ocrx_word' id='word_1_118' title='bbox 286 1443 564 1475; x_wconf 85' lang='lat' dir='ltr'>“Aedificabunt</span> <span class='ocrx_word' id='word_1_119' title='bbox 580 1444 708 1475; x_wconf 87' lang='lat' dir='ltr'>domus</span> <span class='ocrx_word' id='word_1_120' title='bbox 725 1449 760 1475; x_wconf 88' lang='lat' dir='ltr'>et</span> <span class='ocrx_word' id='word_1_121' title='bbox 777 1443 1038 1481; x_wconf 86' lang='lat' dir='ltr'>inhabitabunt,</span> <span class='ocrx_word' id='word_1_122' title='bbox 1052 1449 1088 1474; x_wconf 93' lang='lat' dir='ltr'>et</span> <span class='ocrx_word' id='word_1_123' title='bbox 1101 1443 1314 1483; x_wconf 87' lang='lat' dir='ltr'>plantabunt</span> <span class='ocrx_word' id='word_1_124' title='bbox 1326 1443 1451 1474; x_wconf 89' lang='lat' dir='ltr'>vineas</span> <span class='ocrx_word' id='word_1_125' title='bbox 1470 1449 1506 1474; x_wconf 91' lang='lat' dir='ltr'>et</span> <span class='ocrx_word' id='word_1_126' title='bbox 1519 1443 1711 1474; x_wconf 90' lang='lat' dir='ltr'>comedent</span> 
     </span>
     <span class='ocr_line' id='line_1_20' title="bbox 393 1485 1710 1527; baseline -0.001 -9"><span class='ocrx_word' id='word_1_127' title='bbox 393 1485 547 1518; x_wconf 58' lang='lat' dir='ltr'>{rudium</span> <span class='ocrx_word' id='word_1_128' title='bbox 566 1496 711 1524; x_wconf 87' lang='lat' dir='ltr'>earum;</span> <span class='ocrx_word' id='word_1_129' title='bbox 739 1497 812 1518; x_wconf 90' lang='lat' dir='ltr'>non</span> <span class='ocrx_word' id='word_1_130' title='bbox 837 1487 1074 1518; x_wconf 85' lang='lat' dir='ltr'>aedificabunt</span> <span class='ocrx_word' id='word_1_131' title='bbox 1096 1493 1135 1518; x_wconf 89' lang='lat' dir='ltr'>ut</span> <span class='ocrx_word' id='word_1_132' title='bbox 1158 1487 1248 1518; x_wconf 88' lang='lat' dir='ltr'>alius</span> <span class='ocrx_word' id='word_1_133' title='bbox 1272 1486 1457 1523; x_wconf 81' lang='lat' dir='ltr'>inhabitet,</span> <span class='ocrx_word' id='word_1_134' title='bbox 1474 1496 1547 1517; x_wconf 88' lang='lat' dir='ltr'>non</span> <span class='ocrx_word' id='word_1_135' title='bbox 1572 1486 1710 1527; x_wconf 87' lang='lat' dir='ltr'>planta-</span> 
     </span>
     <span class='ocr_line' id='line_1_21' title="bbox 393 1529 1119 1571; baseline 0 -9"><span class='ocrx_word' id='word_1_136' title='bbox 393 1531 483 1562; x_wconf 86' lang='lat' dir='ltr'>bunt</span> <span class='ocrx_word' id='word_1_137' title='bbox 498 1536 537 1562; x_wconf 89' lang='lat' dir='ltr'>ut</span> <span class='ocrx_word' id='word_1_138' title='bbox 551 1531 643 1562; x_wconf 87' lang='lat' dir='ltr'>alius</span> <span class='ocrx_word' id='word_1_139' title='bbox 659 1531 824 1562; x_wconf 87' lang='lat' dir='ltr'>comedat</span> <span class='ocrx_word' id='word_1_140' title='bbox 834 1529 854 1542; x_wconf 88' lang='lat'>’‘</span> <span class='ocrx_word' id='word_1_141' title='bbox 869 1530 955 1571; x_wconf 83' lang='lat' dir='ltr'>(lxv.</span> <span class='ocrx_word' id='word_1_142' title='bbox 973 1539 1025 1569; x_wconf 86' lang='lat'>21,</span> <span class='ocrx_word' id='word_1_143' title='bbox 1042 1531 1119 1571; x_wconf 87' lang='lat'>22):</span> 
     </span>
    </p>
   </div>
   <div class='ocr_carea' id='block_1_5' title="bbox 219 1622 1709 1679">
    <p class='ocr_par' dir='ltr' id='par_1_8' title="bbox 219 1622 1709 1679">
     <span class='ocr_line' id='line_1_22' title="bbox 219 1622 1709 1679; baseline -0.001 -14"><span class='ocrx_word' id='word_1_144' title='bbox 219 1625 404 1679; x_wconf 90' lang='lat' dir='ltr'>quisque</span> <span class='ocrx_word' id='word_1_145' title='bbox 429 1625 515 1665; x_wconf 91' lang='lat' dir='ltr'>scit</span> <span class='ocrx_word' id='word_1_146' title='bbox 539 1624 644 1678; x_wconf 89' lang='lat' dir='ltr'>quid</span> <span class='ocrx_word' id='word_1_147' title='bbox 669 1625 714 1664; x_wconf 91' lang='lat' dir='ltr'>in</span> <span class='ocrx_word' id='word_1_148' title='bbox 740 1637 874 1665; x_wconf 90' lang='lat' dir='ltr'>sensu</span> <span class='ocrx_word' id='word_1_149' title='bbox 899 1623 1079 1664; x_wconf 88' lang='lat' dir='ltr'>litterae</span> <span class='ocrx_word' id='word_1_150' title='bbox 1107 1637 1187 1677; x_wconf 90' lang='lat' dir='ltr'>per</span> <span class='ocrx_word' id='word_1_151' title='bbox 1217 1623 1294 1664; x_wconf 91' lang='lat' dir='ltr'>illa</span> <span class='ocrx_word' id='word_1_152' title='bbox 1319 1624 1457 1664; x_wconf 88' lang='lat' dir='ltr'>verba</span> <span class='ocrx_word' id='word_1_153' title='bbox 1482 1622 1709 1676; x_wconf 87' lang='lat' dir='ltr'>significa·</span> 
     </span>
    </p>
   </div>
   <div class='ocr_carea' id='block_1_6' title="bbox 95 1676 1710 1740">
    <p class='ocr_par' dir='ltr' id='par_1_9' title="bbox 95 1676 1710 1740">
     <span class='ocr_line' id='line_1_23' title="bbox 95 1676 1710 1740; baseline -0.001 -12"><span class='ocrx_word' id='word_1_154' title='bbox 95 1676 98 1678; x_wconf 29' lang='lat'><em>¹</em></span> <span class='ocrx_word' id='word_1_155' title='bbox 160 1696 165 1701; x_wconf 11' lang='grc' dir='ltr'>Κ</span> <span class='ocrx_word' id='word_1_156' title='bbox 219 1694 316 1738; x_wconf 88' lang='lat' dir='ltr'>tur;</span> <span class='ocrx_word' id='word_1_157' title='bbox 348 1687 427 1727; x_wconf 91' lang='lat' dir='ltr'>sed</span> <span class='ocrx_word' id='word_1_158' title='bbox 453 1687 556 1740; x_wconf 85' lang='lat' dir='ltr'>quia</span> <span class='ocrx_word' id='word_1_159' title='bbox 580 1686 782 1727; x_wconf 91' lang='lat' dir='ltr'>Verbum</span> <span class='ocrx_word' id='word_1_160' title='bbox 804 1687 849 1727; x_wconf 91' lang='lat' dir='ltr'>in</span> <span class='ocrx_word' id='word_1_161' title='bbox 875 1687 973 1727; x_wconf 90' lang='lat' dir='ltr'>sinu</span> <span class='ocrx_word' id='word_1_162' title='bbox 998 1700 1079 1727; x_wconf 91' lang='lat' dir='ltr'>suo</span> <span class='ocrx_word' id='word_1_163' title='bbox 1104 1692 1175 1727; x_wconf 88' lang='lat' dir='ltr'>est</span> <span class='ocrx_word' id='word_1_164' title='bbox 1202 1686 1447 1739; x_wconf 89' lang='lat' dir='ltr'>spirituale,</span> <span class='ocrx_word' id='word_1_165' title='bbox 1470 1687 1607 1726; x_wconf 89' lang='lat' dir='ltr'>etiam</span> <span class='ocrx_word' id='word_1_166' title='bbox 1630 1699 1710 1739; x_wconf 91' lang='lat' dir='ltr'>per</span> 
     </span>
    </p>
   </div>
   <div class='ocr_carea' id='block_1_7' title="bbox 216 1749 1709 2368">
    <p class='ocr_par' dir='ltr' id='par_1_10' title="bbox 216 1749 1709 2368">
     <span class='ocr_line' id='line_1_24' title="bbox 218 1749 1709 1802; baseline -0.001 -12"><span class='ocrx_word' id='word_1_167' title='bbox 218 1749 297 1791; x_wconf 88' lang='lat' dir='ltr'>illa</span> <span class='ocrx_word' id='word_1_168' title='bbox 337 1749 653 1802; x_wconf 88' lang='lat' dir='ltr'>intelliguntur</span> <span class='ocrx_word' id='word_1_169' title='bbox 692 1749 953 1802; x_wconf 86' lang='lat' dir='ltr'>spiritualia,</span> <span class='ocrx_word' id='word_1_170' title='bbox 996 1762 1159 1802; x_wconf 89' lang='lat' dir='ltr'>nempe</span> <span class='ocrx_word' id='word_1_171' title='bbox 1196 1749 1306 1790; x_wconf 83' lang='lat' dir='ltr'>talia</span> <span class='ocrx_word' id='word_1_172' title='bbox 1344 1763 1459 1802; x_wconf 86' lang='lat' dir='ltr'>quae</span> <span class='ocrx_word' id='word_1_173' title='bbox 1504 1749 1617 1790; x_wconf 89' lang='lat' dir='ltr'>caeli</span> <span class='ocrx_word' id='word_1_174' title='bbox 1661 1755 1709 1790; x_wconf 89' lang='lat' dir='ltr'>et</span> 
     </span>
     <span class='ocr_line' id='line_1_25' title="bbox 219 1809 1709 1870; baseline -0.001 -17"><span class='ocrx_word' id='word_1_175' title='bbox 219 1811 437 1853; x_wconf 89' lang='lat' dir='ltr'>ecclesiae</span> <span class='ocrx_word' id='word_1_176' title='bbox 468 1818 588 1870; x_wconf 74' lang='lat' dir='ltr'>sunt,</span> <span class='ocrx_word' id='word_1_177' title='bbox 614 1825 718 1852; x_wconf 90' lang='lat' dir='ltr'>nam</span> <span class='ocrx_word' id='word_1_178' title='bbox 750 1812 861 1852; x_wconf 91' lang='lat' dir='ltr'>haec</span> <span class='ocrx_word' id='word_1_179' title='bbox 893 1818 998 1852; x_wconf 84' lang='lat' dir='ltr'>sunt</span> <span class='ocrx_word' id='word_1_180' title='bbox 1023 1812 1293 1864; x_wconf 89' lang='lat' dir='ltr'>spiritualia:</span> <span class='ocrx_word' id='word_1_181' title='bbox 1332 1824 1411 1864; x_wconf 91' lang='lat' dir='ltr'>per</span> <span class='ocrx_word' id='word_1_182' title='bbox 1434 1809 1709 1851; x_wconf 86' lang='lat' dir='ltr'>“aedificare</span> 
     </span>
     <span class='ocr_line' id='line_1_26' title="bbox 218 1874 1709 1928; baseline -0.001 -12"><span class='ocrx_word' id='word_1_183' title='bbox 218 1875 378 1916; x_wconf 91' lang='lat' dir='ltr'>domos</span> <span class='ocrx_word' id='word_1_184' title='bbox 403 1882 451 1916; x_wconf 89' lang='lat' dir='ltr'>et</span> <span class='ocrx_word' id='word_1_185' title='bbox 480 1875 733 1916; x_wconf 88' lang='lat' dir='ltr'>inhabitare</span> <span class='ocrx_word' id='word_1_186' title='bbox 745 1874 766 1890; x_wconf 87' lang='lat'>&#39;’</span> <span class='ocrx_word' id='word_1_187' title='bbox 792 1874 1068 1928; x_wconf 89' lang='lat' dir='ltr'>significatur</span> <span class='ocrx_word' id='word_1_188' title='bbox 1092 1875 1305 1916; x_wconf 88' lang='lat' dir='ltr'>interiora</span> <span class='ocrx_word' id='word_1_189' title='bbox 1331 1875 1497 1915; x_wconf 88' lang='lat' dir='ltr'>mentis</span> <span class='ocrx_word' id='word_1_190' title='bbox 1522 1875 1709 1927; x_wconf 89' lang='lat' dir='ltr'>implere</span> 
     </span>
     <span class='ocr_line' id='line_1_27' title="bbox 217 1937 1708 1991; baseline -0.001 -12"><span class='ocrx_word' id='word_1_191' title='bbox 217 1938 348 1980; x_wconf 90' lang='lat' dir='ltr'>bonis</span> <span class='ocrx_word' id='word_1_192' title='bbox 369 1938 483 1979; x_wconf 93' lang='lat' dir='ltr'>caeli</span> <span class='ocrx_word' id='word_1_193' title='bbox 509 1945 556 1979; x_wconf 90' lang='lat' dir='ltr'>et</span> <span class='ocrx_word' id='word_1_194' title='bbox 582 1938 817 1986; x_wconf 90' lang='lat' dir='ltr'>ecclesiae,</span> <span class='ocrx_word' id='word_1_195' title='bbox 844 1944 891 1978; x_wconf 92' lang='lat' dir='ltr'>et</span> <span class='ocrx_word' id='word_1_196' title='bbox 922 1951 1002 1991; x_wconf 87' lang='lat' dir='ltr'>per</span> <span class='ocrx_word' id='word_1_197' title='bbox 1032 1938 1076 1978; x_wconf 89' lang='lat' dir='ltr'>id</span> <span class='ocrx_word' id='word_1_198' title='bbox 1107 1938 1188 1978; x_wconf 85' lang='lat' dir='ltr'>frui</span> <span class='ocrx_word' id='word_1_199' title='bbox 1212 1939 1306 1979; x_wconf 87' lang='lat' dir='ltr'>vita</span> <span class='ocrx_word' id='word_1_200' title='bbox 1332 1937 1546 1988; x_wconf 90' lang='lat' dir='ltr'>caelesti;</span> <span class='ocrx_word' id='word_1_201' title='bbox 1585 1937 1708 1978; x_wconf 78' lang='lat' dir='ltr'>“do-</span> 
     </span>
     <span class='ocr_line' id='line_1_28' title="bbox 218 2000 1708 2054; baseline -0.001 -12"><span class='ocrx_word' id='word_1_202' title='bbox 218 2013 316 2042; x_wconf 88' lang='lat' dir='ltr'>mus</span> <span class='ocrx_word' id='word_1_203' title='bbox 330 2000 351 2016; x_wconf 78' lang='lat'>&#39;⁹</span> <span class='ocrx_word' id='word_1_204' title='bbox 375 2001 630 2053; x_wconf 87' lang='lat' dir='ltr'>significant</span> <span class='ocrx_word' id='word_1_205' title='bbox 661 2001 876 2041; x_wconf 87' lang='lat' dir='ltr'>interiora</span> <span class='ocrx_word' id='word_1_206' title='bbox 905 2001 1086 2049; x_wconf 87' lang='lat' dir='ltr'>mentis,</span> <span class='ocrx_word' id='word_1_207' title='bbox 1119 2007 1165 2042; x_wconf 89' lang='lat' dir='ltr'>et</span> <span class='ocrx_word' id='word_1_208' title='bbox 1193 2001 1513 2042; x_wconf 85' lang='lat' dir='ltr'>“inhabitare”</span> <span class='ocrx_word' id='word_1_209' title='bbox 1538 2000 1708 2054; x_wconf 82' lang='lat' dir='ltr'>signifi-</span> 
     </span>
     <span class='ocr_line' id='line_1_29' title="bbox 218 2063 1708 2116; baseline 0 -12"><span class='ocrx_word' id='word_1_210' title='bbox 218 2069 294 2104; x_wconf 91' lang='lat' dir='ltr'>cat</span> <span class='ocrx_word' id='word_1_211' title='bbox 318 2064 460 2104; x_wconf 89' lang='lat' dir='ltr'>vitam</span> <span class='ocrx_word' id='word_1_212' title='bbox 487 2064 733 2104; x_wconf 88' lang='lat' dir='ltr'>caelestem</span> <span class='ocrx_word' id='word_1_213' title='bbox 760 2064 889 2104; x_wconf 88' lang='lat' dir='ltr'>inde:</span> <span class='ocrx_word' id='word_1_214' title='bbox 922 2077 1002 2116; x_wconf 91' lang='lat' dir='ltr'>per</span> <span class='ocrx_word' id='word_1_215' title='bbox 1029 2063 1272 2116; x_wconf 88' lang='lat' dir='ltr'>“plantare</span> <span class='ocrx_word' id='word_1_216' title='bbox 1298 2065 1452 2104; x_wconf 86' lang='lat' dir='ltr'>vineas</span> <span class='ocrx_word' id='word_1_217' title='bbox 1477 2070 1524 2105; x_wconf 93' lang='lat' dir='ltr'>et</span> <span class='ocrx_word' id='word_1_218' title='bbox 1556 2077 1708 2105; x_wconf 91' lang='lat' dir='ltr'>come-</span> 
     </span>
     <span class='ocr_line' id='line_1_30' title="bbox 217 2125 1706 2179; baseline -0.001 -12"><span class='ocrx_word' id='word_1_219' title='bbox 217 2125 323 2167; x_wconf 91' lang='lat' dir='ltr'>dere</span> <span class='ocrx_word' id='word_1_220' title='bbox 339 2125 529 2167; x_wconf 64' lang='lat' dir='ltr'>suffitum</span> <span class='ocrx_word' id='word_1_221' title='bbox 547 2139 699 2167; x_wconf 88' lang='lat' dir='ltr'>earum</span> <span class='ocrx_word' id='word_1_222' title='bbox 710 2126 731 2141; x_wconf 82' lang='lat'>‘¹</span> <span class='ocrx_word' id='word_1_223' title='bbox 745 2125 1022 2179; x_wconf 88' lang='lat' dir='ltr'>significatur</span> <span class='ocrx_word' id='word_1_224' title='bbox 1035 2126 1180 2167; x_wconf 90' lang='lat' dir='ltr'>ditare</span> <span class='ocrx_word' id='word_1_225' title='bbox 1194 2140 1242 2167; x_wconf 90' lang='lat' dir='ltr'>se</span> <span class='ocrx_word' id='word_1_226' title='bbox 1256 2127 1371 2167; x_wconf 92' lang='lat' dir='ltr'>veris</span> <span class='ocrx_word' id='word_1_227' title='bbox 1388 2126 1706 2179; x_wconf 89' lang='lat' dir='ltr'>spiritualibus,</span> 
     </span>
     <span class='ocr_line' id='line_1_31' title="bbox 219 2189 1708 2244; baseline 0 -14"><span class='ocrx_word' id='word_1_228' title='bbox 219 2195 267 2230; x_wconf 90' lang='lat' dir='ltr'>et</span> <span class='ocrx_word' id='word_1_229' title='bbox 291 2191 581 2242; x_wconf 86' lang='lat' dir='ltr'>appropriare</span> <span class='ocrx_word' id='word_1_230' title='bbox 613 2190 696 2230; x_wconf 89' lang='lat' dir='ltr'>sibi</span> <span class='ocrx_word' id='word_1_231' title='bbox 727 2190 847 2230; x_wconf 89' lang='lat' dir='ltr'>bona</span> <span class='ocrx_word' id='word_1_232' title='bbox 877 2190 1011 2239; x_wconf 88' lang='lat' dir='ltr'>inde;</span> <span class='ocrx_word' id='word_1_233' title='bbox 1050 2189 1276 2230; x_wconf 87' lang='lat' dir='ltr'>“vineae”</span> <span class='ocrx_word' id='word_1_234' title='bbox 1307 2197 1412 2231; x_wconf 90' lang='lat' dir='ltr'>sunt</span> <span class='ocrx_word' id='word_1_235' title='bbox 1443 2204 1550 2231; x_wconf 89' lang='lat' dir='ltr'>vera</span> <span class='ocrx_word' id='word_1_236' title='bbox 1580 2191 1708 2244; x_wconf 88' lang='lat' dir='ltr'>spiri-</span> 
     </span>
     <span class='ocr_line' id='line_1_32' title="bbox 217 2251 1707 2301; baseline 0.001 -9"><span class='ocrx_word' id='word_1_237' title='bbox 217 2251 369 2301; x_wconf 89' lang='lat' dir='ltr'>tualia,</span> <span class='ocrx_word' id='word_1_238' title='bbox 398 2251 634 2293; x_wconf 61' lang='lat' dir='ltr'>“fructus”</span> <span class='ocrx_word' id='word_1_239' title='bbox 659 2259 764 2293; x_wconf 89' lang='lat' dir='ltr'>sunt</span> <span class='ocrx_word' id='word_1_240' title='bbox 796 2252 916 2292; x_wconf 90' lang='lat' dir='ltr'>bona</span> <span class='ocrx_word' id='word_1_241' title='bbox 941 2252 1059 2300; x_wconf 90' lang='lat' dir='ltr'>inde,</span> <span class='ocrx_word' id='word_1_242' title='bbox 1086 2259 1133 2293; x_wconf 93' lang='lat' dir='ltr'>et</span> <span class='ocrx_word' id='word_1_243' title='bbox 1157 2253 1435 2294; x_wconf 89' lang='lat' dir='ltr'>“comedere</span> <span class='ocrx_word' id='word_1_244' title='bbox 1447 2253 1466 2268; x_wconf 93' lang='lat'>&#39;’</span> <span class='ocrx_word' id='word_1_245' title='bbox 1493 2260 1563 2294; x_wconf 86' lang='lat' dir='ltr'>est</span> <span class='ocrx_word' id='word_1_246' title='bbox 1595 2254 1707 2294; x_wconf 88' lang='lat' dir='ltr'>reci-</span> 
     </span>
     <span class='ocr_line' id='line_1_33' title="bbox 216 2316 1708 2368; baseline 0.001 -13"><span class='ocrx_word' id='word_1_247' title='bbox 216 2327 336 2367; x_wconf 88' lang='lat' dir='ltr'>pere,</span> <span class='ocrx_word' id='word_1_248' title='bbox 378 2316 607 2368; x_wconf 88' lang='lat' dir='ltr'>percipere</span> <span class='ocrx_word' id='word_1_249' title='bbox 648 2323 695 2356; x_wconf 88' lang='lat' dir='ltr'>et</span> <span class='ocrx_word' id='word_1_250' title='bbox 740 2316 1029 2368; x_wconf 89' lang='lat' dir='ltr'>appropriare</span> <span class='ocrx_word' id='word_1_251' title='bbox 1070 2316 1178 2366; x_wconf 89' lang='lat' dir='ltr'>sibi;</span> <span class='ocrx_word' id='word_1_252' title='bbox 1220 2329 1325 2356; x_wconf 90' lang='lat' dir='ltr'>nam</span> <span class='ocrx_word' id='word_1_253' title='bbox 1366 2329 1499 2357; x_wconf 91' lang='lat' dir='ltr'>omne</span> <span class='ocrx_word' id='word_1_254' title='bbox 1539 2317 1708 2356; x_wconf 89' lang='lat' dir='ltr'>bonum</span> 
     </span>
    </p>
   </div>
   <div class='ocr_carea' id='block_1_8' title="bbox 67 2371 1705 2431">
    <p class='ocr_par' dir='ltr' id='par_1_11' title="bbox 67 2371 1705 2431">
     <span class='ocr_line' id='line_1_34' title="bbox 67 2371 1705 2431; baseline 0 -13"><span class='ocrx_word' id='word_1_255' title='bbox 67 2391 72 2400; x_wconf 90' lang='grc'>’</span> <span class='ocrx_word' id='word_1_256' title='bbox 101 2403 107 2410; x_wconf 69' lang='lat'>,</span> <span class='ocrx_word' id='word_1_257' title='bbox 170 2371 178 2375; x_wconf 54' lang='lat'><em>¹</em></span> <span class='ocrx_word' id='word_1_258' title='bbox 216 2378 530 2430; x_wconf 84' lang='lat' dir='ltr'>appropriatur</span> <span class='ocrx_word' id='word_1_259' title='bbox 555 2379 724 2419; x_wconf 87' lang='lat' dir='ltr'>homini</span> <span class='ocrx_word' id='word_1_260' title='bbox 751 2391 830 2431; x_wconf 92' lang='lat' dir='ltr'>per</span> <span class='ocrx_word' id='word_1_261' title='bbox 854 2391 976 2426; x_wconf 87' lang='lat' dir='ltr'>vera,</span> <span class='ocrx_word' id='word_1_262' title='bbox 1000 2391 1163 2430; x_wconf 91' lang='lat' dir='ltr'>nempe</span> <span class='ocrx_word' id='word_1_263' title='bbox 1190 2392 1268 2431; x_wconf 90' lang='lat' dir='ltr'>per</span> <span class='ocrx_word' id='word_1_264' title='bbox 1293 2379 1433 2419; x_wconf 90' lang='lat' dir='ltr'>vitam</span> <span class='ocrx_word' id='word_1_265' title='bbox 1459 2379 1705 2420; x_wconf 89' lang='lat' dir='ltr'>secundum</span> 
     </span>
    </p>
   </div>
   <div class='ocr_carea' id='block_1_9' title="bbox 0 2895 98 3332">
    <p class='ocr_par' dir='ltr' id='par_1_12' title="bbox 0 2895 98 3332">
     <span class='ocr_line' id='line_1_35' title="bbox 0 2895 98 3332; baseline 0 2"><span class='ocrx_word' id='word_1_266' title='bbox 0 2895 98 3332; x_wconf 95' lang='lat' dir='ltr'> </span> 
     </span>
    </p>
   </div>
   <div class='ocr_carea' id='block_1_10' title="bbox 214 2439 1708 2746">
    <p class='ocr_par' dir='ltr' id='par_1_13' title="bbox 214 2439 1708 2746">
     <span class='ocr_line' id='line_1_36' title="bbox 216 2439 1708 2494; baseline 0.001 -13"><span class='ocrx_word' id='word_1_267' title='bbox 216 2439 318 2480; x_wconf 86' lang='lat' dir='ltr'>illa:</span> <span class='ocrx_word' id='word_1_268' title='bbox 350 2454 410 2481; x_wconf 88' lang='lat' dir='ltr'>ex</span> <span class='ocrx_word' id='word_1_269' title='bbox 432 2439 563 2482; x_wconf 61' lang='lat' dir='ltr'>dietis</span> <span class='ocrx_word' id='word_1_270' title='bbox 584 2454 701 2482; x_wconf 91' lang='lat' dir='ltr'>nunc</span> <span class='ocrx_word' id='word_1_271' title='bbox 724 2447 853 2494; x_wconf 88' lang='lat' dir='ltr'>patet</span> <span class='ocrx_word' id='word_1_272' title='bbox 875 2441 981 2494; x_wconf 90' lang='lat' dir='ltr'>quid</span> <span class='ocrx_word' id='word_1_273' title='bbox 1003 2440 1280 2494; x_wconf 85' lang='lat' dir='ltr'>significatur</span> <span class='ocrx_word' id='word_1_274' title='bbox 1300 2455 1380 2494; x_wconf 90' lang='lat' dir='ltr'>per</span> <span class='ocrx_word' id='word_1_275' title='bbox 1398 2446 1527 2483; x_wconf 90' lang='lat' dir='ltr'>“non</span> <span class='ocrx_word' id='word_1_276' title='bbox 1553 2440 1708 2482; x_wconf 85' lang='lat' dir='ltr'>aedifi-</span> 
     </span>
     <span class='ocr_line' id='line_1_37' title="bbox 216 2503 1708 2556; baseline 0.001 -13"><span class='ocrx_word' id='word_1_277' title='bbox 216 2503 383 2544; x_wconf 90' lang='lat' dir='ltr'>cabunt</span> <span class='ocrx_word' id='word_1_278' title='bbox 401 2510 450 2545; x_wconf 92' lang='lat' dir='ltr'>ut</span> <span class='ocrx_word' id='word_1_279' title='bbox 467 2504 579 2544; x_wconf 88' lang='lat' dir='ltr'>alius</span> <span class='ocrx_word' id='word_1_280' title='bbox 596 2504 834 2552; x_wconf 88' lang='lat' dir='ltr'>inhabitet,</span> <span class='ocrx_word' id='word_1_281' title='bbox 851 2517 941 2544; x_wconf 90' lang='lat' dir='ltr'>non</span> <span class='ocrx_word' id='word_1_282' title='bbox 960 2503 1232 2556; x_wconf 90' lang='lat' dir='ltr'>plantabunt</span> <span class='ocrx_word' id='word_1_283' title='bbox 1249 2511 1298 2546; x_wconf 91' lang='lat' dir='ltr'>ut</span> <span class='ocrx_word' id='word_1_284' title='bbox 1315 2505 1427 2546; x_wconf 91' lang='lat' dir='ltr'>alius</span> <span class='ocrx_word' id='word_1_285' title='bbox 1445 2505 1656 2546; x_wconf 89' lang='lat' dir='ltr'>comedat</span> <span class='ocrx_word' id='word_1_286' title='bbox 1674 2504 1708 2554; x_wconf 84' lang='lat'>;&#39;’</span> 
     </span>
     <span class='ocr_line' id='line_1_38' title="bbox 218 2565 1707 2620; baseline 0.001 -14"><span class='ocrx_word' id='word_1_287' title='bbox 218 2565 399 2606; x_wconf 83' lang='lat' dir='ltr'>“alius&#39;&#39;</span> <span class='ocrx_word' id='word_1_288' title='bbox 439 2566 663 2620; x_wconf 87' lang='lat' dir='ltr'>significat</span> <span class='ocrx_word' id='word_1_289' title='bbox 703 2566 864 2607; x_wconf 87' lang='lat' dir='ltr'>falsum</span> <span class='ocrx_word' id='word_1_290' title='bbox 901 2573 948 2607; x_wconf 90' lang='lat' dir='ltr'>et</span> <span class='ocrx_word' id='word_1_291' title='bbox 985 2566 1152 2607; x_wconf 88' lang='lat' dir='ltr'>malum</span> <span class='ocrx_word' id='word_1_292' title='bbox 1189 2567 1428 2608; x_wconf 89' lang='lat' dir='ltr'>destruens</span> <span class='ocrx_word' id='word_1_293' title='bbox 1465 2580 1618 2607; x_wconf 89' lang='lat' dir='ltr'>verum</span> <span class='ocrx_word' id='word_1_294' title='bbox 1658 2574 1707 2608; x_wconf 92' lang='lat' dir='ltr'>et</span> 
     </span>
     <span class='ocr_line' id='line_1_39' title="bbox 214 2627 1704 2683; baseline 0.001 -15"><span class='ocrx_word' id='word_1_295' title='bbox 214 2627 397 2677; x_wconf 91' lang='lat' dir='ltr'>bonum,</span> <span class='ocrx_word' id='word_1_296' title='bbox 430 2643 534 2670; x_wconf 89' lang='lat' dir='ltr'>nam</span> <span class='ocrx_word' id='word_1_297' title='bbox 565 2642 666 2670; x_wconf 90' lang='lat' dir='ltr'>cum</span> <span class='ocrx_word' id='word_1_298' title='bbox 697 2642 802 2670; x_wconf 86' lang='lat' dir='ltr'>vera</span> <span class='ocrx_word' id='word_1_299' title='bbox 832 2636 879 2670; x_wconf 90' lang='lat' dir='ltr'>et</span> <span class='ocrx_word' id='word_1_300' title='bbox 916 2630 1035 2670; x_wconf 85' lang='lat' dir='ltr'>bona</span> <span class='ocrx_word' id='word_1_301' title='bbox 1071 2636 1261 2682; x_wconf 90' lang='lat' dir='ltr'>pereunt</span> <span class='ocrx_word' id='word_1_302' title='bbox 1301 2630 1420 2683; x_wconf 83' lang='lat' dir='ltr'>apud</span> <span class='ocrx_word' id='word_1_303' title='bbox 1459 2630 1704 2679; x_wconf 89' lang='lat' dir='ltr'>hominem,</span> 
     </span>
     <span class='ocr_line' id='line_1_40' title="bbox 215 2691 1231 2746; baseline 0.002 -15"><span class='ocrx_word' id='word_1_304' title='bbox 215 2691 385 2733; x_wconf 88' lang='lat' dir='ltr'>intrant</span> <span class='ocrx_word' id='word_1_305' title='bbox 410 2692 521 2733; x_wconf 86' lang='lat' dir='ltr'>salsa</span> <span class='ocrx_word' id='word_1_306' title='bbox 545 2699 592 2734; x_wconf 90' lang='lat' dir='ltr'>et</span> <span class='ocrx_word' id='word_1_307' title='bbox 618 2692 748 2733; x_wconf 88' lang='lat' dir='ltr'>mala.</span> <span class='ocrx_word' id='word_1_308' title='bbox 809 2692 947 2746; x_wconf 90' lang='lat' dir='ltr'>Apud</span> <span class='ocrx_word' id='word_1_309' title='bbox 972 2692 1231 2742; x_wconf 82' lang='lat' dir='ltr'>Jcremiam,</span> 
     </span>
    </p>
   </div>
   <div class='ocr_carea' id='block_1_11' title="bbox 282 2779 1704 2864">
    <p class='ocr_par' dir='ltr' id='par_1_14' title="bbox 282 2779 1704 2864">
     <span class='ocr_line' id='line_1_41' title="bbox 282 2779 1704 2822; baseline 0.001 -10"><span class='ocrx_word' id='word_1_310' title='bbox 282 2779 496 2812; x_wconf 81' lang='lat' dir='ltr'>“Aedificate</span> <span class='ocrx_word' id='word_1_311' title='bbox 516 2781 644 2813; x_wconf 90' lang='lat' dir='ltr'>domos</span> <span class='ocrx_word' id='word_1_312' title='bbox 661 2787 696 2812; x_wconf 84' lang='lat' dir='ltr'>et</span> <span class='ocrx_word' id='word_1_313' title='bbox 714 2781 920 2819; x_wconf 84' lang='lat' dir='ltr'>inhabitate,</span> <span class='ocrx_word' id='word_1_314' title='bbox 934 2787 970 2812; x_wconf 87' lang='lat' dir='ltr'>et</span> <span class='ocrx_word' id='word_1_315' title='bbox 987 2781 1146 2822; x_wconf 86' lang='lat' dir='ltr'>plantate</span> <span class='ocrx_word' id='word_1_316' title='bbox 1162 2782 1287 2814; x_wconf 88' lang='lat' dir='ltr'>hortos</span> <span class='ocrx_word' id='word_1_317' title='bbox 1304 2789 1340 2814; x_wconf 87' lang='lat' dir='ltr'>et</span> <span class='ocrx_word' id='word_1_318' title='bbox 1355 2783 1532 2814; x_wconf 87' lang='lat' dir='ltr'>comedite</span> <span class='ocrx_word' id='word_1_319' title='bbox 1550 2780 1704 2814; x_wconf 66' lang='lat' dir='ltr'>fruc‘kum</span> 
     </span>
     <span class='ocr_line' id='line_1_42' title="bbox 387 2823 806 2864; baseline 0 -8"><span class='ocrx_word' id='word_1_320' title='bbox 387 2823 540 2856; x_wconf 87' lang='lat' dir='ltr'>eorum’&#39;</span> <span class='ocrx_word' id='word_1_321' title='bbox 556 2823 663 2864; x_wconf 79' lang='lat' dir='ltr'>(xxix.</span> <span class='ocrx_word' id='word_1_322' title='bbox 683 2832 711 2863; x_wconf 83' lang='lat'>5,</span> <span class='ocrx_word' id='word_1_323' title='bbox 730 2825 806 2864; x_wconf 83' lang='lat'>28);</span> 
     </span>
    </p>
   </div>
   <div class='ocr_carea' id='block_1_12' title="bbox 215 2909 1701 2968">
    <p class='ocr_par' dir='ltr' id='par_1_15' title="bbox 215 2909 1701 2968">
     <span class='ocr_line' id='line_1_43' title="bbox 215 2909 1701 2968; baseline 0.002 -17"><span class='ocrx_word' id='word_1_324' title='bbox 215 2909 327 2952; x_wconf 90' lang='lat' dir='ltr'>haec</span> <span class='ocrx_word' id='word_1_325' title='bbox 357 2911 560 2954; x_wconf 90' lang='lat' dir='ltr'>similiter</span> <span class='ocrx_word' id='word_1_326' title='bbox 589 2911 887 2966; x_wconf 87' lang='lat' dir='ltr'>intelligenda</span> <span class='ocrx_word' id='word_1_327' title='bbox 917 2918 1022 2954; x_wconf 89' lang='lat' dir='ltr'>sunt</span> <span class='ocrx_word' id='word_1_328' title='bbox 1059 2913 1173 2955; x_wconf 88' lang='lat' dir='ltr'>sicut</span> <span class='ocrx_word' id='word_1_329' title='bbox 1208 2913 1286 2955; x_wconf 90' lang='lat' dir='ltr'>illa</span> <span class='ocrx_word' id='word_1_330' title='bbox 1321 2927 1435 2968; x_wconf 89' lang='lat' dir='ltr'>quae</span> <span class='ocrx_word' id='word_1_331' title='bbox 1467 2926 1582 2955; x_wconf 89' lang='lat' dir='ltr'>nunc</span> <span class='ocrx_word' id='word_1_332' title='bbox 1617 2927 1701 2955; x_wconf 83' lang='lat' dir='ltr'>ex-</span> 
     </span>
    </p>
   </div>
  </div>
 </body>
</html>
