1962 3334
259 291 277 323 1
286 282 366 335 382
670 290 1002 325 APOCALYPSIS
1033 292 1332 325 EXPLICATA.

252 409 391 457 caput
414 417 546 458 super
567 418 655 458 quo
673 418 853 446 corona.
914 405 1025 447 Inde
1043 405 1218 447 suerunt
1237 419 1430 448 coronae
1449 406 1720 460 martyribus
1737 420 1747 458 ;

251 466 297 507 hi
329 467 462 517 enim,
491 474 651 509 contra
682 467 793 509 salsa
818 482 878 508 ex
910 468 1030 510 malo
1056 483 1171 522 quae
1197 483 1257 510 ex
1284 470 1470 519 inferno,
1498 483 1559 511 ex
1582 469 1749 510 Divino

252 528 377 571 Vero
399 537 671 583 pugnarunt,
695 537 742 572 et
765 529 959 572 victores
981 539 1236 582 evaserunt,
1261 533 1363 586 quia
1386 546 1524 586 usque
1550 532 1607 573 ad
1629 546 1748 574 mor-

251 598 361 642 tem,
394 607 527 647 quam
561 607 643 635 nec
677 594 935 636 timuerunt.
996 595 1070 635 Ex
1102 595 1170 636 his
1202 602 1411 636 constare
1443 601 1597 649 potest
1629 595 1749 649 quod

252 669 331 709 per
358 660 528 709 “super
553 657 775 710 capitibus
801 658 916 699 sicut
943 671 1138 699 coronae
1167 658 1335 699 similes
1362 658 1500 699 auro”
1525 658 1748 712 significe-

252 726 324 759 tur
355 720 475 773 quod
506 719 584 769 illi,
613 720 686 774 qui
717 720 949 762 sensuales
980 721 1185 762 homines
1217 728 1337 770 sunt,
1371 735 1430 762 ex
1463 722 1749 774 persuasione

252 781 350 822 salsi
376 783 418 822 in
442 796 529 836 qua
554 789 673 832 sunt,
697 790 946 836 appareant
973 784 1055 825 sibi
1081 784 1196 825 sicut
1220 785 1450 837 sapientes
1472 790 1518 825 et
1540 782 1748 826 vi6tores.

253 843 477 897 Quoniam
501 846 814 888 describuntur
835 845 1039 889 locustae
1062 847 1210 901 quoad
1237 848 1401 900 capita,
1425 847 1573 900 quoad
1598 847 1748 897 facies,

252 908 400 961 quoad
433 907 618 961 pectora
649 922 781 962 super
817 923 930 963 quae
968 909 1192 959 thoraces,
1227 917 1272 952 et
1310 911 1458 963 quoad
1491 910 1670 959 caudas,
1703 916 1749 951 et

252 971 399 1025 quoad
426 971 614 1024 capillos
639 979 686 1013 et
713 972 889 1021 dentes,
917 973 1108 1015 interest
1141 974 1253 1015 scire
1286 974 1392 1027 quid
1423 987 1502 1026 per
1529 972 1750 1027 “capita’'

250 1048 406 1076 eorum
433 1034 722 1088 significatur,
751 1043 797 1077 et
824 1036 927 1077 dein
954 1036 1059 1090 quid
1086 1050 1165 1090 per
1190 1037 1373 1091 reliqua.
1435 1036 1517 1077 Per
1543 1035 1750 1089 “caput”

252 1098 297 1139 in
330 1098 485 1140 Verbo
517 1098 794 1152 significatur
825 1100 1047 1153 sapientia
1078 1107 1124 1141 et
1155 1100 1475 1153 intelligentia,
1508 1100 1611 1154 quia
1641 1099 1749 1140 resi-

253 1163 363 1204 dent
395 1162 438 1203 in
470 1162 576 1213 illo;
618 1169 664 1203 at
691 1163 873 1216 quando
904 1163 1053 1216 agitur
1083 1163 1140 1204 de
1172 1163 1259 1204 illis
1297 1164 1369 1217 qui
1402 1177 1493 1205 non
1526 1164 1570 1203 in
1601 1162 1750 1216 aliqua

253 1226 475 1279 sapientia
496 1232 542 1267 et
569 1225 874 1278 intelligentia
899 1232 1017 1275 sunt,
1046 1227 1148 1280 quia
1179 1227 1222 1267 in
1249 1226 1369 1268 salsis
1396 1240 1455 1268 ex
1482 1225 1603 1268 malo
1629 1231 1748 1274 sunt,

252 1295 360 1330 tunc
387 1302 466 1342 per
493 1293 666 1342 “caput
682 1289 701 1305 ’¹
726 1288 1004 1342 significatur
1029 1290 1225 1331 stultitia
1251 1297 1297 1331 et
1324 1291 1510 1339 insania,
1534 1303 1594 1330 ex
1616 1302 1751 1330 causa

253 1352 355 1406 quia
380 1352 491 1393 salsa
516 1359 562 1394 et
594 1351 714 1393 mala
745 1358 849 1394 sunt
881 1352 940 1393 ibi
972 1358 1018 1394 et
1045 1353 1175 1394 inde:
1213 1353 1282 1394 hic
1310 1360 1477 1402 autem,
1504 1351 1577 1394 ubi
1603 1352 1751 1406 agitur

253 1415 310 1456 de
350 1415 437 1456 illis
477 1417 551 1469 qui
595 1415 826 1457 sensuales
866 1421 970 1456 sunt
1015 1422 1062 1456 et
1106 1416 1149 1456 in
1191 1417 1479 1468 persuasione
1519 1415 1630 1464 falsi,
1671 1428 1750 1468 per

255 1478 464 1531 “caput‘’
490 1480 666 1532 proprie
699 1478 977 1532 significatur
1008 1479 1202 1520 stultitia
1233 1486 1279 1520 et
1311 1479 1509 1531 insania3
1552 1491 1656 1519 nam
1687 1477 1749 1519 illi

252 1541 408 1583 vident
435 1541 546 1583 falsa
571 1543 685 1583 sicut
707 1556 826 1591 vera,
851 1555 902 1583 ac
930 1541 1049 1583 mala
1073 1543 1188 1583 sicut
1214 1543 1346 1590 bona,
1371 1548 1475 1583 sunt
1501 1543 1620 1583 enim
1646 1554 1749 1594 per-

253 1610 392 1657 petuo
413 1605 457 1645 in
479 1605 722 1646 visionibus
747 1619 807 1646 ex
829 1604 1040 1646 fallaciis:
1074 1605 1177 1646 inde
1201 1612 1270 1646 est
1293 1605 1413 1659 quod
1435 1605 1491 1645 de
1516 1605 1603 1645 illis
1625 1605 1749 1645 dica·

253 1675 326 1709 tur
365 1668 484 1722 quod
528 1672 697 1721 “super
741 1669 963 1722 capitibus
1003 1681 1157 1709 eorum
1202 1675 1355 1710 essent
1401 1668 1514 1709 sicut
1555 1681 1747 1709 coronae

254 1731 421 1772 similes
443 1745 564 1781 auro,
588 1738 634 1773 et
660 1731 795 1773 facies
817 1732 932 1773 sicut
958 1731 1093 1773 facies
1118 1731 1390 1780 hominum,’‘
1413 1738 1458 1773 et
1485 1730 1611 1784 plura
1635 1743 1748 1784 quae

253 1801 514 1848 sequuntur,
547 1809 661 1849 quae
708 1795 859 1836 omnia
884 1795 1061 1836 suerunt
1092 1795 1385 1848 apparentiae
1417 1809 1476 1835 ex
1509 1794 1748 1847 phantasia

253 1857 371 1909 apud
407 1857 535 1908 illos;
578 1864 714 1911 quare
752 1858 916 1899 dicitur
954 1858 1139 1899 “sicut'’
1177 1871 1386 1906 coronae,
1425 1864 1471 1899 et
1514 1856 1750 1898 “similes’'

253 1934 386 1971 auro;
424 1920 541 1961 unde
569 1927 696 1974 patet
723 1921 843 1975 quod
866 1921 1157 1975 apparentiae
1183 1921 1286 1962 illae
1312 1935 1401 1962 non
1427 1927 1581 1962 essent
1608 1934 1749 1974 appa-

252 1985 424 2025 rentiae
446 1983 592 2024 reales
614 1984 692 2025 sed
716 1984 913 2025 fallaces.
974 1984 1286 2037 Apparentiae
1309 1985 1427 2025 enim
1450 1997 1606 2025 ornnes
1633 1997 1748 2037 quae

252 2048 297 2088 in
323 2046 459 2088 caelis
484 2047 688 2088 existunt
714 2053 818 2088 sunt
844 2047 1002 2095 reales,
1030 2048 1133 2101 quia
1157 2054 1262 2088 sunt
1289 2047 1746 2100 correspondentiae;

252 2110 465 2151 interiora
490 2111 608 2150 enirn
632 2124 745 2164 quae
771 2116 876 2151 sunt
901 2108 1187 2151 affectionum
1214 2116 1261 2151 et
1287 2110 1391 2151 inde
1418 2110 1748 2163 cogitationum

252 2173 372 2226 apud
402 2172 606 2226 angelos,
634 2174 740 2214 dum
772 2179 1010 2215 transeunt
1040 2173 1098 2214 ad
1124 2173 1267 2213 visum
1294 2173 1528 2214 oculorum
1553 2172 1746 2221 illorum,

253 2236 496 2277 induuntur
512 2235 663 2277 formis
685 2236 839 2290 quales
861 2242 1080 2290 apparent
1102 2236 1146 2276 in
1169 2235 1304 2276 caelis
1323 2250 1331 2286 ;
1365 2242 1410 2276 et
1433 2236 1536 2289 quia
1552 2235 1749 2276 visibiles

253 2305 358 2340 sunt
389 2306 611 2340 vocantur
640 2300 948 2353 apparentiae,
981 2306 1028 2341 et
1064 2299 1272 2340 dicuntur
1304 2299 1746 2351 correspondentiae,

253 2368 300 2403 et
332 2368 436 2403 sunt
467 2362 611 2403 reales
642 2363 744 2416 quia
774 2376 833 2403 ex
865 2363 1107 2404 creatione.
1167 2361 1317 2403 Aliter
1349 2368 1499 2402 autem
1526 2374 1747 2414 apparen-

254 2426 343 2466 tiae
369 2425 413 2465 in
439 2425 704 2478 quibusdam
731 2426 924 2474 infernis,
952 2425 1025 2466 ubi
1050 2430 1155 2466 sunt
1180 2424 1243 2465 illi
1275 2425 1347 2478 qui
1379 2425 1422 2464 in
1449 2424 1747 2476 persuasioni-

253 2489 334 2529 bus
373 2488 470 2529 falsi
507 2502 566 2529 ex
601 2488 722 2529 malo
760 2495 891 2539 sunt;
934 2502 994 2529 ex
1025 2488 1384 2542 persuasionibus
1421 2487 1506 2527 illis
1543 2488 1748 2529 existunt

253 2552 447 2592 visiones
471 2551 800 2604 phantasticae,
820 2552 864 2593 in
886 2552 1044 2605 quibus
1066 2552 1185 2592 intus
1208 2550 1315 2591 nihil
1338 2550 1456 2591 reale
1480 2556 1549 2591 est
1569 2564 1578 2602 ;
1611 2564 1747 2604 quare

253 2615 391 2655 etiam
423 2622 715 2662 evanescunt,
748 2615 854 2655 dum
886 2615 1023 2656 modo
1058 2614 1205 2656 radius
1243 2628 1266 2654 e
1305 2613 1403 2654 luce
1435 2613 1548 2654 caeli
1578 2613 1745 2654 influit:

254 2677 370 2718 tales
391 2678 682 2730 apparentiae
705 2684 809 2719 sunt
835 2691 948 2731 quae
975 2677 1031 2718 de
1055 2680 1080 2697 “
1097 2675 1312 2717 locustis'‘
1334 2676 1403 2716 hic
1427 2682 1746 2716 memorantur.

255 2743 328 2779 (Ast
342 2743 382 2772 de
394 2744 587 2780 apparentiis
609 2743 641 2772 in
656 2744 778 2772 mundo
793 2743 955 2781 spirituali,
971 2747 1037 2772 tam
1052 2742 1190 2771 realibus
1205 2750 1300 2778 quam
1318 2750 1382 2770 non
1398 2741 1543 2775 realibus,
1558 2741 1702 2770 videatur
1716 2741 1748 2770 in

253 2801 350 2830 opere
361 2793 411 2822 De
425 2794 515 2822 Caelo
524 2797 554 2822 et
562 2794 698 2832 Inferna,
709 2802 740 2823 n.
753 2791 930 2830 [¹1170-176
941 2802 947 2827 ;
963 2797 998 2822 ut
1008 2797 1039 2821 et
1047 2801 1152 2830 supra,
1163 2792 1194 2820 in
1205 2791 1424 2829 explicatione,
1435 2800 1465 2820 n.
1479 2780 1571 2833 369,
1584 2791 1638 2832 39
1643 2790 1663 2832 5
1671 2790 1747 2829 [α].)

334 2874 469 2918 554.
507 2863 586 2904 “ft
617 2863 751 2904 facies
788 2863 950 2904 illarum
987 2863 1098 2904 sicvt
1139 2862 1274 2903 facies
1312 2861 1743 2914 hominum.''—Quod

255 2925 476 2980 significet
509 2925 627 2980 quod
652 2931 902 2979 appareant
930 2924 1022 2967 sibe·
1047 2924 1160 2966 sicut
1189 2923 1441 2978 affec‘lz’ones
1482 2923 1581 2965 veri
1606 2922 1744 2976 spiri-
