1962 3334
324 258 430 312 1746
733 267 1064 300 APOCALvPffis
1095 268 1394 302 EXPLICATA.

318 389 499 424 scatens
535 382 655 423 salsis
693 382 822 423 mali:
869 385 1011 424 “ecce
1049 383 1284 425 abiverunt
1322 397 1426 437 prae
1459 383 1806 426 devastatione'‘

317 446 540 499 significat
573 447 853 486 aversionem
889 460 915 487 a
953 447 1151 488 Domino
1187 461 1266 500 per
1296 447 1654 488 falsificationem
1685 450 1805 498 veri;

320 509 602 562 “Aegyptus
626 509 921 562 congregabit
949 523 1025 550 eos
1041 509 1059 524 '’
1081 509 1304 563 significat
1331 510 1450 563 quod
1478 524 1598 551 mere
1625 517 1807 552 natura-

316 572 382 613 les
426 571 530 613 facti
575 573 693 622 sint;
744 572 924 625 “Moph
971 572 1159 625 sepeliet
1201 572 1308 613 eos”
1349 573 1572 626 significat
1613 581 1807 615 mortem

317 635 593 687 spiritualem
635 649 713 687 per
753 635 1103 688 applicationem
1146 637 1390 676 veritatum
1431 650 1588 677 sensus
1630 636 1808 678 litterae

317 697 457 738 Verbi
483 698 539 738 ad
565 698 676 738 salsa
701 698 834 748 mali;
877 698 1214 739 “desiderabile
1241 705 1434 752 argento
1461 700 1644 740 eorum'‘
1669 701 1808 753 signi-

316 760 421 802 ficat
453 762 735 814 cognitiones
767 763 885 812 veri;
928 762 1158 802 “carduus
1191 762 1441 815 possidebit
1473 762 1557 803 ea”
1583 762 1807 816 significat

318 824 438 877 quod
471 824 638 864 malurn
671 831 899 877 pervertet
931 823 1056 874 illas:
1102 826 1271 877 “spina
1308 826 1351 865 in
1384 826 1590 866 tentoriis
1622 826 1807 867 eorum”

317 887 539 941 significat
566 887 724 928 falsum
751 887 856 927 mali
883 888 926 927 in
953 887 1088 927 cultu.
1149 886 1288 940 Apud
1315 887 1522 937 eundem,

384 984 401 997 ‘¹
414 983 525 1014 Israel
542 993 614 1014 non
634 989 829 1014 revertetur
845 983 889 1014 ad
905 983 1121 1024 Aegyptum,
1136 983 1307 1024 Assyrius
1324 984 1380 1015 hic
1398 994 1460 1015 rex
1477 982 1633 1016 [¹]eorum
1645 984 1663 996 ’¹
1680 984 1738 1025 (xi.
1757 984 1808 1025 5):

319 1071 496 1112 “Israel
535 1085 624 1112 non
662 1078 914 1112 revertetur
954 1070 1048 1125 [ad]
1089 1070 1357 1125 Aegyptum
1373 1071 1392 1087 '’
1429 1071 1651 1126 significat
1688 1073 1808 1127 quod

319 1134 457 1175 homo
475 1134 691 1175 ecclesiae
711 1134 952 1187 spiritualis
975 1133 1115 1175 factus
1138 1148 1227 1174 non
1251 1133 1326 1175 fiet
1346 1135 1586 1186 naturalis;
1623 1135 1807 1189 “Assy-

317 1198 405 1238 rius
427 1197 497 1238 hic
521 1212 601 1238 rex
625 1197 810 1238 eorum“
833 1196 1054 1250 significat
1078 1197 1197 1250 quod
1221 1203 1327 1237 tunc
1351 1199 1583 1238 ratiocinia
1605 1212 1664 1239 ex
1688 1198 1808 1239 salsis

317 1261 602 1301 dominatura
629 1261 731 1301 sint.
795 1259 948 1300 Homo
975 1259 1192 1300 ecclesiae
1223 1274 1248 1300 a
1274 1260 1490 1313 spirituali
1515 1260 1564 1301 fit
1582 1261 1808 1318 *naturalis

317 1325 496 1378 quando
523 1324 658 1364 fidem
685 1330 864 1376 separat
891 1338 916 1363 a
942 1324 1177 1372 charitate,
1206 1323 1290 1363 hoc
1324 1330 1406 1372 est,
1436 1324 1577 1364 credit
1603 1324 1806 1365 Verbum

316 1395 362 1428 et
391 1401 479 1428 non
506 1388 615 1427 vivit
643 1386 888 1427 secundum
915 1392 1158 1439 praecepta
1189 1386 1260 1433 ibi,
1290 1393 1386 1427 tum
1418 1387 1598 1440 quando
1625 1393 1807 1440 arrogat

317 1451 399 1492 sibi
425 1450 777 1503 intelligentiam
800 1456 846 1490 et
879 1463 968 1490 non
996 1449 1118 1489 illam
1146 1450 1302 1490 tribuit
1330 1450 1553 1500 Domino;
1591 1450 1694 1490 inde
1720 1450 1807 1490 sas-

316 1521 389 1555 tus
407 1528 465 1554 ex
485 1528 572 1567 quo
596 1514 732 1554 homo
749 1512 798 1553 fit
817 1512 1032 1553 naturalis
1052 1525 1061 1552 :
1089 1512 1225 1552 homo
1243 1513 1361 1553 enim
1380 1514 1570 1566 primum
1588 1519 1657 1553 est
1676 1519 1807 1554 natu-

318 1577 435 1625 ralis,
470 1583 630 1630 postea
661 1575 710 1616 fit
742 1575 989 1623 rationalis,
1024 1581 1069 1615 et
1108 1575 1287 1615 demum
1320 1575 1584 1628 spiritualis;
1627 1576 1808 1629 quando

317 1641 454 1681 homo
481 1646 550 1680 est
576 1638 791 1679 naturalis
818 1645 923 1679 tunc
957 1644 1026 1678 est
1059 1638 1101 1678 in
1130 1637 1364 1691 Aegypto,
1393 1638 1572 1691 quando
1598 1637 1646 1679 fit
1669 1639 1807 1679 ratio-

316 1703 428 1744 nalis
455 1710 561 1744 tunc
589 1709 658 1743 est
691 1702 733 1742 in
761 1701 964 1754 Assyria,
994 1707 1039 1741 et
1066 1714 1166 1741 cum
1193 1700 1241 1741 fit
1268 1701 1508 1754 spiritualis
1534 1708 1640 1742 tunc
1667 1708 1736 1743 est
1763 1703 1807 1742 in

316 1774 436 1808 terra
462 1766 687 1814 Canaane,
716 1765 779 1805 ita
805 1765 848 1804 in
874 1763 1079 1804 ecclesia.
1141 1763 1279 1816 Apud
1306 1764 1513 1813 eundem,

384 1855 583 1896 “Ephraim
601 1864 752 1895 pascens
771 1860 927 1889 ventum.
946 1859 981 1884 et
997 1853 1222 1893 persequitur
1239 1863 1373 1891 eurum,
1391 1853 1490 1884 omni
1507 1853 1564 1884 die
1582 1853 1806 1885 mendacium

489 1905 523 1930 et
547 1899 785 1929 vastationem
812 1897 1045 1937 multiplicat:
1078 1903 1114 1927 et
1142 1896 1268 1927 foedus
1297 1906 1375 1927 cum
1402 1896 1553 1938 Assyrio
1577 1904 1748 1938 pangunt,
1774 1904 1809 1929 et

489 1943 608 1974 oleum
628 1942 664 1972 in
683 1941 888 1982 Aegyptum
906 1939 1092 1972 defertur”
1110 1939 1182 1979 (xii.
1204 1948 1222 1971 2
1242 1938 1301 1981 [B.
1319 1941 1363 1972 A.
1383 1938 1451 1981 1]):

315 2045 393 2085 per
421 2031 677 2084 “Ephraim
695 2029 712 2044 '’
739 2027 1016 2082 significatur
1041 2027 1233 2068 ecclesia
1258 2028 1300 2067 in
1327 2041 1413 2081 qua
1438 2026 1694 2069 intellectus
1716 2028 1808 2069 veri

315 2093 577 2146 deperditus
601 2098 670 2132 est
692 2106 700 2142 ;
735 2105 813 2144 per
834 2095 1054 2144 “pascere
1078 2097 1264 2131 ventum
1277 2090 1295 2105 '’
1313 2090 1588 2143 significatur
1609 2091 1806 2142 imbuere

316 2156 474 2197 falsum
493 2170 501 2206 ;
535 2169 613 2208 per
638 2154 867 2203 “eurum‚’'
887 2167 1019 2207 quem
1042 2154 1334 2207 persequitur,
1360 2153 1636 2206 significatur
1658 2154 1806 2194 exsic-

317 2219 436 2259 catio
478 2225 523 2259 et
561 2218 796 2270 dissipatio
833 2218 950 2267 veri;
999 2230 1076 2269 per
1118 2216 1237 2269 quod
1278 2215 1462 2256 “oleum
1501 2216 1724 2256 deferatur
1760 2216 1804 2257 in

316 2281 583 2335 Aegyptum
596 2281 614 2295 '’
637 2279 915 2333 significatur
936 2279 1056 2333 quod
1082 2279 1250 2320 bonum
1275 2280 1438 2320 amoris
1461 2292 1540 2332 per
1561 2278 1807 2319 scientifica

315 2342 536 2390 naturalis
567 2342 764 2382 hominis
791 2347 1092 2394 pervertatur.
1160 2351 1238 2389 (Sed
1252 2351 1331 2380 haee
1346 2351 1482 2388 amplius
1496 2359 1602 2388 supra,
1617 2360 1648 2380 n.
1663 2351 1807 2392 419[e],

314 2404 470 2442 explicata
481 2403 578 2441 sunt.)

398 2453 481 2507 [32]
524 2453 664 2506 Apud
690 2452 896 2500 Esaiam,

381 2541 483 2574 “Vae
501 2542 581 2572 filiis
599 2538 829 2572 refractariis.
845 2565 851 2572 .
867 2539 1253 2571 ,faciendo'consilium
1273 2539 1336 2571 sed
1354 2549 1425 2570 non
1446 2549 1468 2570 a
1485 2538 1555 2577 Me,
1573 2545 1608 2570 et
1624 2538 1807 2570 fundendo

489 2586 593 2616 fusile
611 2585 672 2616 sed
692 2594 763 2615 non
781 2594 803 2614 a
819 2584 946 2623 spiritu
963 2593 1053 2621 meo,
1071 2589 1109 2614 ut
1127 2583 1260 2614 addant
1277 2589 1459 2623 peccatum
1479 2592 1585 2623 super
1601 2589 1782 2623 peccatum
1797 2593 1804 2614 z

488 2629 545 2670 qui
563 2630 695 2659 abeunt
712 2628 755 2658 ad
769 2627 1058 2658 descendendum
1078 2624 1146 2668 [in]
1162 2627 1377 2667 Aegyptum,
1391 2627 1453 2657 sed
1470 2636 1511 2657 os
1528 2636 1646 2656 meum
1665 2636 1736 2656 non
1755 2626 1807 2656 in-

488 2679 713 2712 terrogarunt
726 2682 748 2709 ;.
764 2697 771 2703 .
786 2696 792 2703 .
808 2677 858 2702 .et
874 2671 918 2702 ad
936 2670 1187 2701 confidendum
1206 2670 1242 2700 in
1262 2671 1388 2700 umbra
1405 2669 1560 2710 Aegypti
1575 2678 1582 2706 ;
1606 2669 1687 2700 ideo
1705 2669 1778 2700 fiet.
1793 2693 1800 2701 .

489 2717 596 2747 robur
615 2715 812 2746 Pharaonis
831 2715 864 2746 in
884 2714 1066 2754 pudorem,
1087 2720 1122 2744 et
1142 2713 1268 2744 fiducia
1284 2713 1320 2744 in
1338 2714 1464 2744 umbra
1480 2712 1634 2754 Aegypti
1652 2713 1687 2743 in
1706 2712 1806 2753 igno-

488 2759 636 2790 miniam
650 2758 667 2770 ’'
685 2759 779 2798 (xxx.
803 2759 898 2796 1-3):

318 2847 436 2883 “vae
463 2840 760 2882 refractariis‘’
783 2839 1005 2893 significat
1033 2839 1405 2879 lamentationem
1433 2839 1488 2879 de
1511 2838 1802 2878 damnatione

314 2905 491 2946 illorum
524 2905 596 2958 qui
637 2917 684 2944 se
717 2909 958 2953 avertunt;
1005 2902 1246 2943 “faciendo
1278 2901 1511 2942 consilium
1543 2901 1622 2942 sed
1654 2914 1743 2942 non
1775 2914 1801 2941 a

1930 2917 1962 3334 Ξ
