1962 3334
217 294 324 338 1514
625 294 959 328 APOCALYPSIS
990 296 1290 328 EXPLICATA.

284 409 383 441 Dixit
404 409 586 441 Abraham
607 410 652 441 ad
673 410 840 448 Lothum,
864 411 1030 451 “Separa
1049 417 1083 443 te
1098 421 1120 450 ;.
1136 436 1143 444 .
1157 437 1165 444 .
1180 412 1226 444 ‚si
1247 412 1441 451 sinistram,
1460 413 1622 444 dextram
1639 422 1700 454 pe-

384 459 456 484 tam
472 463 478 491 ;
504 454 533 484 si
551 454 724 491 dextram,
743 454 929 485 sinistram
944 455 1003 486 ibo
1015 454 1033 466 '’
1050 455 1135 494 (xiii.
1153 456 1206 496 9);

286 496 330 528 Et
347 507 474 528 servus
489 497 687 528 Abrahami
714 498 803 529 dixit
815 498 860 529 ad
879 497 1074 537 Labanem,
1089 509 1168 530 curn
1186 505 1332 539 rogaret
1347 499 1546 531 Rebeccam
1564 500 1600 531 in
1614 510 1701 531 uxo-

386 550 461 571 rem
484 540 598 578 Isaeo,
621 542 639 554 ‘¹
652 541 814 572 Iudicate
832 541 929 580 mihi,
947 548 987 573 ut
1007 542 1196 583 respiciam
1213 543 1258 574 ad
1275 543 1438 574 dextram
1457 543 1513 574 vel
1533 544 1579 575 ad
1596 543 1701 575 sinis-

382 590 474 615 tram
485 584 503 596 ''
520 584 627 624 (xxiv.
645 585 711 625 49).

208 672 290 712 Per
318 675 445 712 “non
472 673 681 713 recedere
714 679 760 713 et
792 673 1018 714 declinare
1051 674 1107 714 ad
1141 674 1353 715 dextram
1379 674 1451 714 vel
1483 674 1539 715 ad
1571 675 1699 714 sinis-

206 735 353 775 tram”
385 735 661 788 significatur
692 736 829 776 etiam
867 750 957 776 non
994 736 1128 777 aliam
1160 738 1278 777 viam
1315 738 1376 777 ire
1409 751 1542 790 quam
1574 737 1697 777 illam

206 811 340 851 quam
373 798 475 850 Ipse
509 798 744 846 Dominus,
777 806 824 839 et
856 813 991 853 quam
1031 800 1198 840 bonum
1236 806 1282 840 et
1314 813 1468 840 verum
1504 799 1618 840 caeli
1653 806 1700 840 et

206 860 424 901 ecclesiae
450 861 634 910 ducunt,
662 862 723 902 sic
752 875 842 902 non
869 876 1087 903 erronee:
1123 869 1171 903 ut

279 949 383 991 Quod
404 960 475 981 non
497 951 703 982 recederent
719 960 741 981 a
757 951 866 982 verbo
887 951 1081 982 sacerdotis
1103 951 1247 982 Levitae
1268 961 1308 982 ac
1330 951 1467 991 judicis,
1482 961 1546 982 nec
1564 961 1586 982 a
1602 961 1701 991 prae-

381 995 492 1034 ceptis
513 995 548 1025 in
569 994 689 1025 Verbo
709 995 753 1025 ad
773 995 934 1025 dextram
954 995 1011 1026 vel
1036 996 1081 1026 ad
1102 995 1283 1026 sinistram
1304 994 1440 1034 (Deutr.
1461 995 1543 1026 xvii.
1567 1003 1616 1033 11,
1638 1003 1700 1030 20:

380 1047 455 1078 cap.
473 1038 593 1069 xxviii.
617 1046 675 1076 14:
705 1038 779 1080 Jos.
797 1038 817 1069 i.
838 1045 874 1077 7:
898 1046 916 1069 2
937 1039 1027 1070 Sam.
1046 1039 1114 1070 xiv.
1135 1039 1212 1078 19);

281 1080 324 1112 Et
342 1082 436 1122 quod
454 1081 514 1112 filii
534 1081 677 1113 Israelis
696 1092 768 1112 non
787 1082 1008 1113 declinarent
1025 1083 1069 1113 ad
1089 1083 1251 1113 dextram
1269 1088 1330 1113 aut
1349 1082 1393 1113 ad
1411 1082 1612 1120 sinistram;
1637 1082 1701 1114 sed

380 1125 471 1156 irent
491 1125 586 1156 viam
607 1126 710 1165 regis,
729 1135 808 1156 cum
829 1126 1087 1166 pertransirent
1107 1132 1238 1157 terram
1262 1126 1388 1157 Edomi
1408 1126 1532 1164 (Num.
1550 1135 1607 1157 xx.
1627 1126 1700 1165 17);

379 1175 414 1200 et
434 1179 513 1200 cum
531 1169 789 1209 pertransirent
810 1176 940 1200 terram
962 1170 1056 1210 regis
1075 1170 1238 1201 Sichonis
1255 1170 1391 1209 (Deutr.
1410 1170 1442 1201 ii.
1462 1171 1526 1209 27).

206 1257 444 1298 Praeterea
475 1258 595 1311 quod
624 1258 828 1298 “dextra
842 1258 862 1273 '’
887 1257 1111 1310 significet
1145 1257 1326 1310 plenam
1354 1258 1621 1311 potentiam,
1654 1264 1700 1299 et

205 1335 305 1362 cum
338 1322 394 1362 de
427 1322 624 1362 Domino
657 1322 867 1362 Divinam
900 1323 1296 1374 omnipotentiam,
1329 1322 1537 1362 videatur
1568 1335 1701 1375 supra

205 1386 251 1425 (n.
268 1377 463 1429 298[a‚b]).

284 1439 502 1493 601[a].
542 1449 708 1488 [Vers.3.]
749 1439 827 1479 “ft
858 1439 1050 1479 clamavit
1083 1452 1178 1479 voce
1209 1452 1358 1492 magna
1391 1439 1502 1479 siout
1531 1439 1596 1479 Ιθο
1628 1451 1699 1479 ru-

201 1498 497 1552 first—Quod
521 1499 748 1551 significet
771 1499 1126 1552 testzficatz‘onem
1142 1500 1309 1552 gravis
1327 1498 1496 1539 doloris
1511 1505 1703 1551 propter

204 1560 510 1601 desolationem
527 1560 690 1601 Divini
707 1560 813 1601 Veri
825 1561 870 1600 in
887 1560 1078 1609 ecclesia,
1094 1567 1276 1601 constat
1295 1575 1355 1601 ex
1373 1559 1700 1613 significatione

207 1623 440 1664 “clamare
467 1637 579 1664 voce
607 1623 811 1676 magna,”
837 1624 957 1676 quod
983 1625 1039 1664 sit
1069 1623 1331 1664 testificatio
1358 1624 1507 1676 gravis
1533 1623 1701 1664 doloris

205 1695 259 1732 (de
272 1704 337 1732 qua
351 1696 534 1735 sequitur);
575 1692 622 1725 et
651 1699 710 1725 ex
737 1684 1071 1737 significatione
1097 1685 1252 1724 “sicut
1286 1684 1360 1724 leo
1391 1683 1554 1736 rugit‚”
1575 1685 1698 1737 quod

204 1747 261 1787 sit
284 1754 468 1800 propter
489 1747 819 1787 desolationem
844 1747 992 1786 Divini
1017 1746 1124 1786 Veri
1147 1747 1191 1786 in
1214 1745 1431 1795 ecclesia;
1465 1758 1543 1798 per
1566 1745 1699 1786 “leo-

204 1809 338 1849 nem”
370 1811 488 1850 enim
530 1810 807 1863 significatur
845 1809 1055 1849 Divinum
1092 1808 1261 1848 Verum
1300 1809 1343 1848 in
1382 1821 1460 1847 sua
1496 1809 1701 1860 potentia

205 1881 364 1918 (videatur
386 1891 492 1919 supra,
516 1891 547 1911 n.
573 1872 687 1923 278),
729 1877 776 1910 et
817 1884 896 1923 per
935 1870 1156 1922 “rugire''
1194 1869 1476 1922 significatur
1514 1868 1700 1910 effeetus

204 1932 370 1973 doloris
402 1939 586 1985 propter
618 1932 948 1972 desolationem
981 1931 1086 1983 ejus.
1150 1930 1283 1983 Quod
1316 1931 1425 1971 haec
1459 1944 1537 1983 per
1569 1929 1698 1970 “cla-

203 2008 326 2036 mare
363 2010 475 2036 voce
512 2009 681 2048 magna
713 1996 827 2035 sicut
867 1995 938 2035 leo
974 1994 1125 2046 rugit'’
1158 1993 1479 2046 significentur,
1517 1999 1699 2034 constat

204 2073 263 2099 ex
302 2059 594 2112 sequentibus
635 2057 761 2111 hujus
800 2059 973 2110 capitis,
1018 2058 1089 2097 ubi
1130 2058 1278 2109 agitur
1320 2057 1374 2096 de
1416 2055 1699 2096 desolatione

204 2121 354 2161 Divini
388 2121 495 2162 Veri
535 2122 579 2161 in
615 2121 833 2170 ecclesia;
877 2134 980 2160 nam
1019 2133 1097 2172 per
1135 2119 1383 2172 “angelum
1420 2118 1583 2158 fortem
1620 2118 1698 2158 de-

203 2184 498 2224 scendentem
525 2198 548 2224 e
581 2183 737 2224 caelo'’
764 2183 1033 2235 intelligitur
1060 2183 1279 2222 Dominus
1306 2181 1453 2234 quoad
1481 2180 1698 2228 Verbum,

204 2247 324 2300 quod
361 2253 430 2287 est
469 2246 679 2286 Divinum
714 2246 912 2295 Verum;
961 2245 1015 2285 de
1058 2259 1146 2298 quo
1188 2251 1347 2297 postea
1383 2244 1543 2283 dicitur
1579 2242 1699 2296 quod

206 2308 433 2361 “angelus
465 2308 695 2349 sustulerit
729 2322 910 2348 manum
943 2321 1069 2348 suam
1102 2307 1158 2347 ad
1191 2306 1380 2354 caelum,
1413 2312 1459 2346 et
1486 2305 1698 2358 juraverit
1736 2341 1743 2348 .

203 2385 282 2424 per
318 2371 564 2412 Viventem
603 2372 646 2411 in
685 2371 864 2412 saecula
901 2370 1196 2417 saeculorum,
1235 2369 1355 2422 quod
1392 2375 1570 2420 tempus
1607 2380 1698 2407 non

204 2435 287 2475 erit
319 2434 547 2487 amplius,'’
574 2448 653 2487 per
683 2433 803 2487 quod
837 2432 1113 2485 significatur
1141 2432 1261 2485 quod
1293 2444 1383 2471 non
1415 2430 1604 2483 amplius
1630 2430 1697 2469 in-

196 2495 414 2537 tellectus
447 2497 597 2536 Divini
629 2496 754 2544 Veri,
788 2502 834 2536 et
867 2496 969 2536 inde
1002 2495 1159 2548 aliquis
1191 2500 1337 2534 status
1369 2492 1613 2533 ecclesiae:
1651 2498 1698 2532 et

203 2566 364 2613 postea
396 2559 557 2600 dicitur
584 2560 704 2613 quod
733 2559 823 2599 “In
856 2559 1012 2599 diebus
1042 2559 1166 2598 vocis
1197 2557 1375 2610 septimi
1407 2555 1558 2608 angeli
1590 2569 1698 2595 con-

203 2623 499 2663 summabitur
517 2622 779 2674 mysterium
803 2621 927 2670 Dei,”
950 2634 1028 2673 per
1050 2620 1170 2674 quod
1192 2618 1469 2672 significatur
1491 2617 1698 2658 ultimum

197 2685 425 2737 judicium,
459 2685 578 2738 quod
610 2690 848 2725 venturum
881 2683 1063 2737 quando
1095 2695 1184 2722 non
1221 2681 1369 2735 aliqua
1399 2680 1510 2721 fides
1548 2680 1698 2720 Divini

203 2747 312 2788 Veri
343 2748 446 2801 quia
477 2760 567 2787 non
593 2747 760 2787 bonurn
788 2746 1032 2787 charitatis.
1095 2745 1170 2785 Ex
1201 2744 1270 2785 his
1301 2750 1509 2784 constare
1542 2748 1696 2795 potest

203 2810 323 2863 quod
356 2824 434 2863 per
462 2809 725 2851 “Clamavit
751 2823 864 2850 voce
891 2822 1058 2861 magna
1089 2808 1203 2848 sicut
1235 2806 1307 2847 leo
1339 2805 1497 2858 rugit,'’
1523 2803 1691 2858 signifi-

203 2880 329 2913 cetur
360 2871 621 2913 testificatio
652 2872 802 2925 gravis
834 2871 1003 2912 doloris
1035 2876 1220 2923 propter
1251 2868 1582 2909 desolationem
1615 2867 1694 2907 Di-

202 2936 292 2976 vini
318 2934 427 2976 Veri
453 2935 496 2975 in
523 2934 726 2976 ecclesia.
788 2935 1027 2976 Praeterea
1051 2933 1095 2974 in
1122 2932 1277 2974 Verbo
1304 2931 1467 2984 pluries
1490 2930 1694 2971 nomina-
