1962 3334
99 13 182 43 ,έν-ιζ’

591 283 698 315 CAP.
720 283 805 323 lx„
827 282 965 315 VERS.
990 282 1135 326 5.-Ν,
1161 237 1266 327 549:
1400 295 1406 300 ·
1549 277 1667 326 ‘1377

182 410 392 441 numerus
422 396 497 437 ille
527 395 750 449 significat
779 395 947 450 aliquid
976 402 1023 437 et
1054 409 1188 436 omne
1218 395 1346 435 unius
1376 395 1529 447 partis,
1561 395 1666 435 inde

180 460 319 501 etiam
348 459 571 513 significat
601 472 758 512 parum
787 465 835 500 et
865 472 1032 512 paucos
1062 471 1163 499 cum
1195 459 1395 512 sequitur
1423 465 1501 499 aut
1537 470 1666 510 prae·

148 557 162 567 .
180 523 303 564 cedit
324 523 552 576 quantitas
573 535 741 575 magna
759 522 897 563 etiam
925 534 1005 574 per
1029 534 1238 562 numeros
1262 521 1526 573 designata;
1562 533 1667 560 nam

181 591 290 626 tunc
315 599 449 626 omne
474 586 602 626 unius
631 585 772 638 partis
802 591 874 626 est
903 582 1152 637 respective
1178 597 1368 637 paucum
1384 583 1523 625 z—Ut
1547 583 1667 636 apud

179 646 384 697 Esaiam,

248 735 378 768 “Mille
395 746 506 768 unum
524 746 645 768 coram
669 736 912 778 increpatione
934 736 1051 775 unius,
1071 745 1191 768 coram
1216 736 1459 776 increpatione
1477 735 1666 776 quinorum

354 780 498 820 fugietis
506 779 525 791 ’¹
542 780 638 820 (xxx.
656 782 730 820 17);

181 861 230 897 et
253 855 372 908 apud
396 855 565 904 Mosen,

257 931 362 973 Quod
378 932 532 972 quinque
547 938 844 972 persequerentur
855 937 1008 970 centurn,
1022 937 1058 963 et
1072 937 1216 963 centum
1230 931 1437 972 myriadem,
1451 931 1544 962 inter
1560 930 1669 962 male·

354 973 531 1006 difflonoe
546 975 668 1015 (Levit.
683 976 778 1007 xxvi.
796 976 849 1014 8);

182 1055 231 1091 et
254 1051 373 1103 apud
397 1050 728 1104 Evangelzlrtas,

248 1126 354 1168 Quod
378 1125 555 1158 Dominus
573 1127 744 1158 cibaverit
760 1127 914 1168 quinque
932 1127 1045 1158 millia
1062 1127 1248 1158 hominum
1273 1136 1318 1157 ex
1341 1126 1495 1167 quinque
1515 1126 1668 1166 panibus

356 1176 393 1201 et
418 1171 556 1201 duobus
580 1170 736 1210 piscibus
758 1171 903 1210 (Matth.
922 1171 994 1202 xiv,
1017 1178 1143 1210 15-22;
1167 1171 1280 1201 Δίαν-ι.
1301 1170 1345 1201 vi.
1366 1170 1493 1208 35-43;
1517 1169 1600 1200 Luc.
1621 1169 1667 1201 ix.

358 1214 486 1252 13-16;
513 1214 595 1256 Joh.
608 1214 654 1245 vi.
667 1214 787 1254 9—13):

183 1306 304 1361 quod
325 1312 432 1347 tunc
455 1306 719 1347 sustulerint
741 1309 767 1327 “
782 1306 1019 1347 duodecim
1041 1307 1260 1359 cophinos
1281 1306 1636 1359 fragmentorum
1646 1304 1668 1321 ”

183 1368 407 1422 significat
448 1369 644 1422 plenum,
684 1369 747 1410 ita
785 1369 967 1422 plenam
1008 1368 1347 1410 instructionem
1393 1374 1440 1409 et
1485 1369 1666 1421 plenam

182 1431 558 1474 benedictionem.
617 1433 701 1473 Per
732 1432 995 1486 “quinque”
1025 1433 1163 1473 etiam
1194 1431 1503 1484 significantur
1534 1431 1664 1484 pauci

183 1495 303 1548 apud
327 1495 504 1544 Lucam,

965 1559 976 1570 1

245 1583 407 1616 “Nonne
425 1584 581 1624 quinque
604 1593 769 1624 passeres
788 1583 991 1615 venduntur
1009 1583 1155 1615 assariis
1174 1584 1336 1615 duobus?
1361 1593 1454 1614 unus
1477 1589 1598 1614 tamen
1623 1592 1668 1614 ex

358 1627 428 1658 illis
448 1637 520 1658 non
536 1634 591 1658 est
606 1627 779 1658 oblivioni
794 1627 897 1658 datus
915 1637 1033 1658 coram
1053 1627 1130 1658 Deo
1142 1639 1148 1658 2
1158 1652 1166 1658 .
1181 1651 1189 1658 .
1202 1652 1210 1658 .
1225 1627 1319 1658 .ideo
1337 1637 1382 1657 ne
1401 1627 1532 1664 timete,
1547 1626 1668 1658 multis

356 1671 559 1710 passeribus
576 1671 765 1711 praestatis
775 1670 794 1682 ''
811 1670 882 1710 (xii.
894 1671 926 1709 6,
945 1673 997 1710 7):

185 1756 306 1810 quod
322 1756 528 1797 dicantur
550 1757 781 1810 “quinque
803 1770 1007 1809 passeres
1018 1756 1038 1771 '’
1055 1763 1125 1797 est
1147 1757 1249 1809 quia
1269 1756 1537 1809 intelligitur
1558 1769 1666 1809 pau-

185 1833 287 1861 cum
317 1826 365 1860 et
396 1820 519 1872 parvi
550 1820 680 1872 pretii
710 1818 959 1872 respec‘tive
990 1819 1047 1859 ad
1083 1820 1300 1867 homines,
1334 1832 1437 1859 nam
1467 1819 1668 1872 sequitur

185 1883 304 1936 quod
314 1882 377 1922 illi
395 1886 420 1902 ‘⁴
433 1882 584 1922 multis
596 1882 847 1934 passeribus
859 1881 1127 1934 praestent.’'
1187 1880 1386 1934 Quisque
1398 1881 1549 1922 videre
1561 1889 1667 1934 pot-

184 1951 271 1993 est,
302 1945 422 1998 quod
451 1945 488 1984 is
518 1957 728 1985 numerus
759 1945 899 1986 toties
930 1957 957 1984 a
987 1943 1184 1984 Domino
1216 1957 1306 1984 non
1338 1941 1482 1984 dietus
1512 1943 1667 1985 fuisset

185 2008 269 2048 nisi
303 2014 424 2048 esset
460 2006 795 2060 significativus.
847 2005 1071 2059 Quoniam
1110 2007 1339 2060 “quinque
1354 2006 1374 2021 ”
1410 2005 1669 2059 significant

185 2082 319 2110 omne
345 2071 471 2110 unius
497 2071 649 2122 partis,
676 2070 778 2110 ideo
802 2083 980 2123 quoque
1006 2070 1271 2110 mandatum
1298 2076 1368 2110 est

251 2158 302 2191 Ut
319 2169 427 2200 super
444 2159 682 2191 habitaculum
702 2159 859 2190 facerent
877 2159 1000 2190 decem
1020 2159 1155 2197 aulaea,
1172 2165 1207 2190 et
1226 2159 1382 2199 quinque
1401 2159 1527 2190 aulaea
1545 2166 1668 2191 essent

357 2201 551 2243 conjunc‘lta
565 2203 715 2243 quodvis
731 2203 777 2233 ad
793 2203 953 2240 alterum,
970 2209 1006 2234 et
1025 2203 1178 2243 quinque
1194 2203 1320 2234 aulaea
1336 2210 1458 2234 essent
1473 2201 1668 2243 conjuncta

357 2247 508 2287 quodvis
524 2246 569 2277 ad
587 2246 737 2278 alterum
754 2246 878 2286 (Ea-od.
890 2246 985 2278 xxvi.
1001 2254 1028 2283 1,
1042 2247 1075 2285 3)
1088 2255 1096 2283 ;

185 2334 307 2388 quod
346 2334 575 2375 “decem'’
613 2333 868 2387 significent
904 2335 1055 2375 omnia
1096 2335 1141 2374 in
1181 2341 1283 2376 toto
1322 2334 1579 2387 complexu,
1620 2341 1669 2376 et

186 2398 416 2451 “quinque
431 2397 451 2412 '³
476 2411 609 2438 omne
636 2398 762 2437 unius
792 2404 840 2438 et
869 2397 1055 2438 alterius
1082 2398 1234 2450 partis,
1261 2398 1466 2439 videatur
1495 2399 1541 2439 in
1569 2398 1668 2439 Ar·

184 2458 310 2498 canis
334 2457 372 2499 C
372 2457 612 2498 aelestz'bus
637 2469 683 2507 (n.
698 2476 779 2506 9595
793 2474 826 2497 et
843 2469 954 2506 9604).

262 2537 400 2581 549.
437 2527 515 2567 “Et
549 2528 762 2568 cruciatus
796 2527 958 2568 illarum
993 2527 1105 2568 sicut
1138 2527 1351 2570 cruciatos
1385 2530 1542 2581 scorpii
1578 2541 1670 2569 cum

180 2588 363 2640 pereutit
382 2586 813 2640 hominem.''—Quod
841 2586 1067 2640 significet
1094 2587 1215 2640 quod
1245 2587 1460 2640 caligatio
1487 2594 1531 2628 et
1561 2588 1667 2628 abs·

185 2647 344 2688 ίναέῗὶο
368 2662 397 2688 a
420 2649 606 2688 videndo
626 2662 779 2689 verum
802 2648 864 2689 sit
886 2663 915 2689 a
933 2649 1222 2701 persuasione
1244 2663 1331 2701 qua
1355 2663 1476 2689 mens
1497 2649 1666 2700 infatu-

184 2716 303 2758 atur,
325 2717 507 2751 constat
530 2724 589 2751 ex
611 2710 936 2764 significatione
959 2712 1255 2760 “cruciatus,”
1276 2712 1396 2764 quod
1419 2712 1476 2752 sit
1502 2713 1667 2753 mentis

185 2773 404 2826 caligatlo
428 2780 475 2814 et
500 2773 751 2815 abstra&l0
780 2787 808 2814 a
835 2774 1036 2815 videndo
1055 2788 1213 2815 verum
1243 2785 1299 2822 (de
1321 2795 1387 2823 qua
1408 2795 1484 2815 mox
1506 2795 1612 2823 supra.
1635 2795 1667 2817 n.

188 2837 312 2888 548);
341 2842 390 2877 et
414 2850 474 2877 ex
499 2837 830 2890 significatione
858 2837 1101 2890 “scorpii,”
1126 2838 1247 2891 quod
1270 2839 1327 2878 sit
1353 2839 1665 2892 persuasivum

132 2901 138 2907 '
186 2899 415 2940 infatuans
446 2906 493 2941 et
525 2899 751 2940 suffocans
782 2910 837 2951 (de
859 2919 923 2948 qua
944 2911 1038 2941 etiam
1061 2920 1166 2950 supra,
1188 2921 1219 2942 n.
1252 2911 1372 2953 544):
1418 2915 1556 2955 quare
1586 2914 1667 2954 per
