1962 3334
270 306 373 347 1332
678 305 1010 338 APOCALYPSIS
1043 306 1342 338 EXPLICATA.

265 425 312 460 et
350 419 652 473 significatum
691 427 760 461 est
797 434 875 473 per
910 420 1160 461 rixationes
1198 432 1428 460 servorum
1466 419 1753 461 Abimelechi

264 495 365 523 cum
393 483 533 523 servis
560 483 810 524 Abrahami
838 489 883 523 et
912 483 1027 523 Isaci
1054 483 1108 523 de
1136 484 1294 536 puteis.
1358 482 1523 523 Sensus
1550 484 1753 524 internus

263 546 503 598 spiritualis
536 552 605 586 est
637 560 778 599 aeque
811 547 854 586 in
886 546 1111 586 historicis
1138 545 1278 585 Verbi
1310 559 1361 586 ac
1399 546 1442 585 in
1474 546 1752 599 propheticis

264 609 371 661 ejus,
400 615 448 650 ut
475 615 687 649 constare
720 615 873 662 potest
907 622 965 648 ex
997 608 1197 648 Arcanis
1234 607 1522 657 Caelestz‘bus,
1556 609 1628 648 ubi
1659 608 1752 648 his-

263 674 420 722 torica,
445 687 558 726 quae
582 673 873 712 continentur
896 673 939 711 in
966 671 1125 711 Genesi
1145 677 1190 711 et
1219 671 1262 710 in
1284 670 1454 720 Exodo,
1479 671 1626 724 quoad
1650 685 1752 712 sen-

263 750 361 776 sum
388 737 612 776 internum
640 735 917 788 spiritualem
944 734 1177 787 explicata
1203 741 1320 783 sunt,
1350 735 1486 775 etiam
1519 734 1574 775 de
1606 735 1753 788 puteis

264 799 515 840 Abrahami
543 806 587 839 et
616 799 744 846 Isaci,
770 812 883 851 quae
910 798 1160 838 videantur.
1223 797 1299 837 Ad
1332 798 1437 851 quid
1463 797 1628 851 alioqui
1659 797 1751 838 his-

263 863 407 903 torica
433 862 488 902 de
515 862 660 915 puteis
688 862 730 901 in
758 860 942 901 Verbo?
1004 860 1143 913 Apud
1168 860 1345 909 Lucam,

333 952 476 992 “Cujus
493 958 651 982 vestrum
670 957 730 982 aut
747 951 869 981 asinus
887 957 947 981 aut
967 951 1031 981 bos
1050 950 1085 980 in
1105 956 1249 990 puteum
1264 950 1399 988 incidit,
1416 960 1520 991 quem
1535 960 1610 981 non
1628 950 1752 982 statim

436 995 621 1027 extrahitis
639 995 674 1025 in
693 995 748 1025 die
766 994 982 1026 Sabbathi?''
1001 994 1084 1033 (xiv.
1104 1002 1119 1032 5
1134 994 1156 1034 z)

263 1083 381 1137 quod
408 1082 493 1123 hoc
519 1088 741 1122 statutum
766 1082 895 1121 fuerit
921 1081 1039 1134 apud
1067 1087 1254 1133 gentem
1279 1080 1576 1121 Israeliticam
1603 1087 1648 1122 et
1674 1081 1752 1134 Ju-

263 1147 453 1193 daicam‚
493 1151 590 1185 erat
631 1151 816 1197 propter
853 1157 1033 1184 sensum
1072 1144 1349 1197 spiritualem
1386 1145 1459 1197 qui
1500 1143 1563 1183 illi
1604 1144 1751 1193 inest;

264 1210 413 1249 omnia
437 1210 554 1249 enim
579 1214 767 1255 statuta,
791 1207 956 1259 judicia
979 1214 1024 1248 et
1052 1213 1297 1260 praecepta
1319 1207 1427 1247 data
1450 1206 1548 1247 filiis
1572 1207 1752 1247 Israelis

263 1272 578 1325 significabant
605 1271 851 1324 spiritualia
877 1285 992 1324 quae
1019 1276 1123 1311 sunt
1156 1270 1269 1311 caeli
1300 1277 1346 1311 et
1379 1270 1626 1320 ecclesiae;
1664 1270 1750 1310 hoc

263 1337 415 1389 itaque
442 1341 665 1376 statutum
693 1333 978 1386 significabat
1005 1334 1124 1387 quod
1158 1334 1192 1373 si
1224 1333 1382 1387 aliquis
1409 1333 1573 1374 labitur
1598 1334 1642 1373 in
1667 1333 1750 1373 fal-

265 1413 361 1440 sum
389 1406 434 1439 et
467 1400 510 1438 in
538 1397 994 1447 malum,educendus
1026 1398 1083 1437 sit
1116 1411 1194 1450 per
1224 1410 1378 1437 verum
1410 1397 1530 1450 quod
1562 1397 1752 1437 docetur

263 1463 333 1503 die
358 1461 576 1502 Sabbathi
600 1475 624 1500 a
652 1461 874 1500 Domino:
911 1474 989 1513 per
1014 1459 1268 1513 “puteum''
1291 1460 1350 1500 ibi
1373 1459 1649 1512 significatur
1670 1459 1753 1500 fal-

265 1539 362 1565 sum
394 1531 440 1565 et
473 1524 639 1564 malum
667 1523 790 1573 falsi;
829 1537 907 1576 per
936 1523 1178 1563 “asinum''
1201 1529 1246 1563 et
1273 1522 1504 1563 “bovem'’
1527 1521 1752 1575 significa-

264 1595 335 1628 tur
366 1600 519 1627 verum
552 1593 597 1627 et
631 1587 797 1626 bonum
831 1586 1047 1626 naturalis
1074 1585 1293 1635 hominis;
1332 1599 1410 1638 per
1444 1585 1677 1625 “incidere
1708 1585 1752 1625 in

263 1650 478 1704 puteum''
502 1649 779 1702 significatur
801 1649 844 1689 in
867 1648 1027 1689 falsum
1050 1655 1096 1689 et
1119 1649 1162 1688 in
1185 1648 1352 1688 malum
1371 1647 1495 1698 falsi;
1529 1661 1607 1700 per
1631 1650 1751 1688 “ex-

263 1713 380 1754 trahi
422 1714 464 1753 in
503 1713 573 1753 die
611 1712 860 1753 Sabbathi'’
894 1711 1170 1764 significatur
1203 1703 1361 1752 instrui
1395 1717 1441 1751 et
1479 1711 1539 1767 sic
1577 1710 1635 1750 ab
1667 1709 1754 1750 illis

265 1777 392 1816 educi
411 1790 418 1816 :
439 1775 587 1816 “dies”
600 1777 717 1816 enim
734 1779 759 1796 “
773 1775 993 1816 Sabbathi
1006 1774 1024 1789 ''
1037 1774 1261 1827 significat
1276 1774 1334 1814 ibi
1350 1774 1592 1814 Dominum
1605 1773 1753 1826 quoad

263 1838 604 1880 instructionem
638 1845 683 1879 et
716 1837 994 1888 do&rinam;
1036 1851 1172 1891 quare
1210 1836 1267 1878 Se
1299 1843 1435 1878 vocat
1470 1837 1753 1877 “Dominum

265 1900 526 1941 sabbathl.'’
585 1911 696 1947 (Quod
717 1908 881 1939 “asinus''
902 1910 1057 1947 significet
1077 1919 1187 1938 verum
1211 1910 1362 1938 naturalis
1384 1909 1532 1943 hominis,
1555 1909 1700 1937 videatur
1722 1907 1755 1936 in

263 1962 402 1990 Arcanls
422 1962 616 1994 Caelestibus,
634 1970 663 1990 n.
682 1963 769 1997 2781.
786 1968 881 1998 5741:
905 1965 936 1989 et
951 1961 1039 1997 quod
1055 1963 1070 1974 ‘¹
1082 1961 1140 1988 bos
1151 1960 1166 1968 '⁸
1183 1960 1337 1997 significet
1351 1960 1472 1988 bonum
1490 1958 1638 1988 naturalis
1652 1958 1755 1987 homi-

263 2009 319 2042 nis,
333 2018 363 2037 n.
378 2011 465 2042 2180,
479 2009 566 2044 2566,
582 2006 704 2044 [119134‚
718 2007 786 2045 ibi.)

348 2053 430 2107 [b.]
475 2053 677 2094 Similem
696 2067 841 2106 paene
864 2065 1048 2093 sensum
1067 2051 1351 2105 spiritualem
1374 2052 1615 2091 continent
1637 2050 1751 2090 haec

264 2116 382 2169 apud
407 2115 573 2164 Mosen,

333 2206 457 2237 “Cum
478 2207 656 2246 aperuerit
674 2207 727 2237 vir
744 2207 898 2243 foveam,
919 2206 975 2237 vel
996 2215 1076 2237 cum
1096 2205 1228 2237 foderit
1245 2206 1299 2236 vir
1319 2205 1461 2236 foveam
1482 2211 1517 2236 et
1537 2215 1609 2236 non
1629 2215 1755 2246 operu-

440 2250 507 2281 erit
524 2260 615 2287 cam,
639 2257 674 2281 et
696 2250 865 2281 ceciderit
883 2250 918 2280 in
938 2250 1034 2280 illam
1052 2251 1118 2281 bos
1135 2256 1196 2280 aut
1215 2250 1353 2286 asinus,
1374 2249 1540 2280 dominus
1557 2249 1685 2280 foveae
1702 2259 1755 2280 re-

438 2294 580 2333 pendet,
610 2299 799 2333 argentum
824 2294 947 2325 reddet
972 2291 1154 2324 ffidomino
1179 2292 1267 2333 ejus,
1296 2299 1330 2324 et
1360 2299 1539 2324 mortuum
1565 2292 1633 2324 erit
1657 2292 1754 2324 sibi”

438 2337 560 2376 (Exod.
575 2338 644 2368 xxi.
660 2346 712 2376 33,
727 2339 801 2376 34):

268 2429 407 2467 “cum
430 2428 651 2479 aperuerit
678 2428 743 2467 vir
769 2427 976 2468 foveam'’
999 2426 1224 2480 significat
1251 2428 1286 2467 si
1313 2428 1409 2481 quis
1435 2427 1608 2476 falsum,
1633 2427 1754 2482 quod

265 2489 383 2541 apud
410 2503 471 2537 se,
501 2490 830 2543 propalaverit;
872 2490 981 2531 “vel
1013 2504 1114 2531 cum
1140 2491 1301 2531 foderit
1333 2492 1398 2531 vir
1429 2490 1636 2531 foveam”
1662 2491 1754 2544 sig-

267 2551 418 2592 nificat
451 2553 485 2592 si
517 2553 588 2593 vel
621 2553 780 2593 falsurn
808 2552 990 2594 finxerit
1017 2560 1094 2594 aut
1121 2554 1390 2604 excluserit;
1432 2558 1515 2594 “et
1543 2554 1755 2595 ceciderit

265 2614 369 2654 illuc
409 2615 490 2655 bos
522 2615 593 2655 vel
625 2616 806 2656 asinus”
838 2616 1062 2668 significat
1094 2616 1214 2669 quod
1246 2617 1464 2669 pervertit
1502 2617 1669 2657 bonum
1708 2622 1754 2658 et

266 2691 419 2718 verum
457 2679 499 2717 in
538 2678 730 2718 naturali
762 2680 881 2732 quod
914 2679 1033 2732 apud
1065 2679 1284 2729 alterum;
1327 2680 1571 2720 “dominus
1597 2679 1753 2720 foveae

266 2741 515 2794 rependet’'
539 2741 762 2794 significat
785 2743 904 2795 quod
931 2743 966 2783 is
989 2757 1014 2782 a
1037 2757 1125 2796 quo
1147 2742 1306 2783 falsum
1330 2743 1616 2793 emendabit;
1647 2745 1753 2782 “ar-

267 2811 456 2858 gentum
489 2805 648 2845 reddet
676 2802 894 2845 1²³domino
927 2805 1019 2857 ejus
1033 2806 1051 2820 ’³
1083 2805 1307 2858 significat
1340 2819 1418 2858 per
1449 2818 1602 2845 verum
1633 2805 1752 2858 apud

267 2867 392 2908 illum
419 2867 542 2919 cujus
568 2874 614 2907 et
638 2881 791 2908 verum
818 2875 864 2908 et
891 2869 1058 2909 bonum
1085 2870 1128 2909 in
1156 2867 1349 2909 naturali
1371 2881 1628 2921 perversum
1655 2873 1724 2908 est
1739 2882 1752 2919 ‚3

270 2935 355 2971 “et
388 2936 613 2971 mortuum
641 2931 724 2972 erit
751 2931 832 2971 sibi
844 2931 862 2946 ”
889 2931 1112 2984 significat
1139 2931 1257 2985 quod
1290 2931 1457 2972 malum
1484 2937 1561 2972 aut
1592 2930 1752 2972 falsum
