1962 3334
633 276 739 308 CAP.
763 275 844 317 xr,
867 250 1004 308 veiis.
1025 266 1171 308 6.-N.
1192 243 1361 321 644[bj.
1634 267 1745 322 1659

254 390 357 445 quia
386 389 539 444 pluvia
569 389 783 430 fecundat
814 395 995 437 terram,
1029 388 1132 430 ideo
1163 403 1242 443 per
1275 387 1548 442 “pluviam'’
1573 388 1742 442 signifi-

254 458 383 494 catur
407 451 619 492 Divinum
641 451 811 493 Verum
834 451 1080 492 fecundans
1106 458 1153 492 et
1179 449 1451 493 fructificans
1472 451 1742 502 ecclesiam;

227 544 230 547 ι
254 515 374 556 unde
403 528 581 568 quoque
611 527 691 568 per
718 513 991 567 “pluviam’'
1015 513 1298 567 significatur
1327 511 1585 555 benedictio
1615 515 1743 567 spiri-

253 576 401 618 tualis.

335 637 420 692 [b.]
466 637 601 690 Quod
632 648 718 690 vper
750 636 1022 690 “pluviam‘’
1055 637 1100 677 in
1130 636 1291 678 Verbo
1327 650 1418 678 non
1453 637 1743 690 intelligatur

253 699 416 753 pluvia,
443 699 524 740 sed
552 699 764 739 Divinum
790 697 994 747 influens,
1018 712 1079 739 ex
1106 712 1195 752 quo
1220 698 1528 751 intelligentia
1549 706 1596 739 et
1622 699 1742 752 sapi—

251 762 375 803 entia
410 768 507 802 tum
542 761 710 802 bonum
741 761 906 801 amoris
942 767 990 801 et
1026 774 1183 802 verum
1216 760 1319 801 fidei
1354 761 1474 814 apud
1510 760 1743 801 hominem

251 824 412 866 crescit
443 830 491 865 et
522 838 570 864 se
600 822 852 872 fructificat,
880 830 927 864 et
953 823 1075 877 quod
1107 836 1185 876 per
1215 823 1439 877 “pluere”
1465 823 1744 877 significetur

250 886 458 936 influxus,
500 893 714 928 constare
759 893 916 940 potest
961 901 1021 927 ex
1066 887 1359 940 sequentibus
1404 885 1742 939 locis:—-Apud

248 949 417 998 Mosen,
1516 968 1519 969 ⁷
1597 967 1600 969 “

317 1037 490 1069 “Defluet
509 1037 602 1069 sicut
622 1037 743 1078 pluvia
761 1035 927 1068 dodtrina
946 1047 1038 1075 mea,
1055 1037 1207 1069 stillabit
1231 1037 1324 1069 sicut
1349 1046 1410 1068 ros
1429 1037 1579 1068 verbum
1599 1045 1742 1075 meum;

424 1081 518 1112 sicut
534 1081 653 1112 stillae
670 1090 777 1121 super
792 1090 953 1121 gramen,
968 1087 1004 1112 et
1022 1081 1116 1112 sicut
1134 1087 1260 1121 guttae
1282 1090 1390 1121 super
1408 1080 1557 1111 herbam
1570 1079 1589 1091 ''
1606 1079 1742 1119 (Deutr.

422 1124 530 1156 xxxii.
552 1127 605 1164 2):

249 1207 454 1250 doctrina
484 1209 556 1250 hic
584 1216 874 1262 comparatur
900 1209 1091 1263 pluviae,
1121 1210 1225 1263 quia
1250 1223 1329 1263 per
1356 1208 1592 1262 “pluviam
1603 1207 1622 1223 ”
1648 1208 1741 1261 sig-

249 1270 456 1312 nificatur
481 1271 692 1312 Divinum
720 1271 891 1312 Verum
917 1272 1183 1325 procedens,
1212 1285 1271 1312 ex
1298 1285 1386 1326 quo
1412 1285 1548 1312 omne
1574 1268 1742 1311 doctri-

249 1348 361 1385 nae;
392 1336 758 1388 comparationes
782 1335 900 1375 enim
923 1348 1083 1375 omnes
1104 1335 1149 1375 in
1167 1334 1324 1375 Verbo
1346 1335 1487 1375 etiam
1509 1348 1569 1375 ex
1592 1347 1742 1374 corre-

249 1397 532 1451 spondentiis
549 1404 654 1438 sunt
671 1411 680 1437 :
715 1398 818 1451 quia
843 1411 922 1450 per
941 1401 967 1417 “
982 1397 1179 1450 pluviam
1191 1397 1211 1412 ’³
1229 1396 1509 1450 significatur
1526 1396 1740 1437 Divinum

248 1459 421 1501 Verum
439 1459 653 1508 defluens,
672 1460 776 1500 ideo
793 1460 970 1508 dicitur,
992 1465 1018 1480 ‘¹
1033 1459 1213 1501 Defluet
1234 1461 1349 1501 sicut
1367 1459 1518 1513 pluvia
1535 1457 1742 1500 doctrina

249 1535 354 1564 mea
367 1522 402 1573 ;‘’
437 1536 516 1576 per
543 1526 727 1563 “rorem
739 1522 758 1537 ”
790 1521 1069 1575 significatur
1100 1523 1287 1571 bonum,
1315 1529 1362 1563 et
1393 1523 1497 1576 quia
1526 1522 1571 1562 id
1602 1522 1741 1562 etiam

248 1584 528 1638 significatur
554 1599 633 1639 per
661 1585 928 1634 “verbum,”
946 1586 1048 1626 ideo
1069 1585 1247 1633 dicitur,
1269 1584 1511 1625 “Stillabit
1533 1586 1650 1625 sicut
1666 1598 1742 1625 ros

248 1648 435 1689 verbum
458 1661 607 1689 meum
625 1647 661 1688 :’'
691 1648 998 1701 intelligentia
1021 1655 1067 1689 et
1090 1649 1314 1701 sapientia
1336 1648 1440 1688 inde
1462 1647 1742 1700 significatur

249 1724 329 1765 per
353 1711 539 1751 “stillas
565 1725 698 1764 super
724 1725 913 1764 gramen
926 1711 945 1726 ’'
967 1718 1014 1752 et
1038 1725 1117 1765 per
1142 1716 1341 1764 “guttas
1367 1724 1500 1764 super
1524 1711 1689 1751 herbas
1708 1710 1742 1760 ;”

249 1787 356 1815 nam
381 1775 498 1814 sicut
524 1787 712 1827 gramen
734 1781 781 1814 et
808 1774 948 1814 herba
970 1774 1067 1826 agri
1093 1780 1303 1814 crescunt
1330 1787 1390 1814 ex
1415 1773 1541 1827 aquis
1564 1772 1742 1826 pluviae

250 1843 299 1878 et
320 1837 445 1883 roris,
466 1837 530 1877 ita
551 1836 860 1889 intelligentia
878 1843 925 1877 et
944 1837 1166 1890 sapientia
1189 1850 1248 1877 ex
1271 1836 1442 1876 influxu
1465 1836 1615 1876 Divini
1633 1835 1743 1876 Ve'ri

248 1913 277 1941 a
298 1899 509 1940 Domino.
572 1900 673 1940 Hoc
698 1900 1006 1953 praemittitur
1031 1913 1057 1940 a
1079 1899 1224 1948 Mose,
1248 1900 1351 1952 quia
1372 1900 1417 1939 in
1439 1913 1494 1940 eo
1512 1899 1662 1952 capite
1684 1899 1741 1939 de

249 1963 488 2003 duodecim
525 1962 728 2003 tribubus
766 1962 961 2010 Israelis,
994 1976 1074 2015 per
1109 1975 1220 2016 quas
1261 1963 1305 2002 in
1347 1975 1480 2003 sensu
1520 1962 1741 2016 spirituali

249 2025 561 2079 significantur
574 2026 726 2065 omnia
742 2039 849 2065 vera
867 2031 913 2065 et
932 2025 1052 2066 bona
1070 2025 1305 2074 ecclesiae,
1325 2024 1514 2078 proinde
1537 2023 1742 2065 doctrina

249 2087 295 2128 in
320 2093 424 2129 toto
449 2087 707 2141 complexu.
768 2087 907 2141 Apud
931 2087 1138 2136 eundem,

315 2177 335 2191 ‘⁴
344 2175 467 2215 Terra,
484 2184 591 2217 quam
610 2186 677 2207 vos
698 2176 882 2207 transituri
903 2176 948 2207 ad
969 2176 1229 2216 possidendum
1248 2176 1358 2214 illam,
1376 2182 1432 2208 est
1450 2182 1547 2208 terra
1562 2176 1741 2208 montium

423 2226 460 2251 et
482 2220 654 2255 vallium:
680 2220 726 2251 ad
751 2220 910 2260 pluviam
935 2220 1026 2250 caeli
1050 2219 1140 2251 bibit
1164 2229 1285 2260 aquaS.
1311 2244 1319 2251 .
1334 2244 1341 2251 .
1355 2244 1363 2251 .
1378 2220 1439 2251 ,Et
1462 2221 1558 2251 dabo
1582 2220 1742 2260 pluviam

423 2269 540 2295 terrae
557 2269 699 2295 vestrae
717 2263 752 2294 in
771 2270 933 2303 tempore
950 2272 1026 2300 suo,
1041 2263 1294 2303 tempestivam
1311 2269 1347 2294 et
1363 2263 1570 2301 serotinam,
1588 2270 1626 2294 ut
1642 2263 1742 2294 colli-

422 2317 487 2347 gas
501 2307 719 2338 frumentum
734 2313 846 2344 tuum,
860 2313 896 2337 et
909 2312 1065 2337 mustum
1079 2313 1180 2337 tuum
1196 2312 1232 2337 et
1244 2307 1364 2338 oleum
1377 2306 1528 2338 tuum.'’.
1543 2331 1551 2338 .
1565 2331 1572 2338 .
1587 2307 1639 2338 .Si
1654 2316 1741 2338 vero

424 2350 645 2381 serviveritis
665 2350 747 2381 aliis
769 2350 847 2387 diis,
865 2355 900 2381 et
921 2359 994 2380 non
1015 2350 1051 2380 in
1072 2350 1217 2381 statutis
1237 2350 1328 2381 meis
1346 2350 1627 2387 ambulaveritis,
1649 2352 1667 2364 ‘⁴
1681 2360 1741 2381 ex·

423 2394 617 2425 candescet
636 2393 690 2424 ira
707 2393 869 2434 Jehovae
889 2400 1015 2424 contra
1031 2403 1108 2430 vos,
1129 2393 1270 2424 claudet
1289 2393 1427 2425 caelum
1447 2400 1486 2425 ut
1505 2403 1579 2424 non
1599 2394 1647 2425 sit
1666 2394 1742 2434 plu-

424 2437 493 2475 via,
510 2442 548 2468 et
563 2443 661 2468 terra
677 2446 751 2468 non
772 2437 832 2468 det
849 2443 1063 2477 proventum
1077 2436 1095 2448 ''
1112 2436 1247 2476 (Deutr.
1264 2437 1310 2468 xi.
1331 2445 1382 2475 11,
1401 2445 1451 2475 14,
1468 2437 1518 2476 16,
1535 2437 1587 2477 17)
1601 2448 1608 2469 :

254 2523 319 2565 ita
343 2523 611 2564 describitur
641 2530 762 2564 terra
789 2523 973 2565 Canaan
1006 2529 1052 2564 et
1084 2522 1178 2576 ejus
1203 2523 1483 2575 secunditas;
1523 2524 1603 2565 sed
1634 2526 1738 2578 quia

251 2599 331 2640 per
369 2585 493 2627 illam
524 2593 692 2627 terram
728 2587 773 2626 in
810 2586 1030 2639 spirituali
1061 2599 1196 2627 sensu
1227 2587 1497 2640 intelligitur
1528 2587 1736 2635 ecclesia,

252 2649 452 2702 sequitur
487 2649 607 2702 quod
645 2650 797 2690 omnia
834 2649 1151 2702 descriptionis
1183 2649 1442 2702 significent
1479 2650 1590 2690 talia
1626 2664 1740 2703 quae

251 2717 355 2752 sunt
387 2711 638 2762 ecclesiae;
681 2712 795 2752 sicut
831 2711 1093 2760 “montes,'‘
1129 2712 1355 2761 “valles,”
1388 2712 1741 2758 “frumentum'’

253 2774 530 2822 “mustum,’'
555 2773 784 2823 “oleum,“
807 2778 831 2794 ‘⁴
851 2774 1140 2828 proventus‚’‘
1160 2775 1349 2828 “pluvia
1365 2775 1400 2815 :'’
1428 2779 1586 2816 “terra
1608 2789 1738 2815 mon-

251 2836 362 2877 tium
384 2843 431 2878 et
456 2836 672 2877 vallium''
694 2836 923 2890 significat
946 2837 1166 2878 ecclesiae
1189 2839 1416 2892 superiora
1442 2845 1488 2879 et
1515 2838 1736 2887 inferiora,

252 2911 331 2940 seu
361 2899 537 2940 interna
567 2906 614 2941 et
645 2906 863 2950 externa;
901 2900 1079 2941 interna
1110 2900 1331 2942 ecclesiae
1362 2907 1467 2943 sunt
1499 2901 1618 2955 apud
1653 2902 1736 2942 ho-
