1962 3334
272 266 316 310 15
326 258 376 310 58
680 266 1013 300 APOCALYPSIS
1044 269 1344 302 EXPLICATA.

265 378 338 431 qui
371 384 441 420 est
472 378 590 420 velle
623 379 750 428 scire,
785 380 1040 434 intelligere
1072 388 1118 423 et
1152 396 1308 435 sapere
1341 382 1450 423 talia
1484 396 1598 437 quae
1631 383 1754 425 vitae

265 447 479 482 aeternae
507 448 638 483 sunt:
673 443 793 496 quod
823 444 1102 485 “comedere
1115 444 1134 460 ’'
1160 445 1237 485 illa
1269 444 1508 498 significet,
1543 453 1755 488 constare

265 505 401 545 etiam
418 512 573 558 potest
589 520 647 546 ex
667 506 998 559 significatione
1019 511 1044 528 “
1057 507 1216 561 panis''
1233 514 1279 548 et
1297 512 1321 528 “
1334 508 1459 557 cibi,’‘
1475 515 1570 549 tum
1588 523 1647 550 ex
1663 511 1756 564 sig-

264 567 523 609 nificatione
538 573 563 588 “
576 569 705 609 famis
717 569 736 584 '’
751 576 798 610 et
815 573 840 590 “
856 570 1153 618 esuritionis‚'’
1166 577 1213 611 ut
1233 577 1278 611 et
1293 574 1318 590 ‘¹
1332 571 1422 611 vini
1435 571 1453 586 ”
1469 578 1514 612 et
1534 575 1559 592 “
1572 571 1755 626 aquae,”

264 630 320 671 de
343 631 501 684 quibus
525 645 657 685 supra
680 633 722 672 in
750 633 839 673 suis
863 632 973 674 locis
996 631 1145 674 actum
1169 639 1253 674 est.
1317 631 1543 686 Quoniam
1564 638 1755 676 “come—

263 694 370 734 dere
383 694 402 709 ''
429 694 654 747 significat
687 696 917 750 percipere
944 696 1075 750 quale
1102 702 1187 745 est,
1216 702 1262 736 et
1295 695 1381 737 hoc
1410 697 1652 750 percipitur
1678 711 1757 751 per

266 770 490 810 saporem,
514 758 619 799 inde
646 772 705 799 ex
733 760 1138 813 correspondentia
1165 766 1234 800 est
1262 760 1382 812 quod
1408 761 1452 800 in
1481 760 1642 813 linguis
1668 761 1752 801 hu-

263 821 407 860 manis
436 821 637 874 “sapor'’
665 827 711 862 et
741 822 967 875 “sapere’'
993 823 1131 863 etiam
1164 823 1453 875 praedicetur
1479 823 1534 863 de
1566 828 1755 877 percep-

264 883 390 924 tione
416 884 504 935 rei;
539 885 657 925 unde
684 899 861 939 quoque
888 886 1051 926 dicitur
1079 885 1381 939 “sapientia”

345 952 476 994 618.
519 952 598 993 “Et
636 954 882 994 amaricabit
919 957 1029 994 tuum
1073 953 1486 1006 venir-em.''—Quod
1531 954 1755 1007 significet

264 1012 544 1066 injucundum
568 1021 682 1055 esset
711 1014 912 1063 interius,
941 1016 1046 1068 quia
1075 1016 1269 1056 exterius
1301 1015 1614 1064 adulteratum,
1643 1029 1753 1057 con-

265 1083 359 1117 stat
398 1091 456 1117 ex
489 1072 822 1130 significatione
857 1080 1034 1120 “amari
1047 1079 1066 1094 ⁷’
1098 1093 1176 1120 seu
1211 1079 1601 1128 “amaritudinis,”
1633 1080 1753 1133 quod

263 1138 320 1178 sit
347 1137 638 1191 injucundum
665 1154 723 1180 ex
755 1140 1020 1181 adulterato
1045 1154 1154 1181 vero
1181 1151 1235 1190 (de
1247 1160 1312 1188 qua
1325 1151 1433 1189 infra),
1457 1146 1503 1181 et
1530 1155 1589 1181 ex
1611 1141 1754 1194 signi-

263 1198 475 1241 ficatione
511 1201 761 1250 “ventris,”
793 1202 914 1256 quod
946 1203 1003 1243 sit
1035 1203 1247 1243 interius:
1289 1202 1408 1255 quod
1444 1202 1669 1243 “venter'’
1696 1203 1753 1244 sit

263 1263 466 1312 interius,
496 1270 565 1305 est
598 1265 701 1318 quia
733 1266 934 1318 sequitur
965 1272 1069 1319 post
1102 1265 1230 1313 haec,
1259 1265 1378 1318 quod
1408 1265 1490 1305 “in
1523 1279 1600 1305 ore
1632 1271 1753 1306 esset

265 1326 381 1366 sicut
414 1327 503 1367 mel
537 1327 732 1378 dulcis;'’
765 1335 811 1369 et
843 1342 922 1382 per
951 1328 1071 1369 “os’'
1097 1328 1366 1381 intelligitur
1399 1328 1614 1376 exterius,
1649 1341 1754 1368 nam

264 1388 384 1442 quod
411 1403 487 1430 ore
520 1390 722 1439 sumitur,
751 1391 1064 1440 manducatur,
1093 1398 1139 1432 et
1172 1391 1426 1432 demittitur
1456 1391 1499 1431 in
1532 1397 1754 1439 ventrem,

262 1451 349 1492 hoc
378 1452 434 1492 ab
458 1454 673 1494 exteriori
695 1454 820 1495 vadit
846 1455 903 1495 ad
930 1455 1129 1502 interius,
1155 1455 1348 1495 intratur
1371 1454 1490 1494 enim
1513 1454 1557 1493 in
1580 1454 1756 1494 viscera

265 1515 486 1566 hominis;
529 1517 608 1556 sed
647 1517 702 1557 de
739 1517 1070 1570 significatione
1105 1518 1328 1567 “ventris,
1344 1520 1363 1535 ”
1379 1518 1422 1557 in
1461 1517 1754 1570 sequentibus

263 1578 450 1619 dicetur.
518 1578 653 1632 Quod
688 1583 929 1621 “amarum
943 1581 962 1596 '’
994 1587 1040 1622 et
1077 1580 1400 1622 “amaritudo’'
1432 1579 1656 1633 significet
1688 1580 1755 1620 in-

261 1640 507 1694 jucundum
540 1656 599 1683 ex
631 1643 891 1684 adulterato
917 1658 1039 1693 vero,
1074 1651 1120 1685 et
1152 1644 1272 1697 quod
1305 1643 1408 1684 inde
1443 1642 1757 1683 “amaricare'’

264 1704 493 1757 significet
524 1705 814 1758 injucundum
841 1707 1044 1754 reddere,
1073 1713 1142 1748 est
1175 1707 1277 1761 quia
1308 1706 1439 1747 dulce
1471 1705 1520 1747 fit
1552 1719 1754 1746 amarum

265 1774 312 1809 et
347 1769 452 1809 inde
484 1769 773 1822 injucundum
811 1784 890 1824 per
927 1771 1259 1811 admixtionem
1292 1784 1393 1811 cum
1426 1770 1576 1823 aliquo
1607 1775 1755 1820 tetro;

264 1832 369 1872 inde
402 1838 472 1873 est
504 1834 761 1874 amaritudo
793 1834 1022 1883 absinthii,
1057 1834 1186 1883 fellis,
1221 1834 1455 1887 myrrhae:
1505 1845 1621 1873 nunc
1654 1833 1756 1886 quia

267 1895 470 1936 “dulce’'
503 1895 729 1949 significat
756 1896 1004 1950 jucundum
1043 1911 1103 1938 ex
1137 1898 1258 1938 bono
1290 1897 1381 1937 veri
1414 1903 1461 1937 et
1493 1910 1601 1937 vero
1632 1896 1753 1945 boni,

263 1959 367 1999 inde
397 1959 668 2000 “amarum'’
695 1960 922 2013 significat
949 1960 1238 2013 injucundum
1265 1974 1324 2000 ex
1351 1960 1611 2000 adulterato
1633 1973 1754 1999 vero.

267 2022 564 2075 Injucundum
591 2023 694 2064 inde
722 2037 812 2064 non
840 2024 1084 2077 percipitur
1111 2030 1157 2064 et
1186 2024 1380 2064 sentitur
1407 2023 1464 2063 ab
1495 2023 1645 2076 aliquo
1671 2021 1754 2062 ho-

266 2086 386 2126 mine
417 2086 461 2126 in
499 2086 667 2126 mundo
700 2087 894 2127 naturali
925 2093 973 2127 ut
1006 2100 1221 2134 amarum,
1256 2086 1334 2126 sed
1367 2100 1392 2126 a
1429 2086 1585 2138 spiritu
1616 2091 1662 2125 et
1699 2084 1756 2125 ab

264 2148 430 2201 angelo
457 2149 500 2188 in
529 2150 697 2190 mundo
724 2149 970 2202 spirituali;
1004 2163 1138 2190 omne
1171 2150 1290 2189 enim
1316 2149 1484 2188 bonum
1508 2149 1599 2188 veri
1626 2147 1755 2188 adul-

265 2218 479 2261 teratum,
498 2212 604 2252 dum
627 2214 818 2253 vertitur
836 2213 879 2252 in
903 2226 1110 2266 saporem
1134 2212 1252 2265 apud
1274 2211 1390 2259 illos,
1415 2211 1756 2264 persentiscitur

265 2276 381 2316 sicut
403 2288 604 2316 amarum
623 2289 630 2316 :
665 2282 735 2317 est
759 2277 878 2317 enim
901 2276 1127 2329 spiritibus
1150 2282 1196 2315 et
1219 2274 1393 2327 angelis
1415 2280 1588 2327 gustuS,
1613 2287 1755 2327 aeque

263 2354 315 2382 ac
342 2341 626 2391 hominibus;
661 2342 740 2383 sed
763 2343 1001 2395 spirituum
1028 2348 1073 2382 et
1101 2340 1368 2393 angelorum
1395 2346 1554 2392 gustus
1581 2353 1639 2380 ex
1667 2340 1755 2380 ori-

264 2405 370 2458 gine
396 2405 615 2458 spirituali
643 2405 837 2458 profluit,
866 2405 1102 2445 hominum
1129 2411 1283 2444 autem
1311 2410 1470 2456 gustus
1497 2417 1555 2443 ex
1583 2403 1755 2455 origine

266 2467 487 2518 naturali;
521 2474 682 2520 gustus
709 2468 848 2508 amari
875 2474 945 2508 est
973 2467 1199 2520 spiritibus
1224 2480 1283 2507 ex
1310 2480 1417 2506 vero
1444 2466 1549 2506 boni
1576 2465 1754 2506 adulte-

264 2537 380 2579 rato,
400 2536 448 2571 at
470 2537 630 2583 gustus
648 2531 787 2571 amari
810 2530 1067 2571 hominibus
1086 2536 1155 2570 est
1178 2543 1236 2570 ex
1261 2529 1589 2569 commixtione
1612 2527 1755 2568 dulcis

265 2600 312 2635 et
341 2594 474 2634 tetri:
509 2606 667 2633 sensus
694 2594 835 2633 amari
861 2593 941 2634 fuit
962 2593 1157 2645 Johanni
1180 2592 1317 2632 etiam
1341 2605 1398 2631 ex
1427 2591 1600 2643 origine
1627 2590 1755 2643 spiri-

265 2657 391 2706 tuali,
421 2670 525 2696 nam
558 2657 638 2697 fuit
670 2657 714 2697 in
741 2657 924 2710 spiritu;
958 2656 1124 2709 alioqui
1151 2668 1232 2696 nec
1266 2655 1489 2707 potuisset
1516 2654 1755 2694 comedere

265 2719 481 2762 libellum.
544 2719 626 2759 Per
652 2733 807 2760 verum
834 2719 1140 2760 adulteratum
1167 2716 1445 2770 significatur
1468 2729 1622 2756 verum
1649 2716 1754 2756 boni

265 2783 543 2837 applicatum
567 2782 687 2823 malo
710 2789 756 2823 et
774 2782 1074 2823 commixtum
1093 2781 1206 2821 falso
1230 2780 1335 2832 ejus,
1362 2779 1481 2833 quod
1505 2778 1553 2820 fit
1573 2779 1754 2832 quando

265 2861 373 2888 vera
403 2859 560 2886 sensus
598 2845 778 2886 litterae
811 2844 951 2886 Verbi
987 2843 1274 2898 applicantur
1306 2843 1477 2896 spurcis
1510 2841 1750 2888 amoribus,

266 2916 312 2951 et
350 2910 412 2950 sic
451 2908 803 2950 commiscentur
840 2907 982 2948 malis.
1056 2906 1157 2947 Hoc
1199 2905 1487 2958 injucundum
1526 2910 1595 2945 est
1632 2903 1753 2957 quod
