<?xml version="1.0" encoding="UTF-8"?>
<!DOCTYPE html PUBLIC "-//W3C//DTD XHTML 1.0 Transitional//EN"
    "http://www.w3.org/TR/xhtml1/DTD/xhtml1-transitional.dtd">
<html xmlns="http://www.w3.org/1999/xhtml" xml:lang="en" lang="en">
 <head>
  <title>
</title>
<meta http-equiv="Content-Type" content="text/html;charset=utf-8" />
  <meta name='ocr-system' content='tesseract 3.04.00' />
  <meta name='ocr-capabilities' content='ocr_page ocr_carea ocr_par ocr_line ocrx_word'/>
</head>
<body>
  <div class='ocr_page' id='page_1' title='image "apocalypsisexpli03sweduoft_0048.png"; bbox 0 0 1962 3334; ppageno 0'>
   <div class='ocr_carea' id='block_1_1' title="bbox 271 302 1339 356">
    <p class='ocr_par' dir='ltr' id='par_1_1' title="bbox 271 302 1339 356">
     <span class='ocr_line' id='line_1_1' title="bbox 271 302 1339 356; baseline -0.002 -12"><span class='ocrx_word' id='word_1_1' title='bbox 271 314 286 343; x_wconf 94' lang='lat'>1</span> <span class='ocrx_word' id='word_1_2' title='bbox 297 302 375 356; x_wconf 88' lang='lat'>362</span> <span class='ocrx_word' id='word_1_3' title='bbox 684 310 1015 344; x_wconf 74' lang='lat' dir='ltr'>APOCALYPSIS</span> <span class='ocrx_word' id='word_1_4' title='bbox 1041 309 1339 343; x_wconf 83' lang='lat' dir='ltr'>EXPLICATA.</span> 
     </span>
    </p>
   </div>
   <div class='ocr_carea' id='block_1_2' title="bbox 263 423 1763 2382">
    <p class='ocr_par' dir='ltr' id='par_1_2' title="bbox 263 423 1763 2382">
     <span class='ocr_line' id='line_1_2' title="bbox 263 423 1754 480; baseline 0 -13"><span class='ocrx_word' id='word_1_5' title='bbox 263 425 365 467; x_wconf 92' lang='lat' dir='ltr'>ideo</span> <span class='ocrx_word' id='word_1_6' title='bbox 396 425 560 467; x_wconf 91' lang='lat' dir='ltr'>dicitur</span> <span class='ocrx_word' id='word_1_7' title='bbox 590 425 710 480; x_wconf 90' lang='lat' dir='ltr'>quod</span> <span class='ocrx_word' id='word_1_8' title='bbox 745 424 961 467; x_wconf 89' lang='lat' dir='ltr'>“locusta</span> <span class='ocrx_word' id='word_1_9' title='bbox 992 425 1224 467; x_wconf 86' lang='lat' dir='ltr'>obtexerit</span> <span class='ocrx_word' id='word_1_10' title='bbox 1257 437 1442 466; x_wconf 89' lang='lat' dir='ltr'>omnem</span> <span class='ocrx_word' id='word_1_11' title='bbox 1474 423 1754 478; x_wconf 84' lang='lat' dir='ltr'>superficiem</span> 
     </span>
     <span class='ocr_line' id='line_1_3' title="bbox 263 487 1755 538; baseline -0.001 -8"><span class='ocrx_word' id='word_1_12' title='bbox 263 495 425 538; x_wconf 89' lang='lat' dir='ltr'>terrae,</span> <span class='ocrx_word' id='word_1_13' title='bbox 450 495 498 530; x_wconf 92' lang='lat' dir='ltr'>ut</span> <span class='ocrx_word' id='word_1_14' title='bbox 526 489 902 530; x_wconf 79' lang='lat' dir='ltr'>obtenebraretur</span> <span class='ocrx_word' id='word_1_15' title='bbox 927 495 1061 537; x_wconf 85' lang='lat' dir='ltr'>terra,</span> <span class='ocrx_word' id='word_1_16' title='bbox 1089 495 1135 529; x_wconf 90' lang='lat' dir='ltr'>et</span> <span class='ocrx_word' id='word_1_17' title='bbox 1168 488 1416 529; x_wconf 90' lang='lat' dir='ltr'>comederit</span> <span class='ocrx_word' id='word_1_18' title='bbox 1443 500 1625 529; x_wconf 89' lang='lat' dir='ltr'>omnem</span> <span class='ocrx_word' id='word_1_19' title='bbox 1650 487 1755 529; x_wconf 86' lang='lat' dir='ltr'>her-</span> 
     </span>
     <span class='ocr_line' id='line_1_4' title="bbox 263 549 1756 605; baseline -0.001 -13"><span class='ocrx_word' id='word_1_20' title='bbox 263 551 368 592; x_wconf 86' lang='lat' dir='ltr'>bam</span> <span class='ocrx_word' id='word_1_21' title='bbox 385 550 530 605; x_wconf 63' lang='lat' dir='ltr'>magri,</span> <span class='ocrx_word' id='word_1_22' title='bbox 544 558 590 592; x_wconf 87' lang='lat' dir='ltr'>et</span> <span class='ocrx_word' id='word_1_23' title='bbox 610 565 791 592; x_wconf 87' lang='lat' dir='ltr'>ornnem</span> <span class='ocrx_word' id='word_1_24' title='bbox 809 549 999 592; x_wconf 66' lang='lat' dir='ltr'>fructum</span> <span class='ocrx_word' id='word_1_25' title='bbox 1017 551 1187 592; x_wconf 88' lang='lat' dir='ltr'>arboris</span> <span class='ocrx_word' id='word_1_26' title='bbox 1204 550 1239 602; x_wconf 87' lang='lat'>;’&#39;</span> <span class='ocrx_word' id='word_1_27' title='bbox 1257 554 1415 592; x_wconf 90' lang='lat' dir='ltr'>“terra</span> <span class='ocrx_word' id='word_1_28' title='bbox 1432 550 1639 604; x_wconf 90' lang='lat' dir='ltr'>Aegypti</span> <span class='ocrx_word' id='word_1_29' title='bbox 1650 550 1670 566; x_wconf 90' lang='lat'>’&#39;</span> <span class='ocrx_word' id='word_1_30' title='bbox 1685 556 1756 592; x_wconf 89' lang='lat' dir='ltr'>est</span> 
     </span>
     <span class='ocr_line' id='line_1_5' title="bbox 266 612 1756 668; baseline 0 -14"><span class='ocrx_word' id='word_1_31' title='bbox 266 615 474 656; x_wconf 88' lang='lat' dir='ltr'>naturale</span> <span class='ocrx_word' id='word_1_32' title='bbox 497 615 616 668; x_wconf 92' lang='lat' dir='ltr'>apud</span> <span class='ocrx_word' id='word_1_33' title='bbox 638 615 845 655; x_wconf 90' lang='lat' dir='ltr'>homines</span> <span class='ocrx_word' id='word_1_34' title='bbox 872 614 1106 663; x_wconf 87' lang='lat' dir='ltr'>ecclesiae,</span> <span class='ocrx_word' id='word_1_35' title='bbox 1128 613 1306 655; x_wconf 86' lang='lat' dir='ltr'>“herba</span> <span class='ocrx_word' id='word_1_36' title='bbox 1330 612 1491 667; x_wconf 74' lang='lat' dir='ltr'>[¹]agri”</span> <span class='ocrx_word' id='word_1_37' title='bbox 1509 619 1578 654; x_wconf 89' lang='lat' dir='ltr'>est</span> <span class='ocrx_word' id='word_1_38' title='bbox 1600 626 1756 654; x_wconf 89' lang='lat' dir='ltr'>verum</span> 
     </span>
     <span class='ocr_line' id='line_1_6' title="bbox 264 676 1757 726; baseline -0.002 -7"><span class='ocrx_word' id='word_1_39' title='bbox 264 678 337 726; x_wconf 88' lang='lat' dir='ltr'>ibi,</span> <span class='ocrx_word' id='word_1_40' title='bbox 365 684 411 719; x_wconf 91' lang='lat' dir='ltr'>et</span> <span class='ocrx_word' id='word_1_41' title='bbox 441 676 645 718; x_wconf 62' lang='lat' dir='ltr'>“fructus</span> <span class='ocrx_word' id='word_1_42' title='bbox 671 676 875 718; x_wconf 86' lang='lat' dir='ltr'>arboris”</span> <span class='ocrx_word' id='word_1_43' title='bbox 901 683 972 718; x_wconf 94' lang='lat' dir='ltr'>est</span> <span class='ocrx_word' id='word_1_44' title='bbox 1004 676 1174 717; x_wconf 92' lang='lat' dir='ltr'>bonum</span> <span class='ocrx_word' id='word_1_45' title='bbox 1205 677 1278 717; x_wconf 91' lang='lat' dir='ltr'>ibi.</span> <span class='ocrx_word' id='word_1_46' title='bbox 1341 676 1495 717; x_wconf 87' lang='lat' dir='ltr'>Simile</span> <span class='ocrx_word' id='word_1_47' title='bbox 1521 676 1661 717; x_wconf 88' lang='lat' dir='ltr'>etiam</span> <span class='ocrx_word' id='word_1_48' title='bbox 1688 677 1757 717; x_wconf 90' lang='lat' dir='ltr'>in-</span> 
     </span>
     <span class='ocr_line' id='line_1_7' title="bbox 265 739 1755 794; baseline -0.001 -12"><span class='ocrx_word' id='word_1_49' title='bbox 265 740 488 794; x_wconf 84' lang='lat' dir='ltr'>telligitur</span> <span class='ocrx_word' id='word_1_50' title='bbox 514 754 593 794; x_wconf 89' lang='lat' dir='ltr'>per</span> <span class='ocrx_word' id='word_1_51' title='bbox 619 740 739 794; x_wconf 89' lang='lat' dir='ltr'>quod</span> <span class='ocrx_word' id='word_1_52' title='bbox 765 739 982 781; x_wconf 87' lang='lat' dir='ltr'>“locusta</span> <span class='ocrx_word' id='word_1_53' title='bbox 1007 739 1262 793; x_wconf 89' lang='lat' dir='ltr'>impleverit</span> <span class='ocrx_word' id='word_1_54' title='bbox 1286 739 1469 780; x_wconf 91' lang='lat' dir='ltr'>domum</span> <span class='ocrx_word' id='word_1_55' title='bbox 1494 739 1755 788; x_wconf 85' lang='lat' dir='ltr'>Pharaonis,</span> 
     </span>
     <span class='ocr_line' id='line_1_8' title="bbox 265 802 1757 856; baseline -0.001 -11"><span class='ocrx_word' id='word_1_56' title='bbox 265 817 495 845; x_wconf 85' lang='lat' dir='ltr'>servorum</span> <span class='ocrx_word' id='word_1_57' title='bbox 511 803 619 856; x_wconf 91' lang='lat' dir='ltr'>ejus,</span> <span class='ocrx_word' id='word_1_58' title='bbox 632 809 677 843; x_wconf 93' lang='lat' dir='ltr'>et</span> <span class='ocrx_word' id='word_1_59' title='bbox 697 803 898 843; x_wconf 90' lang='lat' dir='ltr'>omnium</span> <span class='ocrx_word' id='word_1_60' title='bbox 917 802 1297 856; x_wconf 87' lang='lat' dir='ltr'>Aegyptiorum;”</span> <span class='ocrx_word' id='word_1_61' title='bbox 1315 815 1419 843; x_wconf 91' lang='lat' dir='ltr'>nam</span> <span class='ocrx_word' id='word_1_62' title='bbox 1438 816 1516 856; x_wconf 90' lang='lat' dir='ltr'>per</span> <span class='ocrx_word' id='word_1_63' title='bbox 1533 802 1757 843; x_wconf 90' lang='lat' dir='ltr'>“domum</span> 
     </span>
     <span class='ocr_line' id='line_1_9' title="bbox 266 864 1758 920; baseline 0 -13"><span class='ocrx_word' id='word_1_64' title='bbox 266 867 526 915; x_wconf 82' lang='lat' dir='ltr'>Pharaonis,</span> <span class='ocrx_word' id='word_1_65' title='bbox 547 879 777 907; x_wconf 83' lang='lat' dir='ltr'>servorum</span> <span class='ocrx_word' id='word_1_66' title='bbox 793 865 900 918; x_wconf 90' lang='lat' dir='ltr'>ejus,</span> <span class='ocrx_word' id='word_1_67' title='bbox 920 871 967 906; x_wconf 89' lang='lat' dir='ltr'>et</span> <span class='ocrx_word' id='word_1_68' title='bbox 987 866 1186 906; x_wconf 89' lang='lat' dir='ltr'>omniurn</span> <span class='ocrx_word' id='word_1_69' title='bbox 1203 864 1540 919; x_wconf 89' lang='lat' dir='ltr'>Aegyptiorum</span> <span class='ocrx_word' id='word_1_70' title='bbox 1552 865 1571 881; x_wconf 93' lang='lat'>”</span> <span class='ocrx_word' id='word_1_71' title='bbox 1586 865 1758 920; x_wconf 88' lang='lat' dir='ltr'>signifi-</span> 
     </span>
     <span class='ocr_line' id='line_1_10' title="bbox 266 928 1757 979; baseline -0.001 -8"><span class='ocrx_word' id='word_1_72' title='bbox 266 936 396 971; x_wconf 90' lang='lat' dir='ltr'>catur</span> <span class='ocrx_word' id='word_1_73' title='bbox 413 942 540 970; x_wconf 88' lang='lat' dir='ltr'>mens</span> <span class='ocrx_word' id='word_1_74' title='bbox 560 928 776 969; x_wconf 89' lang='lat' dir='ltr'>naturalis</span> <span class='ocrx_word' id='word_1_75' title='bbox 795 929 839 969; x_wconf 92' lang='lat' dir='ltr'>in</span> <span class='ocrx_word' id='word_1_76' title='bbox 857 934 959 969; x_wconf 88' lang='lat' dir='ltr'>tota</span> <span class='ocrx_word' id='word_1_77' title='bbox 977 942 1056 969; x_wconf 90' lang='lat' dir='ltr'>sua</span> <span class='ocrx_word' id='word_1_78' title='bbox 1074 929 1344 969; x_wconf 87' lang='lat' dir='ltr'>extensione</span> <span class='ocrx_word' id='word_1_79' title='bbox 1362 942 1371 979; x_wconf 90' lang='grc'><strong>;</strong></span> <span class='ocrx_word' id='word_1_80' title='bbox 1394 932 1418 948; x_wconf 86' lang='grc'>“</span> <span class='ocrx_word' id='word_1_81' title='bbox 1431 928 1591 970; x_wconf 91' lang='lat' dir='ltr'>domus</span> <span class='ocrx_word' id='word_1_82' title='bbox 1604 928 1623 944; x_wconf 91' lang='lat'><strong>”</strong></span> <span class='ocrx_word' id='word_1_83' title='bbox 1637 930 1757 970; x_wconf 92' lang='lat' dir='ltr'>enim</span> 
     </span>
     <span class='ocr_line' id='line_1_11' title="bbox 267 990 1757 1044; baseline 0 -11"><span class='ocrx_word' id='word_1_84' title='bbox 267 993 312 1034; x_wconf 93' lang='lat' dir='ltr'>in</span> <span class='ocrx_word' id='word_1_85' title='bbox 335 991 742 1044; x_wconf 80' lang='lat' dir='ltr'>Verbo‘significat</span> <span class='ocrx_word' id='word_1_86' title='bbox 769 992 984 1032; x_wconf 88' lang='lat' dir='ltr'>interiora</span> <span class='ocrx_word' id='word_1_87' title='bbox 1015 991 1211 1032; x_wconf 90' lang='lat' dir='ltr'>hominis</span> <span class='ocrx_word' id='word_1_88' title='bbox 1242 1005 1356 1044; x_wconf 84' lang='lat' dir='ltr'>quae</span> <span class='ocrx_word' id='word_1_89' title='bbox 1387 990 1480 1044; x_wconf 90' lang='lat' dir='ltr'>ejus</span> <span class='ocrx_word' id='word_1_90' title='bbox 1512 991 1678 1032; x_wconf 87' lang='lat' dir='ltr'>mentis</span> <span class='ocrx_word' id='word_1_91' title='bbox 1709 998 1757 1033; x_wconf 90' lang='lat' dir='ltr'>et</span> 
     </span>
     <span class='ocr_line' id='line_1_12' title="bbox 267 1053 1758 1108; baseline 0 -13"><span class='ocrx_word' id='word_1_92' title='bbox 267 1055 404 1096; x_wconf 88' lang='lat' dir='ltr'>animi</span> <span class='ocrx_word' id='word_1_93' title='bbox 420 1060 539 1103; x_wconf 91' lang='lat' dir='ltr'>sunt,</span> <span class='ocrx_word' id='word_1_94' title='bbox 556 1055 626 1095; x_wconf 90' lang='lat' dir='ltr'>hic</span> <span class='ocrx_word' id='word_1_95' title='bbox 646 1054 723 1094; x_wconf 89' lang='lat' dir='ltr'>illa</span> <span class='ocrx_word' id='word_1_96' title='bbox 737 1068 851 1108; x_wconf 86' lang='lat' dir='ltr'>quae</span> <span class='ocrx_word' id='word_1_97' title='bbox 869 1054 1035 1095; x_wconf 86' lang='lat' dir='ltr'>mentis</span> <span class='ocrx_word' id='word_1_98' title='bbox 1051 1054 1268 1095; x_wconf 88' lang='lat' dir='ltr'>naturalis</span> <span class='ocrx_word' id='word_1_99' title='bbox 1283 1060 1401 1095; x_wconf 88' lang='lat' dir='ltr'>sunt.</span> <span class='ocrx_word' id='word_1_100' title='bbox 1448 1053 1624 1095; x_wconf 88' lang='lat' dir='ltr'>Dicitur</span> <span class='ocrx_word' id='word_1_101' title='bbox 1638 1055 1758 1108; x_wconf 92' lang='lat' dir='ltr'>quod</span> 
     </span>
     <span class='ocr_line' id='line_1_13' title="bbox 267 1116 1758 1171; baseline -0.001 -12"><span class='ocrx_word' id='word_1_102' title='bbox 267 1118 338 1160; x_wconf 92' lang='lat' dir='ltr'>hic</span> <span class='ocrx_word' id='word_1_103' title='bbox 362 1131 440 1171; x_wconf 90' lang='lat' dir='ltr'>per</span> <span class='ocrx_word' id='word_1_104' title='bbox 466 1117 727 1158; x_wconf 87' lang='lat' dir='ltr'>“locustam</span> <span class='ocrx_word' id='word_1_105' title='bbox 755 1117 1082 1158; x_wconf 89' lang='lat' dir='ltr'>ascendentem</span> <span class='ocrx_word' id='word_1_106' title='bbox 1108 1131 1241 1170; x_wconf 88' lang='lat' dir='ltr'>super</span> <span class='ocrx_word' id='word_1_107' title='bbox 1263 1130 1445 1158; x_wconf 85' lang='lat' dir='ltr'>ornnem</span> <span class='ocrx_word' id='word_1_108' title='bbox 1472 1123 1638 1158; x_wconf 89' lang='lat' dir='ltr'>terram</span> <span class='ocrx_word' id='word_1_109' title='bbox 1662 1116 1758 1158; x_wconf 90' lang='lat' dir='ltr'>Ae-</span> 
     </span>
     <span class='ocr_line' id='line_1_14' title="bbox 267 1179 1757 1235; baseline -0.001 -13"><span class='ocrx_word' id='word_1_110' title='bbox 267 1182 398 1235; x_wconf 88' lang='lat' dir='ltr'>gypti</span> <span class='ocrx_word' id='word_1_111' title='bbox 414 1180 434 1195; x_wconf 87' lang='lat'>‘’</span> <span class='ocrx_word' id='word_1_112' title='bbox 457 1179 735 1233; x_wconf 88' lang='lat' dir='ltr'>significetur</span> <span class='ocrx_word' id='word_1_113' title='bbox 760 1181 948 1234; x_wconf 90' lang='lat' dir='ltr'>irruptio</span> <span class='ocrx_word' id='word_1_114' title='bbox 973 1179 1071 1220; x_wconf 90' lang='lat' dir='ltr'>falsi</span> <span class='ocrx_word' id='word_1_115' title='bbox 1097 1186 1143 1221; x_wconf 91' lang='lat' dir='ltr'>et</span> <span class='ocrx_word' id='word_1_116' title='bbox 1171 1179 1276 1220; x_wconf 88' lang='lat' dir='ltr'>mali</span> <span class='ocrx_word' id='word_1_117' title='bbox 1302 1194 1326 1221; x_wconf 92' lang='lat' dir='ltr'>e</span> <span class='ocrx_word' id='word_1_118' title='bbox 1353 1179 1548 1221; x_wconf 88' lang='lat' dir='ltr'>sensuali</span> <span class='ocrx_word' id='word_1_119' title='bbox 1574 1179 1757 1221; x_wconf 89' lang='lat' dir='ltr'>homine</span> 
     </span>
     <span class='ocr_line' id='line_1_15' title="bbox 269 1242 1758 1294; baseline 0 -10"><span class='ocrx_word' id='word_1_120' title='bbox 269 1245 313 1285; x_wconf 90' lang='lat' dir='ltr'>in</span> <span class='ocrx_word' id='word_1_121' title='bbox 345 1243 624 1294; x_wconf 88' lang='lat' dir='ltr'>naturalem;</span> <span class='ocrx_word' id='word_1_122' title='bbox 668 1256 770 1284; x_wconf 92' lang='lat' dir='ltr'>cum</span> <span class='ocrx_word' id='word_1_123' title='bbox 802 1249 957 1284; x_wconf 90' lang='lat' dir='ltr'>tamen</span> <span class='ocrx_word' id='word_1_124' title='bbox 984 1242 1201 1284; x_wconf 91' lang='lat' dir='ltr'>naturalis</span> <span class='ocrx_word' id='word_1_125' title='bbox 1228 1242 1366 1284; x_wconf 90' lang='lat' dir='ltr'>homo</span> <span class='ocrx_word' id='word_1_126' title='bbox 1397 1249 1467 1284; x_wconf 90' lang='lat' dir='ltr'>est</span> <span class='ocrx_word' id='word_1_127' title='bbox 1499 1243 1686 1284; x_wconf 88' lang='lat' dir='ltr'>interior</span> <span class='ocrx_word' id='word_1_128' title='bbox 1710 1250 1758 1284; x_wconf 89' lang='lat' dir='ltr'>et</span> 
     </span>
     <span class='ocr_line' id='line_1_16' title="bbox 269 1305 1760 1359; baseline 0 -13"><span class='ocrx_word' id='word_1_129' title='bbox 269 1306 488 1347; x_wconf 89' lang='lat' dir='ltr'>sensualis</span> <span class='ocrx_word' id='word_1_130' title='bbox 511 1306 726 1355; x_wconf 86' lang='lat' dir='ltr'>exterior,</span> <span class='ocrx_word' id='word_1_131' title='bbox 747 1312 793 1347; x_wconf 88' lang='lat' dir='ltr'>et</span> <span class='ocrx_word' id='word_1_132' title='bbox 818 1319 908 1346; x_wconf 92' lang='lat' dir='ltr'>non</span> <span class='ocrx_word' id='word_1_133' title='bbox 932 1306 1065 1347; x_wconf 90' lang='lat' dir='ltr'>datur</span> <span class='ocrx_word' id='word_1_134' title='bbox 1082 1306 1269 1359; x_wconf 89' lang='lat' dir='ltr'>irruptio</span> <span class='ocrx_word' id='word_1_135' title='bbox 1287 1319 1365 1346; x_wconf 90' lang='lat' dir='ltr'>seu</span> <span class='ocrx_word' id='word_1_136' title='bbox 1387 1305 1580 1346; x_wconf 88' lang='lat' dir='ltr'>influxus</span> <span class='ocrx_word' id='word_1_137' title='bbox 1601 1306 1660 1347; x_wconf 91' lang='lat' dir='ltr'>ab</span> <span class='ocrx_word' id='word_1_138' title='bbox 1676 1320 1760 1347; x_wconf 89' lang='lat' dir='ltr'>ex-</span> 
     </span>
     <span class='ocr_line' id='line_1_17' title="bbox 267 1369 1759 1423; baseline 0 -14"><span class='ocrx_word' id='word_1_139' title='bbox 267 1369 433 1410; x_wconf 85' lang='lat' dir='ltr'>teriore</span> <span class='ocrx_word' id='word_1_140' title='bbox 456 1369 499 1409; x_wconf 93' lang='lat' dir='ltr'>in</span> <span class='ocrx_word' id='word_1_141' title='bbox 521 1369 796 1422; x_wconf 89' lang='lat' dir='ltr'>interiorem,</span> <span class='ocrx_word' id='word_1_142' title='bbox 821 1369 901 1410; x_wconf 91' lang='lat' dir='ltr'>sed</span> <span class='ocrx_word' id='word_1_143' title='bbox 924 1369 981 1410; x_wconf 88' lang='lat' dir='ltr'>ab</span> <span class='ocrx_word' id='word_1_144' title='bbox 999 1369 1199 1410; x_wconf 89' lang='lat' dir='ltr'>interiori</span> <span class='ocrx_word' id='word_1_145' title='bbox 1222 1369 1267 1409; x_wconf 90' lang='lat' dir='ltr'>in</span> <span class='ocrx_word' id='word_1_146' title='bbox 1289 1369 1590 1410; x_wconf 88' lang='lat' dir='ltr'>exteriorem:</span> <span class='ocrx_word' id='word_1_147' title='bbox 1623 1383 1759 1423; x_wconf 89' lang='lat' dir='ltr'>quare</span> 
     </span>
     <span class='ocr_line' id='line_1_18' title="bbox 268 1431 1760 1485; baseline 0 -13"><span class='ocrx_word' id='word_1_148' title='bbox 268 1432 500 1472; x_wconf 85' lang='lat' dir='ltr'>sciendum</span> <span class='ocrx_word' id='word_1_149' title='bbox 542 1432 661 1485; x_wconf 92' lang='lat' dir='ltr'>quod</span> <span class='ocrx_word' id='word_1_150' title='bbox 704 1446 782 1485; x_wconf 87' lang='lat' dir='ltr'>per</span> <span class='ocrx_word' id='word_1_151' title='bbox 823 1432 1117 1485; x_wconf 88' lang='lat' dir='ltr'>irruptionem</span> <span class='ocrx_word' id='word_1_152' title='bbox 1159 1446 1237 1472; x_wconf 89' lang='lat' dir='ltr'>seu</span> <span class='ocrx_word' id='word_1_153' title='bbox 1282 1431 1499 1472; x_wconf 89' lang='lat' dir='ltr'>influxum</span> <span class='ocrx_word' id='word_1_154' title='bbox 1540 1431 1760 1473; x_wconf 88' lang='lat' dir='ltr'>sensualis</span> 
     </span>
     <span class='ocr_line' id='line_1_19' title="bbox 268 1494 1759 1548; baseline 0 -13"><span class='ocrx_word' id='word_1_155' title='bbox 268 1494 462 1535; x_wconf 88' lang='lat' dir='ltr'>hominis</span> <span class='ocrx_word' id='word_1_156' title='bbox 494 1495 537 1535; x_wconf 92' lang='lat' dir='ltr'>in</span> <span class='ocrx_word' id='word_1_157' title='bbox 565 1495 820 1535; x_wconf 87' lang='lat' dir='ltr'>naturalem</span> <span class='ocrx_word' id='word_1_158' title='bbox 847 1494 1131 1548; x_wconf 88' lang='lat' dir='ltr'>intelligatur</span> <span class='ocrx_word' id='word_1_159' title='bbox 1156 1495 1405 1548; x_wconf 86' lang='lat' dir='ltr'>obstipatio</span> <span class='ocrx_word' id='word_1_160' title='bbox 1431 1494 1648 1535; x_wconf 87' lang='lat' dir='ltr'>naturalis</span> <span class='ocrx_word' id='word_1_161' title='bbox 1675 1494 1759 1535; x_wconf 96' lang='lat' dir='ltr'>ho-</span> 
     </span>
     <span class='ocr_line' id='line_1_20' title="bbox 269 1556 1760 1611; baseline 0 -13"><span class='ocrx_word' id='word_1_162' title='bbox 269 1558 399 1598; x_wconf 89' lang='lat' dir='ltr'>minis</span> <span class='ocrx_word' id='word_1_163' title='bbox 426 1572 564 1611; x_wconf 91' lang='lat' dir='ltr'>usque</span> <span class='ocrx_word' id='word_1_164' title='bbox 591 1564 639 1599; x_wconf 91' lang='lat' dir='ltr'>ut</span> <span class='ocrx_word' id='word_1_165' title='bbox 673 1557 828 1598; x_wconf 90' lang='lat' dir='ltr'>similis</span> <span class='ocrx_word' id='word_1_166' title='bbox 855 1558 912 1599; x_wconf 91' lang='lat' dir='ltr'>sit</span> <span class='ocrx_word' id='word_1_167' title='bbox 945 1557 1154 1607; x_wconf 87' lang='lat' dir='ltr'>sensuali,</span> <span class='ocrx_word' id='word_1_168' title='bbox 1183 1558 1300 1598; x_wconf 87' lang='lat' dir='ltr'>unde</span> <span class='ocrx_word' id='word_1_169' title='bbox 1332 1558 1543 1599; x_wconf 90' lang='lat' dir='ltr'>extensio</span> <span class='ocrx_word' id='word_1_170' title='bbox 1574 1556 1680 1598; x_wconf 90' lang='lat' dir='ltr'>mali</span> <span class='ocrx_word' id='word_1_171' title='bbox 1712 1563 1760 1598; x_wconf 89' lang='lat' dir='ltr'>et</span> 
     </span>
     <span class='ocr_line' id='line_1_21' title="bbox 269 1620 1758 1675; baseline 0 -14"><span class='ocrx_word' id='word_1_172' title='bbox 269 1620 368 1661; x_wconf 89' lang='lat' dir='ltr'>falsi</span> <span class='ocrx_word' id='word_1_173' title='bbox 405 1620 559 1674; x_wconf 87' lang='lat' dir='ltr'>major,</span> <span class='ocrx_word' id='word_1_174' title='bbox 593 1627 639 1662; x_wconf 91' lang='lat' dir='ltr'>et</span> <span class='ocrx_word' id='word_1_175' title='bbox 678 1627 867 1675; x_wconf 89' lang='lat' dir='ltr'>uterque</span> <span class='ocrx_word' id='word_1_176' title='bbox 905 1621 1111 1662; x_wconf 89' lang='lat' dir='ltr'>similiter</span> <span class='ocrx_word' id='word_1_177' title='bbox 1147 1634 1388 1674; x_wconf 88' lang='lat' dir='ltr'>corporeus</span> <span class='ocrx_word' id='word_1_178' title='bbox 1429 1627 1475 1662; x_wconf 90' lang='lat' dir='ltr'>et</span> <span class='ocrx_word' id='word_1_179' title='bbox 1517 1621 1758 1661; x_wconf 88' lang='lat' dir='ltr'>terrestris.</span> 
     </span>
     <span class='ocr_line' id='line_1_22' title="bbox 270 1683 1760 1738; baseline 0 -14"><span class='ocrx_word' id='word_1_180' title='bbox 270 1683 454 1738; x_wconf 89' lang='lat' dir='ltr'>Alioqui</span> <span class='ocrx_word' id='word_1_181' title='bbox 481 1684 614 1725; x_wconf 90' lang='lat' dir='ltr'>discit</span> <span class='ocrx_word' id='word_1_182' title='bbox 642 1683 780 1724; x_wconf 88' lang='lat' dir='ltr'>homo</span> <span class='ocrx_word' id='word_1_183' title='bbox 803 1684 860 1724; x_wconf 93' lang='lat' dir='ltr'>ab</span> <span class='ocrx_word' id='word_1_184' title='bbox 885 1684 1074 1725; x_wconf 84' lang='lat' dir='ltr'>infantia</span> <span class='ocrx_word' id='word_1_185' title='bbox 1100 1698 1308 1738; x_wconf 87' lang='lat' dir='ltr'>separare</span> <span class='ocrx_word' id='word_1_186' title='bbox 1333 1683 1588 1725; x_wconf 88' lang='lat' dir='ltr'>sensualem</span> <span class='ocrx_word' id='word_1_187' title='bbox 1613 1683 1760 1724; x_wconf 87' lang='lat' dir='ltr'>homi-</span> 
     </span>
     <span class='ocr_line' id='line_1_23' title="bbox 271 1746 1761 1800; baseline 0 -13"><span class='ocrx_word' id='word_1_188' title='bbox 271 1759 374 1788; x_wconf 90' lang='lat' dir='ltr'>nem</span> <span class='ocrx_word' id='word_1_189' title='bbox 400 1761 426 1787; x_wconf 88' lang='lat' dir='ltr'>a</span> <span class='ocrx_word' id='word_1_190' title='bbox 452 1747 645 1787; x_wconf 86' lang='lat' dir='ltr'>naturali</span> <span class='ocrx_word' id='word_1_191' title='bbox 673 1760 750 1800; x_wconf 88' lang='lat' dir='ltr'>per</span> <span class='ocrx_word' id='word_1_192' title='bbox 776 1746 898 1800; x_wconf 89' lang='lat' dir='ltr'>loqui</span> <span class='ocrx_word' id='word_1_193' title='bbox 928 1760 1083 1788; x_wconf 88' lang='lat' dir='ltr'>verum</span> <span class='ocrx_word' id='word_1_194' title='bbox 1115 1754 1161 1788; x_wconf 95' lang='lat' dir='ltr'>et</span> <span class='ocrx_word' id='word_1_195' title='bbox 1193 1747 1338 1788; x_wconf 82' lang='lat' dir='ltr'>facere</span> <span class='ocrx_word' id='word_1_196' title='bbox 1364 1747 1547 1795; x_wconf 92' lang='lat' dir='ltr'>bonum,</span> <span class='ocrx_word' id='word_1_197' title='bbox 1575 1747 1761 1788; x_wconf 87' lang='lat' dir='ltr'>tametsi</span> 
     </span>
     <span class='ocr_line' id='line_1_24' title="bbox 271 1808 1760 1863; baseline -0.001 -12"><span class='ocrx_word' id='word_1_198' title='bbox 271 1824 330 1851; x_wconf 88' lang='lat' dir='ltr'>ex</span> <span class='ocrx_word' id='word_1_199' title='bbox 357 1809 553 1851; x_wconf 87' lang='lat' dir='ltr'>sensuali</span> <span class='ocrx_word' id='word_1_200' title='bbox 579 1809 761 1850; x_wconf 89' lang='lat' dir='ltr'>homine</span> <span class='ocrx_word' id='word_1_201' title='bbox 788 1810 963 1863; x_wconf 85' lang='lat' dir='ltr'>cogitat</span> <span class='ocrx_word' id='word_1_202' title='bbox 990 1809 1151 1851; x_wconf 87' lang='lat' dir='ltr'>falsum</span> <span class='ocrx_word' id='word_1_203' title='bbox 1183 1817 1229 1851; x_wconf 88' lang='lat' dir='ltr'>et</span> <span class='ocrx_word' id='word_1_204' title='bbox 1260 1810 1358 1851; x_wconf 91' lang='lat' dir='ltr'>vult</span> <span class='ocrx_word' id='word_1_205' title='bbox 1384 1809 1567 1858; x_wconf 91' lang='lat' dir='ltr'>malum,</span> <span class='ocrx_word' id='word_1_206' title='bbox 1595 1815 1642 1850; x_wconf 90' lang='lat' dir='ltr'>et</span> <span class='ocrx_word' id='word_1_207' title='bbox 1673 1808 1760 1850; x_wconf 93' lang='lat' dir='ltr'>hoc</span> 
     </span>
     <span class='ocr_line' id='line_1_25' title="bbox 272 1872 1761 1927; baseline -0.001 -13"><span class='ocrx_word' id='word_1_208' title='bbox 272 1887 410 1927; x_wconf 88' lang='lat' dir='ltr'>usque</span> <span class='ocrx_word' id='word_1_209' title='bbox 437 1873 542 1913; x_wconf 90' lang='lat' dir='ltr'>dum</span> <span class='ocrx_word' id='word_1_210' title='bbox 570 1886 750 1926; x_wconf 88' lang='lat' dir='ltr'>prorsus</span> <span class='ocrx_word' id='word_1_211' title='bbox 775 1878 1055 1926; x_wconf 88' lang='lat' dir='ltr'>separantur,</span> <span class='ocrx_word' id='word_1_212' title='bbox 1083 1873 1202 1927; x_wconf 92' lang='lat' dir='ltr'>quod</span> <span class='ocrx_word' id='word_1_213' title='bbox 1234 1872 1283 1914; x_wconf 86' lang='lat' dir='ltr'>fit</span> <span class='ocrx_word' id='word_1_214' title='bbox 1315 1873 1497 1927; x_wconf 91' lang='lat' dir='ltr'>quando</span> <span class='ocrx_word' id='word_1_215' title='bbox 1522 1872 1660 1914; x_wconf 93' lang='lat' dir='ltr'>homo</span> <span class='ocrx_word' id='word_1_216' title='bbox 1690 1885 1761 1913; x_wconf 86' lang='lat' dir='ltr'>re-</span> 
     </span>
     <span class='ocr_line' id='line_1_26' title="bbox 270 1936 1761 1989; baseline 0 -13"><span class='ocrx_word' id='word_1_217' title='bbox 270 1936 488 1976; x_wconf 88' lang='lat' dir='ltr'>formatur</span> <span class='ocrx_word' id='word_1_218' title='bbox 514 1949 565 1976; x_wconf 88' lang='lat' dir='ltr'>ac</span> <span class='ocrx_word' id='word_1_219' title='bbox 593 1942 887 1988; x_wconf 84' lang='lat' dir='ltr'>regeneratur</span> <span class='ocrx_word' id='word_1_220' title='bbox 912 1949 938 1976; x_wconf 86' lang='lat' dir='ltr'>a</span> <span class='ocrx_word' id='word_1_221' title='bbox 970 1936 1195 1987; x_wconf 84' lang='lat' dir='ltr'>Domin03</span> <span class='ocrx_word' id='word_1_222' title='bbox 1234 1937 1269 1976; x_wconf 90' lang='lat' dir='ltr'>si</span> <span class='ocrx_word' id='word_1_223' title='bbox 1295 1950 1403 1977; x_wconf 90' lang='lat' dir='ltr'>vero</span> <span class='ocrx_word' id='word_1_224' title='bbox 1429 1949 1519 1976; x_wconf 90' lang='lat' dir='ltr'>non</span> <span class='ocrx_word' id='word_1_225' title='bbox 1546 1949 1761 1989; x_wconf 87' lang='lat' dir='ltr'>separan-</span> 
     </span>
     <span class='ocr_line' id='line_1_27' title="bbox 272 1997 1760 2052; baseline 0 -13"><span class='ocrx_word' id='word_1_226' title='bbox 272 2005 357 2047; x_wconf 91' lang='lat' dir='ltr'>tur,</span> <span class='ocrx_word' id='word_1_227' title='bbox 381 1998 519 2039; x_wconf 89' lang='lat' dir='ltr'>homo</span> <span class='ocrx_word' id='word_1_228' title='bbox 546 2011 635 2039; x_wconf 88' lang='lat' dir='ltr'>non</span> <span class='ocrx_word' id='word_1_229' title='bbox 659 2004 813 2052; x_wconf 88' lang='lat' dir='ltr'>potest</span> <span class='ocrx_word' id='word_1_230' title='bbox 836 1998 968 2039; x_wconf 87' lang='lat' dir='ltr'>aliter</span> <span class='ocrx_word' id='word_1_231' title='bbox 990 2012 1124 2052; x_wconf 90' lang='lat' dir='ltr'>quam</span> <span class='ocrx_word' id='word_1_232' title='bbox 1146 1999 1304 2039; x_wconf 89' lang='lat' dir='ltr'>insane</span> <span class='ocrx_word' id='word_1_233' title='bbox 1327 1999 1530 2051; x_wconf 87' lang='lat' dir='ltr'>cogitare</span> <span class='ocrx_word' id='word_1_234' title='bbox 1556 2004 1602 2039; x_wconf 91' lang='lat' dir='ltr'>et</span> <span class='ocrx_word' id='word_1_235' title='bbox 1625 1997 1760 2046; x_wconf 84' lang='lat' dir='ltr'>velle,</span> 
     </span>
     <span class='ocr_line' id='line_1_28' title="bbox 273 2059 1761 2114; baseline -0.001 -12"><span class='ocrx_word' id='word_1_236' title='bbox 273 2067 319 2102; x_wconf 89' lang='lat' dir='ltr'>et</span> <span class='ocrx_word' id='word_1_237' title='bbox 342 2062 446 2103; x_wconf 91' lang='lat' dir='ltr'>inde</span> <span class='ocrx_word' id='word_1_238' title='bbox 468 2062 624 2101; x_wconf 89' lang='lat' dir='ltr'>insane</span> <span class='ocrx_word' id='word_1_239' title='bbox 648 2059 804 2114; x_wconf 69' lang='lat' dir='ltr'>¹²³loqui</span> <span class='ocrx_word' id='word_1_240' title='bbox 827 2067 873 2102; x_wconf 90' lang='lat' dir='ltr'>et</span> <span class='ocrx_word' id='word_1_241' title='bbox 895 2061 1054 2102; x_wconf 87' lang='lat' dir='ltr'>facere.</span> <span class='ocrx_word' id='word_1_242' title='bbox 1116 2060 1342 2114; x_wconf 80' lang='lat' dir='ltr'>Quoniam</span> <span class='ocrx_word' id='word_1_243' title='bbox 1364 2075 1443 2114; x_wconf 91' lang='lat' dir='ltr'>per</span> <span class='ocrx_word' id='word_1_244' title='bbox 1467 2060 1761 2102; x_wconf 86' lang='lat' dir='ltr'>“locustam’&#39;</span> 
     </span>
     <span class='ocr_line' id='line_1_29' title="bbox 272 2123 1761 2178; baseline 0 -14"><span class='ocrx_word' id='word_1_245' title='bbox 272 2123 331 2164; x_wconf 91' lang='lat' dir='ltr'>ibi</span> <span class='ocrx_word' id='word_1_246' title='bbox 358 2123 636 2177; x_wconf 87' lang='lat' dir='ltr'>significatur</span> <span class='ocrx_word' id='word_1_247' title='bbox 658 2123 865 2165; x_wconf 90' lang='lat' dir='ltr'>sensuale</span> <span class='ocrx_word' id='word_1_248' title='bbox 891 2124 1039 2178; x_wconf 88' lang='lat' dir='ltr'>quoad</span> <span class='ocrx_word' id='word_1_249' title='bbox 1065 2123 1226 2165; x_wconf 88' lang='lat' dir='ltr'>falsum</span> <span class='ocrx_word' id='word_1_250' title='bbox 1252 2130 1298 2165; x_wconf 91' lang='lat' dir='ltr'>et</span> <span class='ocrx_word' id='word_1_251' title='bbox 1331 2123 1513 2172; x_wconf 89' lang='lat' dir='ltr'>malum,</span> <span class='ocrx_word' id='word_1_252' title='bbox 1537 2137 1614 2165; x_wconf 88' lang='lat' dir='ltr'>seu</span> <span class='ocrx_word' id='word_1_253' title='bbox 1640 2123 1761 2177; x_wconf 92' lang='lat' dir='ltr'>quod</span> 
     </span>
     <span class='ocr_line' id='line_1_30' title="bbox 273 2185 1763 2240; baseline -0.001 -13"><span class='ocrx_word' id='word_1_254' title='bbox 273 2187 406 2235; x_wconf 89' lang='lat' dir='ltr'>idem,</span> <span class='ocrx_word' id='word_1_255' title='bbox 434 2186 593 2227; x_wconf 88' lang='lat' dir='ltr'>falsum</span> <span class='ocrx_word' id='word_1_256' title='bbox 627 2193 672 2227; x_wconf 89' lang='lat' dir='ltr'>et</span> <span class='ocrx_word' id='word_1_257' title='bbox 705 2186 873 2227; x_wconf 91' lang='lat' dir='ltr'>malum</span> <span class='ocrx_word' id='word_1_258' title='bbox 900 2186 1119 2227; x_wconf 87' lang='lat' dir='ltr'>sensualis</span> <span class='ocrx_word' id='word_1_259' title='bbox 1145 2186 1353 2235; x_wconf 90' lang='lat' dir='ltr'>hominis,</span> <span class='ocrx_word' id='word_1_260' title='bbox 1380 2186 1483 2226; x_wconf 89' lang='lat' dir='ltr'>ideo</span> <span class='ocrx_word' id='word_1_261' title='bbox 1508 2185 1652 2227; x_wconf 89' lang='lat' dir='ltr'>simile</span> <span class='ocrx_word' id='word_1_262' title='bbox 1683 2199 1763 2240; x_wconf 89' lang='lat' dir='ltr'>per</span> 
     </span>
     <span class='ocr_line' id='line_1_31' title="bbox 275 2248 1664 2303; baseline -0.001 -13"><span class='ocrx_word' id='word_1_263' title='bbox 275 2249 537 2291; x_wconf 87' lang='lat' dir='ltr'>“locustam</span> <span class='ocrx_word' id='word_1_264' title='bbox 550 2249 569 2264; x_wconf 89' lang='lat'>”</span> <span class='ocrx_word' id='word_1_265' title='bbox 596 2256 642 2290; x_wconf 92' lang='lat' dir='ltr'>et</span> <span class='ocrx_word' id='word_1_266' title='bbox 673 2249 927 2290; x_wconf 90' lang='lat' dir='ltr'>“bruchum</span> <span class='ocrx_word' id='word_1_267' title='bbox 939 2249 959 2264; x_wconf 93' lang='lat'>&#39;&#39;</span> <span class='ocrx_word' id='word_1_268' title='bbox 985 2249 1264 2303; x_wconf 87' lang='lat' dir='ltr'>significatur</span> <span class='ocrx_word' id='word_1_269' title='bbox 1288 2249 1406 2303; x_wconf 90' lang='lat' dir='ltr'>apud</span> <span class='ocrx_word' id='word_1_270' title='bbox 1431 2248 1664 2298; x_wconf 86' lang='lat' dir='ltr'>Davidem,</span> 
     </span>
     <span class='ocr_line' id='line_1_32' title="bbox 340 2339 1763 2382; baseline 0.001 -10"><span class='ocrx_word' id='word_1_271' title='bbox 340 2339 470 2372; x_wconf 88' lang='lat' dir='ltr'>“Misit</span> <span class='ocrx_word' id='word_1_272' title='bbox 490 2340 525 2371; x_wconf 91' lang='lat' dir='ltr'>in</span> <span class='ocrx_word' id='word_1_273' title='bbox 550 2350 613 2372; x_wconf 91' lang='lat' dir='ltr'>eos</span> <span class='ocrx_word' id='word_1_274' title='bbox 638 2340 826 2371; x_wconf 90' lang='lat' dir='ltr'>colluviem</span> <span class='ocrx_word' id='word_1_275' title='bbox 847 2350 937 2382; x_wconf 87' lang='lat' dir='ltr'>quae</span> <span class='ocrx_word' id='word_1_276' title='bbox 956 2340 1178 2381; x_wconf 88' lang='lat' dir='ltr'>consumpsit</span> <span class='ocrx_word' id='word_1_277' title='bbox 1197 2350 1269 2378; x_wconf 90' lang='lat' dir='ltr'>eos,</span> <span class='ocrx_word' id='word_1_278' title='bbox 1290 2346 1325 2372; x_wconf 91' lang='lat' dir='ltr'>et</span> <span class='ocrx_word' id='word_1_279' title='bbox 1348 2350 1473 2372; x_wconf 88' lang='lat' dir='ltr'>ranam</span> <span class='ocrx_word' id='word_1_280' title='bbox 1492 2350 1583 2381; x_wconf 91' lang='lat' dir='ltr'>quae</span> <span class='ocrx_word' id='word_1_281' title='bbox 1607 2341 1763 2381; x_wconf 89' lang='lat' dir='ltr'>perdidit</span> 
     </span>
    </p>
   </div>
   <div class='ocr_carea' id='block_1_3' title="bbox 447 2383 1762 2468">
    <p class='ocr_par' dir='ltr' id='par_1_3' title="bbox 447 2383 1762 2468">
     <span class='ocr_line' id='line_1_33' title="bbox 447 2383 1762 2468; baseline 0.002 -54"><span class='ocrx_word' id='word_1_282' title='bbox 447 2394 521 2467; x_wconf 48' lang='grc' dir='ltr'>«ἷξε,</span> <span class='ocrx_word' id='word_1_283' title='bbox 533 2390 568 2458; x_wconf 54' lang='lat' dir='ltr'>ft</span> <span class='ocrx_word' id='word_1_284' title='bbox 582 2384 678 2434; x_wconf 68' lang='lat' dir='ltr'>dedit</span> <span class='ocrx_word' id='word_1_285' title='bbox 692 2385 825 2468; x_wconf 48' lang='lat' dir='ltr'>brucgo</span> <span class='ocrx_word' id='word_1_286' title='bbox 838 2390 1051 2425; x_wconf 82' lang='lat' dir='ltr'>proventum</span> <span class='ocrx_word' id='word_1_287' title='bbox 1064 2394 1199 2423; x_wconf 89' lang='lat' dir='ltr'>eorum,</span> <span class='ocrx_word' id='word_1_288' title='bbox 1213 2392 1249 2416; x_wconf 89' lang='lat' dir='ltr'>et</span> <span class='ocrx_word' id='word_1_289' title='bbox 1265 2384 1425 2416; x_wconf 81' lang='lat' dir='ltr'>laborem</span> <span class='ocrx_word' id='word_1_290' title='bbox 1439 2394 1565 2416; x_wconf 89' lang='lat' dir='ltr'>eorum</span> <span class='ocrx_word' id='word_1_291' title='bbox 1579 2383 1762 2416; x_wconf 85' lang='lat' dir='ltr'>locustae’&#39;</span> 
     </span>
     <span class='ocr_line' id='line_1_34' title="bbox 493 2435 826 2466; baseline 0 -8"><span class='ocrx_word' id='word_1_292' title='bbox 493 2437 524 2460; x_wconf 89' lang='lat' dir='ltr'>s.</span> <span class='ocrx_word' id='word_1_293' title='bbox 549 2437 668 2459; x_wconf 80' lang='lat' dir='ltr'>xxviii.</span> <span class='ocrx_word' id='word_1_294' title='bbox 683 2435 735 2466; x_wconf 85' lang='lat'>45,</span> <span class='ocrx_word' id='word_1_295' title='bbox 749 2437 770 2466; x_wconf 85' lang='lat'><strong>4</strong></span> <span class='ocrx_word' id='word_1_296' title='bbox 820 2437 826 2466; x_wconf 84' lang='lat'>;</span> 
     </span>
    </p>
   </div>
   <div class='ocr_carea' id='block_1_4' title="bbox 275 2503 701 2557">
    <p class='ocr_par' dir='ltr' id='par_1_4' title="bbox 275 2503 701 2557">
     <span class='ocr_line' id='line_1_35' title="bbox 275 2503 701 2557; baseline -0.007 -11"><span class='ocrx_word' id='word_1_297' title='bbox 275 2510 322 2546; x_wconf 89' lang='lat' dir='ltr'>et</span> <span class='ocrx_word' id='word_1_298' title='bbox 348 2504 467 2557; x_wconf 89' lang='lat' dir='ltr'>apud</span> <span class='ocrx_word' id='word_1_299' title='bbox 494 2503 701 2552; x_wconf 89' lang='lat' dir='ltr'>eundem,</span> 
     </span>
    </p>
   </div>
   <div class='ocr_carea' id='block_1_5' title="bbox 341 2576 1763 2660">
    <p class='ocr_par' dir='ltr' id='par_1_5' title="bbox 341 2576 1763 2660">
     <span class='ocr_line' id='line_1_36' title="bbox 341 2576 1763 2619; baseline 0.001 -11"><span class='ocrx_word' id='word_1_300' title='bbox 341 2578 359 2591; x_wconf 90' lang='lat'>“</span> <span class='ocrx_word' id='word_1_301' title='bbox 371 2576 470 2609; x_wconf 85' lang='lat' dir='ltr'>Dixit</span> <span class='ocrx_word' id='word_1_302' title='bbox 486 2582 525 2608; x_wconf 91' lang='lat' dir='ltr'>ut</span> <span class='ocrx_word' id='word_1_303' title='bbox 542 2577 679 2608; x_wconf 89' lang='lat' dir='ltr'>veniret</span> <span class='ocrx_word' id='word_1_304' title='bbox 695 2577 835 2609; x_wconf 85' lang='lat' dir='ltr'>locusta</span> <span class='ocrx_word' id='word_1_305' title='bbox 852 2583 886 2609; x_wconf 91' lang='lat' dir='ltr'>et</span> <span class='ocrx_word' id='word_1_306' title='bbox 905 2578 1069 2616; x_wconf 87' lang='lat' dir='ltr'>bruchus,</span> <span class='ocrx_word' id='word_1_307' title='bbox 1088 2583 1123 2610; x_wconf 86' lang='lat' dir='ltr'>et</span> <span class='ocrx_word' id='word_1_308' title='bbox 1142 2587 1215 2609; x_wconf 86' lang='lat' dir='ltr'>non</span> <span class='ocrx_word' id='word_1_309' title='bbox 1235 2587 1416 2616; x_wconf 86' lang='lat' dir='ltr'>numerus,</span> <span class='ocrx_word' id='word_1_310' title='bbox 1434 2578 1493 2619; x_wconf 92' lang='lat' dir='ltr'>qui</span> <span class='ocrx_word' id='word_1_311' title='bbox 1513 2578 1668 2610; x_wconf 86' lang='lat' dir='ltr'>comedit</span> <span class='ocrx_word' id='word_1_312' title='bbox 1688 2588 1763 2610; x_wconf 91' lang='lat' dir='ltr'>om-</span> 
     </span>
     <span class='ocr_line' id='line_1_37' title="bbox 449 2620 1762 2660; baseline 0.002 -9"><span class='ocrx_word' id='word_1_313' title='bbox 449 2630 530 2652; x_wconf 86' lang='lat' dir='ltr'>nem</span> <span class='ocrx_word' id='word_1_314' title='bbox 555 2621 703 2652; x_wconf 89' lang='lat' dir='ltr'>herbam</span> <span class='ocrx_word' id='word_1_315' title='bbox 730 2621 766 2652; x_wconf 89' lang='lat' dir='ltr'>in</span> <span class='ocrx_word' id='word_1_316' title='bbox 791 2627 886 2653; x_wconf 89' lang='lat' dir='ltr'>terra</span> <span class='ocrx_word' id='word_1_317' title='bbox 904 2631 1038 2660; x_wconf 89' lang='lat' dir='ltr'>eorum,</span> <span class='ocrx_word' id='word_1_318' title='bbox 1059 2628 1094 2653; x_wconf 89' lang='lat' dir='ltr'>et</span> <span class='ocrx_word' id='word_1_319' title='bbox 1118 2622 1273 2653; x_wconf 88' lang='lat' dir='ltr'>comedit</span> <span class='ocrx_word' id='word_1_320' title='bbox 1291 2620 1446 2654; x_wconf 65' lang='lat' dir='ltr'>fructum</span> <span class='ocrx_word' id='word_1_321' title='bbox 1467 2628 1583 2654; x_wconf 87' lang='lat' dir='ltr'>terrae</span> <span class='ocrx_word' id='word_1_322' title='bbox 1606 2621 1762 2654; x_wconf 87' lang='lat' dir='ltr'>eorum”</span> 
     </span>
    </p>
   </div>
   <div class='ocr_carea' id='block_1_6' title="bbox 449 2663 744 2704">
    <p class='ocr_par' dir='ltr' id='par_1_6' title="bbox 449 2663 744 2704">
     <span class='ocr_line' id='line_1_38' title="bbox 449 2663 744 2704; baseline -0.003 0"><span class='ocrx_word' id='word_1_323' title='bbox 449 2663 520 2704; x_wconf 83' lang='lat' dir='ltr'>(Ps·</span> <span class='ocrx_word' id='word_1_324' title='bbox 535 2674 586 2696; x_wconf 85' lang='lat' dir='ltr'>cv.</span> <span class='ocrx_word' id='word_1_325' title='bbox 603 2672 653 2703; x_wconf 83' lang='lat'>34,</span> <span class='ocrx_word' id='word_1_326' title='bbox 670 2665 723 2704; x_wconf 87' lang='lat'>35)</span> <span class='ocrx_word' id='word_1_327' title='bbox 738 2674 744 2702; x_wconf 85' lang='lat'>;</span> 
     </span>
    </p>
   </div>
   <div class='ocr_carea' id='block_1_7' title="bbox 275 2745 1763 2990">
    <p class='ocr_par' dir='ltr' id='par_1_7' title="bbox 275 2745 1763 2990">
     <span class='ocr_line' id='line_1_39' title="bbox 275 2745 1762 2800; baseline 0 -12"><span class='ocrx_word' id='word_1_328' title='bbox 275 2746 356 2788; x_wconf 89' lang='lat' dir='ltr'>sed</span> <span class='ocrx_word' id='word_1_329' title='bbox 387 2745 458 2787; x_wconf 87' lang='lat' dir='ltr'>hic</span> <span class='ocrx_word' id='word_1_330' title='bbox 491 2760 570 2800; x_wconf 89' lang='lat' dir='ltr'>per</span> <span class='ocrx_word' id='word_1_331' title='bbox 598 2745 894 2787; x_wconf 87' lang='lat' dir='ltr'>“locustam&#39;&#39;</span> <span class='ocrx_word' id='word_1_332' title='bbox 926 2746 1204 2800; x_wconf 90' lang='lat' dir='ltr'>significatur</span> <span class='ocrx_word' id='word_1_333' title='bbox 1234 2746 1395 2788; x_wconf 85' lang='lat' dir='ltr'>falsum</span> <span class='ocrx_word' id='word_1_334' title='bbox 1427 2746 1646 2788; x_wconf 88' lang='lat' dir='ltr'>sensualis</span> <span class='ocrx_word' id='word_1_335' title='bbox 1677 2747 1762 2789; x_wconf 88' lang='lat' dir='ltr'>ho-</span> 
     </span>
     <span class='ocr_line' id='line_1_40' title="bbox 275 2809 1761 2863; baseline 0.001 -14"><span class='ocrx_word' id='word_1_336' title='bbox 275 2809 420 2858; x_wconf 91' lang='lat' dir='ltr'>minis,</span> <span class='ocrx_word' id='word_1_337' title='bbox 445 2814 491 2850; x_wconf 90' lang='lat' dir='ltr'>et</span> <span class='ocrx_word' id='word_1_338' title='bbox 514 2822 592 2862; x_wconf 90' lang='lat' dir='ltr'>per</span> <span class='ocrx_word' id='word_1_339' title='bbox 612 2809 900 2850; x_wconf 88' lang='lat' dir='ltr'>“bruchum’&#39;</span> <span class='ocrx_word' id='word_1_340' title='bbox 919 2810 1087 2850; x_wconf 91' lang='lat' dir='ltr'>malum</span> <span class='ocrx_word' id='word_1_341' title='bbox 1109 2809 1216 2863; x_wconf 89' lang='lat' dir='ltr'>ejus,</span> <span class='ocrx_word' id='word_1_342' title='bbox 1241 2823 1319 2851; x_wconf 92' lang='lat' dir='ltr'>seu</span> <span class='ocrx_word' id='word_1_343' title='bbox 1340 2809 1501 2851; x_wconf 87' lang='lat' dir='ltr'>falsum</span> <span class='ocrx_word' id='word_1_344' title='bbox 1523 2816 1570 2851; x_wconf 86' lang='lat' dir='ltr'>et</span> <span class='ocrx_word' id='word_1_345' title='bbox 1593 2809 1761 2851; x_wconf 86' lang='lat' dir='ltr'>malum</span> 
     </span>
     <span class='ocr_line' id='line_1_41' title="bbox 275 2871 1763 2927; baseline 0.001 -15"><span class='ocrx_word' id='word_1_346' title='bbox 275 2873 319 2913; x_wconf 90' lang='lat' dir='ltr'>in</span> <span class='ocrx_word' id='word_1_347' title='bbox 352 2871 546 2912; x_wconf 90' lang='lat' dir='ltr'>sensuali</span> <span class='ocrx_word' id='word_1_348' title='bbox 578 2871 760 2912; x_wconf 89' lang='lat' dir='ltr'>homine</span> <span class='ocrx_word' id='word_1_349' title='bbox 792 2879 838 2913; x_wconf 91' lang='lat' dir='ltr'>et</span> <span class='ocrx_word' id='word_1_350' title='bbox 870 2887 930 2914; x_wconf 88' lang='lat' dir='ltr'>ex</span> <span class='ocrx_word' id='word_1_351' title='bbox 962 2872 1067 2924; x_wconf 74' lang='lat' dir='ltr'>illo,</span> <span class='ocrx_word' id='word_1_352' title='bbox 1105 2873 1225 2927; x_wconf 91' lang='lat' dir='ltr'>quod</span> <span class='ocrx_word' id='word_1_353' title='bbox 1255 2872 1341 2914; x_wconf 93' lang='lat' dir='ltr'>hoc</span> <span class='ocrx_word' id='word_1_354' title='bbox 1375 2872 1652 2926; x_wconf 88' lang='lat' dir='ltr'>significetur</span> <span class='ocrx_word' id='word_1_355' title='bbox 1682 2887 1763 2927; x_wconf 88' lang='lat' dir='ltr'>per</span> 
     </span>
     <span class='ocr_line' id='line_1_42' title="bbox 279 2934 1759 2990; baseline 0.001 -15"><span class='ocrx_word' id='word_1_356' title='bbox 279 2934 534 2975; x_wconf 88' lang='lat' dir='ltr'>“bruchum</span> <span class='ocrx_word' id='word_1_357' title='bbox 547 2934 566 2949; x_wconf 90' lang='lat'>’&#39;</span> <span class='ocrx_word' id='word_1_358' title='bbox 584 2940 629 2975; x_wconf 86' lang='lat' dir='ltr'>et</span> <span class='ocrx_word' id='word_1_359' title='bbox 649 2934 757 2975; x_wconf 89' lang='lat' dir='ltr'>illud</span> <span class='ocrx_word' id='word_1_360' title='bbox 781 2948 858 2988; x_wconf 83' lang='lat' dir='ltr'>per</span> <span class='ocrx_word' id='word_1_361' title='bbox 879 2939 902 2955; x_wconf 84' lang='lat'>‘⁴</span> <span class='ocrx_word' id='word_1_362' title='bbox 917 2934 1180 2986; x_wconf 85' lang='lat' dir='ltr'>locustam,‘’</span> <span class='ocrx_word' id='word_1_363' title='bbox 1198 2942 1268 2978; x_wconf 91' lang='lat' dir='ltr'>est</span> <span class='ocrx_word' id='word_1_364' title='bbox 1286 2936 1388 2990; x_wconf 87' lang='lat' dir='ltr'>quia</span> <span class='ocrx_word' id='word_1_365' title='bbox 1405 2935 1599 2980; x_wconf 86' lang='lat' dir='ltr'>bruchus</span> <span class='ocrx_word' id='word_1_366' title='bbox 1621 2937 1759 2978; x_wconf 88' lang='lat' dir='ltr'>etiam</span> 
     </span>
    </p>
   </div>
  </div>
 </body>
</html>
