1962 3334
263 280 371 325 1530
672 280 1006 316 APOCALYPSIS
1038 284 1338 318 EXPLICATA.

253 393 449 446 johanni
471 394 651 448 quando
675 396 757 436 “in
783 396 972 449 spiritu''
993 397 1086 447 fuit,
1111 404 1230 440 stare
1253 413 1386 452 super
1412 399 1520 440 mari
1547 406 1593 441 et
1619 414 1751 454 super

256 464 402 508 terra;
435 464 481 498 et
507 458 627 511 quod
654 459 832 500 videtur
857 460 899 500 in
927 461 1097 513 spiritu,
1122 461 1207 502 hoc
1235 476 1325 503 non
1349 462 1525 503 videtur
1550 464 1593 503 in
1621 476 1749 504 mun-

256 520 314 560 do
347 521 554 570 naturali,
588 522 667 562 sed
700 523 744 562 in
781 523 950 564 mundo
982 524 1224 576 spirituali;
1267 526 1339 565 ubi
1376 527 1527 575 etiam,
1561 533 1610 567 ut
1640 540 1748 567 mox

255 597 388 636 supra
415 582 582 624 di&um
616 591 700 633 est,
730 593 834 626 sunt
861 593 1007 627 terrae
1040 594 1085 628 et
1118 589 1271 637 maria,
1299 595 1345 629 et
1377 589 1436 628 ibi
1468 596 1572 630 sunt
1599 590 1750 643 angeli

255 654 300 687 et
333 647 525 699 spiritus.
588 647 677 688 Sed
710 648 766 688 de
798 651 1062 702 apparentia
1090 652 1275 691 marium
1308 652 1351 691 in
1383 651 1461 692 illo
1493 652 1675 702 mundo,
1703 659 1749 694 et

257 709 313 748 de
339 708 428 748 illis
454 710 528 762 qui
554 710 663 749 inibi
689 716 810 759 sunt,
838 711 1048 752 videatur
1070 726 1204 765 supra
1231 723 1275 761 (n.
1295 724 1405 764 342).

337 772 472 813 610.
510 772 654 817 “Quod
679 776 835 825 tempus
863 786 941 813 non
971 775 1052 814 erit
1079 775 1485 828 amplius.'¹—Quod
1526 775 1750 829 significet

254 833 375 885 quod
402 847 485 873 non
519 833 705 874 ulterius
739 835 981 876 z'ntellec‘Zus
1022 836 1183 876 Divinz'
1221 836 1336 884 Veri,
1371 843 1413 876 et
1451 836 1551 877 inde
1587 837 1750 891 aliquis

254 903 400 937 status
426 897 636 946 ecclesiae,
664 905 847 939 constat
873 912 933 938 ex
961 898 1289 951 significatione
1309 903 1334 919 “
1352 899 1607 952 temporis,”
1629 900 1750 954 quod

254 961 324 1000 hic
362 961 420 1001 sit
458 967 604 1001 status
641 961 833 1001 hominis
872 963 1020 1015 quoad
1057 961 1341 1003 intelleotum
1374 963 1530 1011 Verbi,
1563 970 1609 1004 et
1645 964 1750 1004 inde

254 1029 400 1064 status
425 1023 658 1072 ecclesiae,
685 1024 787 1077 quia
813 1024 868 1064 de
901 1025 985 1065 hoc
1019 1032 1064 1065 et
1092 1026 1147 1066 de
1179 1026 1256 1067 illo
1282 1027 1325 1066 in
1358 1026 1443 1067 hoc
1476 1027 1624 1079 capite
1650 1027 1746 1079 agi-

254 1093 338 1127 tur.
397 1085 532 1139 Quod
560 1091 780 1139 “tempus
796 1087 815 1101 ”
841 1087 1064 1140 significet
1097 1095 1282 1138 statum,
1310 1096 1379 1130 est
1412 1089 1514 1142 quia
1545 1096 1752 1142 tempora

254 1150 298 1189 in
340 1150 508 1190 mundo
549 1150 768 1203 spirituali
810 1164 900 1190 non
941 1151 1072 1191 aliter
1112 1152 1472 1192 determinantur
1508 1159 1554 1193 et
1591 1153 1750 1193 distin-

254 1219 451 1265 guuntur
482 1226 615 1266 quam
649 1227 727 1266 per
758 1220 904 1254 status
931 1214 1051 1254 vitae
1084 1214 1377 1267 particulares
1405 1222 1450 1256 et
1477 1229 1750 1256 communes.

255 1276 402 1317 Causa
428 1283 512 1325 est,
541 1277 642 1329 quia
669 1275 746 1317 Sol
773 1277 818 1316 in
850 1277 928 1317 illo
954 1278 1136 1326 mundo,
1165 1279 1237 1331 qui
1270 1286 1339 1319 est
1373 1278 1607 1326 Dominus,
1641 1292 1750 1319 con-

255 1346 381 1380 stans
412 1345 459 1379 et
491 1346 638 1379 status
670 1346 740 1380 est
772 1340 815 1379 in
849 1339 949 1380 loco
982 1341 1143 1380 eodem
1175 1341 1302 1389 caeli,
1331 1342 1403 1394 qui
1436 1341 1560 1382 locus
1592 1342 1649 1382 ibi
1681 1348 1750 1382 θεῖ

256 1403 417 1450 oriens,
434 1415 514 1442 nec
535 1403 842 1443 circumfertur
859 1404 973 1444 sicut
993 1403 1059 1443 sol
1078 1405 1121 1444 in
1141 1404 1309 1445 mundo
1328 1404 1518 1444 naturali
1536 1411 1748 1457 apparet:

254 1479 332 1519 per
358 1465 744 1506 circumlationem
771 1473 1068 1518 apparentem
1100 1466 1227 1519 hujus
1254 1467 1360 1507 solis
1392 1468 1752 1508 determinantur

255 1536 300 1570 et
333 1530 394 1569 sic
428 1530 633 1570 existunt
661 1536 869 1582 tempora
901 1531 944 1570 in
978 1531 1204 1570 communi
1237 1538 1282 1570 et
1315 1531 1358 1570 in
1391 1530 1674 1583 particulari;
1707 1532 1750 1571 in

255 1594 481 1635 communi
514 1607 670 1642 annus,
704 1601 750 1634 et
787 1593 879 1646 ejus
910 1601 1102 1647 quatuor
1133 1601 1353 1647 tempora,
1387 1608 1500 1647 quae
1532 1601 1752 1635 vocantur

253 1671 344 1706 ver,
380 1664 544 1706 aestas,
587 1664 827 1698 autumnus
864 1664 910 1698 et
949 1658 1119 1707 hiems;
1164 1658 1275 1698 haec
1314 1663 1507 1710 quatuor
1544 1664 1752 1710 tempora

255 1721 360 1761 anni
392 1722 529 1761 etiam
562 1727 666 1761 sunt
699 1727 891 1774 quatuor
922 1727 1068 1773 status
1102 1720 1194 1773 ejus
1227 1720 1469 1769 naturales,
1503 1721 1576 1774 qui
1613 1721 1750 1761 etiam

255 1785 613 1837 correspondent
649 1784 842 1825 totidem
881 1785 1074 1824 statibus
1112 1784 1154 1823 in
1197 1784 1365 1824 mundo
1406 1783 1639 1836 spirituali,
1678 1784 1751 1837 qui

255 1854 358 1888 sunt
382 1854 528 1888 status
552 1847 643 1899 ejus
671 1860 934 1888 communes
957 1846 1238 1900 spirituales:
1273 1848 1315 1887 in
1340 1846 1610 1899 particulari,
1634 1847 1751 1887 intra

255 1923 517 1951 communes
553 1910 668 1957 illos,
707 1917 811 1951 sunt
848 1911 891 1950 in
928 1910 1096 1950 mundo
1134 1910 1326 1950 naturali
1364 1910 1666 1950 determinata
1702 1915 1750 1950 et

255 1979 377 2014 stata
399 1980 619 2026 tempora,
640 1987 752 2026 quae
771 1979 991 2014 vocantur
1014 1986 1191 2013 menses
1213 1979 1259 2013 et
1283 1973 1578 2024 septimanae,
1598 1972 1749 2024 impri-

254 2037 337 2077 mis
363 2043 515 2077 autem
543 2037 652 2085 dies,
684 2037 757 2089 qui
788 2037 1125 2088 distinguuntur
1150 2037 1193 2076 in
1227 2043 1418 2089 quatuor
1444 2042 1591 2076 status
1618 2042 1749 2076 natu-

254 2100 384 2149 rales,
405 2114 517 2154 quae
536 2106 757 2140 vocantur
774 2113 920 2147 mane,
937 2099 1158 2148 meridies,
1174 2113 1363 2152 vespera
1381 2106 1426 2140 et
1445 2113 1536 2140 nox
1556 2113 1564 2149 ;
1592 2100 1749 2153 quibus

255 2165 391 2205 etiam
425 2164 784 2216 correspondent
820 2170 1012 2216 quatuor
1044 2170 1190 2203 status
1228 2164 1271 2203 in
1313 2163 1481 2203 mundo
1518 2162 1748 2215 spirituali.

255 2227 307 2268 In
339 2227 424 2267 hoc
458 2227 639 2275 mundo,
668 2227 783 2280 quia,
812 2233 860 2267 ut
892 2225 1060 2267 dictum
1088 2232 1171 2275 est,
1200 2225 1277 2266 Sol
1311 2239 1398 2266 non
1427 2225 1747 2274 circumfertur,

254 2290 334 2331 sed
372 2296 524 2330 manet
563 2298 778 2331 constans
815 2296 860 2330 et
901 2296 1047 2330 status
1087 2290 1131 2329 in
1172 2303 1251 2329 suo
1293 2290 1482 2337 oriente,
1517 2288 1619 2328 ideo
1658 2301 1748 2328 non

255 2355 419 2394 dantur
459 2354 578 2401 anni,
622 2367 703 2394 nec
750 2367 928 2394 menses
967 2359 1013 2393 et
1054 2353 1348 2406 septimanae,
1382 2365 1526 2405 neque
1569 2351 1665 2392 dies
1703 2358 1749 2392 et

253 2418 416 2467 horae3
451 2417 637 2469 proinde
670 2430 751 2456 nec
785 2415 959 2469 aliquae
987 2416 1390 2456 determinationes
1422 2429 1501 2468 per
1526 2421 1747 2468 tempora,

255 2481 333 2521 sed
367 2480 511 2520 solum
545 2479 947 2520 determinationes
981 2492 1058 2531 per
1085 2485 1230 2519 status
1257 2479 1375 2518 vitae
1409 2491 1671 2518 communes
1703 2485 1749 2518 et

254 2542 573 2596 particulares:
612 2543 714 2583 inde
748 2550 816 2583 est
843 2543 963 2596 quod
995 2543 1053 2582 ibi
1085 2543 1291 2594 ignotum
1318 2542 1374 2582 sit
1408 2542 1511 2594 quid
1544 2548 1748 2594 tempus;

255 2606 334 2647 sed
354 2612 510 2647 notum
531 2606 634 2659 quid
655 2612 801 2646 status
820 2620 828 2655 ;
862 2606 1181 2646 determinatio
1199 2605 1316 2645 enirn
1335 2605 1396 2645 rei
1419 2605 1497 2645 dat
1516 2605 1747 2645 notionem

255 2669 360 2722 ejus,
394 2676 440 2709 et
478 2683 547 2709 res
580 2670 825 2709 secundum
858 2669 1091 2709 notionem
1125 2668 1392 2708 nominatur.
1471 2667 1598 2708 Haec
1632 2681 1748 2707 nunc

255 2746 389 2773 causa
412 2738 481 2772 est
508 2732 627 2784 quod
651 2739 870 2784 tempora,
895 2732 1078 2773 tametsi
1106 2731 1149 2771 in
1173 2731 1341 2771 mundo
1364 2731 1581 2783 spirituali
1607 2744 1748 2784 aeque

254 2795 503 2836 succedunt
543 2796 657 2836 sicut
698 2796 741 2835 in
784 2796 951 2835 mundo
992 2794 1198 2842 naturali,
1241 2808 1378 2847 usque
1421 2807 1509 2834 non
1551 2794 1749 2834 sciantur

255 2858 360 2912 quid
386 2865 504 2907 sunt,
533 2858 612 2898 sed
640 2858 759 2911 quod
787 2858 888 2898 loco
915 2871 1068 2898 eorum
1095 2858 1184 2898 sint
1216 2863 1362 2897 status
1396 2863 1441 2898 θῖ
1474 2870 1627 2897 eorum
1654 2869 1748 2896 mu-

255 2922 476 2963 tationes:
516 2921 619 2962 inde
645 2922 780 2962 etiam
808 2927 877 2962 est
903 2921 1024 2975 quod
1051 2925 1076 2941 ⁴‘
1093 2919 1336 2973 tempora‚”
1363 2921 1434 2960 ubi
1461 2920 1748 2960 nominantur
