1962 3334
278 286 382 341 1562
687 293 1020 327 APOCALYPSIS
1052 293 1353 326 EXPLICATA.

272 414 358 458 est,
392 407 456 449 ita
484 407 745 461 jucundum,
779 412 876 448 erat
910 407 1012 461 quia
1048 406 1140 448 tale
1174 413 1243 448 est
1279 413 1328 448 ut
1362 406 1576 460 applicari
1610 415 1766 462 posset

272 472 522 524 cuicunque
558 470 715 519 amori,
754 476 800 511 et
841 470 1090 523 cuicunque
1131 470 1348 523 principio
1389 470 1492 511 inde
1530 477 1680 524 capto,
1720 478 1766 512 et

271 533 384 574 haec
418 547 496 587 per
522 533 565 573 id
598 532 865 573 confirmari.
928 531 1062 585 Quod
1095 539 1337 573 externum
1364 532 1519 581 Verbi,
1549 534 1668 586 quod
1695 540 1765 574 est

271 610 429 636 sensus
457 596 637 636 litterae
665 595 771 648 ejus,
800 595 893 636 tale
926 596 998 643 sit,
1027 602 1096 636 est
1129 596 1231 649 quia
1264 595 1407 635 multa
1433 596 1491 636 ibi
1519 597 1765 637 secundum

271 659 562 712 apparentias
590 671 742 699 coram
771 658 964 699 naturali
996 658 1179 699 homine
1207 659 1375 711 scripta
1407 665 1537 709 sunt;
1576 665 1622 699 et
1650 659 1764 700 mul-

272 729 347 762 tae
379 722 686 775 apparentiae,
721 722 756 761 si
794 735 883 761 non
920 722 1106 762 interius
1138 718 1466 774 intelliguntur,
1501 728 1605 762 sunt
1637 722 1764 763 salla-

272 785 382 833 ciae,
403 784 559 838 quales
582 790 686 825 sunt
709 784 915 825 fallaciae
933 797 1144 824 sensuum
1164 799 1171 834 ;
1206 784 1308 824 ideo
1326 784 1383 824 ab
1405 783 1491 824 illis
1514 785 1587 837 qui
1609 791 1765 826 amant

271 848 421 888 vivere
448 847 624 900 corpori
656 853 702 887 et
736 847 919 895 mundo,
948 846 1142 887 trahitur
1169 847 1212 886 id
1245 860 1323 899 per
1349 847 1638 899 apparentias
1665 847 1765 888 illas

272 911 328 950 ad
361 909 671 951 confirmanda
703 909 823 950 mala
854 911 976 950 vitae
1009 916 1055 950 et
1087 909 1198 949 falsa
1232 909 1359 959 fidei;
1398 910 1517 963 quod
1549 911 1765 964 imprimis

271 971 438 1013 factum
476 979 546 1013 est
583 986 609 1012 a
646 972 745 1012 filiis
775 973 947 1025 Jacobi,
981 973 1053 1025 qui
1091 973 1243 1012 omnia
1274 971 1414 1012 Verbi
1451 972 1764 1026 applicuerunt

272 1035 328 1075 ad
356 1049 417 1083 se,
446 1041 492 1076 et
521 1049 579 1075 ex
607 1049 740 1076 sensu
767 1035 948 1076 litterae
980 1035 1104 1075 illam
1131 1034 1264 1075 fidem
1293 1041 1550 1084 tenuerunt,
1581 1042 1627 1077 et
1653 1050 1764 1090 quo-

271 1112 357 1151 que
389 1098 524 1138 hodie
557 1099 770 1147 retinent,
804 1098 925 1151 quod
962 1097 1024 1138 illi
1062 1112 1168 1151 prae
1207 1098 1303 1138 aliis
1340 1096 1472 1138 electi
1509 1098 1684 1146 suerint,
1719 1106 1765 1140 et

271 1161 376 1201 inde
399 1161 519 1214 quod
546 1174 660 1214 gens
687 1159 844 1201 sancta
869 1161 1059 1211 suerint;
1098 1161 1218 1214 quod
1246 1174 1400 1201 eorum
1429 1160 1763 1214 Hierosolyma,

272 1230 319 1264 et
351 1224 410 1264 ibi
442 1223 678 1277 templum,
713 1237 830 1271 arca,
865 1223 1022 1271 altare,
1057 1222 1289 1271 sacrificia,
1324 1229 1502 1276 praeter
1533 1224 1766 1265 innumera

273 1286 374 1334 alia,
403 1285 562 1327 sancta
594 1293 748 1327 essent
781 1300 840 1327 ex
872 1300 945 1336 se;
985 1299 1075 1326 non
1108 1286 1306 1326 scientes
1332 1299 1383 1326 ac
1417 1286 1626 1327 volentes
1653 1287 1765 1328 scire

272 1349 393 1402 quod
432 1348 651 1390 sanctitas
688 1350 888 1389 omnium
930 1349 1117 1389 istorum
1161 1348 1402 1402 proflueret
1440 1350 1568 1389 unice
1610 1363 1669 1390 ex
1711 1363 1766 1390 eo

272 1412 392 1465 quod
419 1418 815 1465 repraesentarent
849 1412 1012 1452 Divina
1038 1412 1332 1464 procedentia
1358 1425 1383 1451 a
1411 1412 1623 1460 Domino,
1652 1426 1766 1465 quae

272 1482 495 1515 vocantur
521 1474 738 1516 caelestia
764 1481 810 1515 et
838 1474 1099 1527 spiritualia,
1124 1488 1238 1527 quae
1266 1481 1369 1515 sunt
1397 1473 1554 1515 sancta
1580 1475 1693 1516 caeli
1719 1482 1765 1516 et

273 1537 507 1587 ecclesiae,
542 1544 588 1578 et
621 1538 740 1591 quod
773 1538 976 1590 cogitare
1013 1537 1089 1577 illa
1125 1535 1283 1578 sancta
1314 1551 1373 1578 ex
1406 1551 1467 1585 se,
1501 1544 1547 1578 et
1585 1551 1674 1578 non
1707 1552 1766 1578 ex

274 1601 448 1641 Divinis
471 1615 584 1654 quae
603 1602 1026 1654 repraesentabant,
1047 1601 1161 1640 foret
1186 1599 1418 1641 falsificare
1442 1607 1487 1641 et
1510 1599 1765 1641 adulterare

273 1665 479 1706 Verbum
507 1679 585 1718 per
611 1665 941 1718 applicationes
968 1665 1024 1704 ad
1052 1678 1099 1704 se
1126 1670 1172 1704 et
1199 1664 1255 1704 ad
1279 1678 1383 1704 suos
1406 1677 1584 1704 amores
1601 1678 1610 1714 ;
1628 1665 1764 1705 'simi-

273 1728 378 1769 liter
396 1741 447 1769 ac
471 1727 520 1769 fit
544 1728 663 1781 apud
686 1727 789 1768 illos
812 1741 911 1768 cum
936 1727 1022 1768 fide
1045 1728 1101 1768 de
1126 1727 1306 1775 Messia,
1327 1727 1447 1780 quod
1471 1727 1642 1768 futurus
1661 1727 1764 1768 Rex

274 1792 442 1840 mundi,
463 1797 509 1832 et
532 1790 767 1832 evecturus
790 1791 891 1831 illos
915 1805 1046 1844 super
1069 1804 1226 1831 omnes
1250 1798 1414 1843 gentes
1437 1797 1483 1831 et
1506 1790 1698 1844 populos
1721 1791 1764 1831 in

274 1856 482 1895 universo
505 1862 725 1896 terrarum
753 1856 887 1904 orbe;
920 1861 969 1895 ut
997 1861 1175 1895 taceam
1202 1855 1374 1908 reliqua
1400 1868 1512 1907 quae
1540 1854 1764 1907 colligunt

274 1933 333 1959 ex
357 1932 482 1959 mero
501 1932 634 1959 sensu
658 1918 837 1959 litterae
857 1918 1012 1966 Verbi,
1038 1932 1151 1971 quae
1175 1918 1260 1958 illis
1283 1917 1432 1958 dulcia
1455 1924 1560 1958 sunt
1583 1918 1699 1958 sicut
1721 1918 1765 1957 in

274 1996 351 2023 ore
374 1982 477 2022 mel.
540 1982 651 2022 Inde
674 1988 744 2022 est
767 1982 887 2035 quod
914 1982 990 2022 illa
1012 1996 1126 2035 quae
1153 1982 1196 2022 in
1217 1981 1355 2022 Verbi
1383 1995 1518 2021 sensu
1545 1981 1765 2034 spirituali

275 2051 395 2094 sunt,
419 2045 660 2098 injucunda
682 2046 786 2093 sint,
805 2058 909 2085 nam
933 2046 975 2085 in
999 2045 1085 2085 hoc
1111 2058 1244 2085 sensu
1268 2051 1372 2085 sunt
1397 2045 1492 2097 ipsa
1516 2058 1635 2092 vera,
1652 2058 1765 2098 quae

275 2121 367 2148 non
380 2108 627 2149 secundum
640 2109 928 2161 apparentias
943 2115 1067 2157 sunt;
1091 2109 1205 2148 sicu't
1219 2108 1338 2161 quod
1354 2108 1450 2160 ipsa
1461 2107 1538 2148 illa
1549 2121 1662 2160 gens
1675 2121 1765 2148 non

275 2170 433 2212 sancta
459 2178 595 2220 esset,
621 2171 699 2211 sed
727 2171 850 2224 pejor
871 2171 993 2211 omni
1020 2171 1107 2211 alia
1133 2178 1286 2224 gente,
1312 2171 1499 2224 proinde
1526 2171 1646 2224 quod
1674 2184 1764 2212 non

276 2233 449 2285 electam
486 2235 606 2288 quod
635 2234 957 2287 Hierosolyma
980 2235 1084 2275 urbs
1111 2235 1248 2275 modo
1275 2234 1499 2287 significet
1523 2234 1764 2275 ecclesiam

276 2299 462 2339 Domini
485 2312 536 2338 ac
565 2297 817 2339 doctrinam
840 2298 896 2338 de
921 2298 1026 2351 Ipso
1050 2311 1101 2339 ac
1126 2298 1181 2339 de
1209 2296 1378 2338 sanctis
1402 2297 1516 2338 caeli
1543 2304 1589 2339 et
1616 2298 1764 2339 eccle-

275 2363 382 2411 siae,
404 2368 450 2403 et
475 2362 596 2416 quod
621 2361 857 2415 templum,
877 2375 995 2410 arca,
1016 2361 1176 2410 altare,
1197 2368 1243 2402 et
1267 2360 1483 2402 sacrificia
1501 2375 1764 2415 repraesen-

276 2426 475 2466 taverint
500 2426 745 2465 Dominum
768 2431 814 2465 et
841 2423 998 2465 sancta
1025 2425 1082 2465 ab
1109 2425 1214 2478 Ipso
1238 2425 1546 2478 procedentia,
1571 2431 1617 2465 et
1644 2425 1763 2478 quod

276 2488 381 2528 inde
401 2494 446 2528 et
470 2501 559 2528 non
584 2488 764 2528 aliunde
788 2486 945 2528 sancta
966 2487 1142 2528 fuerint.
1187 2487 1313 2528 Haec
1334 2501 1440 2527 vera
1461 2493 1566 2527 sunt
1585 2501 1699 2540 quae
1721 2488 1764 2527 in

275 2564 408 2591 sensu
424 2550 603 2590 litterae
617 2550 756 2590 Verbi
774 2551 960 2590 interius
978 2550 1213 2590 recondita
1231 2555 1350 2597 sunt,
1365 2549 1450 2590 hoc
1471 2555 1555 2597 est,
1569 2550 1612 2589 in
1631 2563 1764 2590 sensu

275 2613 367 2666 ejus
390 2613 570 2653 interno
593 2613 811 2666 spirituali
830 2627 839 2663 ;
873 2627 987 2666 quae
1010 2619 1195 2665 negant,
1217 2613 1318 2665 quia
1337 2612 1539 2653 Verbum
1563 2613 1607 2652 in
1629 2626 1765 2653 sensu

275 2675 455 2716 litterae
487 2674 837 2716 falsificaverunt
874 2682 919 2716 et
957 2675 1340 2722 adulteraverunt,
1375 2681 1423 2715 ut
1461 2673 1629 2715 dictum
1666 2681 1764 2725 est;

275 2752 389 2791 quae
415 2738 582 2778 idcirco
604 2737 691 2777 illis
718 2744 833 2778 sunt*
849 2738 1089 2790 injucunda
1111 2739 1225 2778 sicut
1249 2738 1334 2778 cibi
1358 2738 1496 2777 amari
1522 2738 1565 2777 in
1588 2744 1762 2778 ventre.

276 2799 410 2853 Quod
433 2800 609 2840 dicatur
631 2801 750 2853 quod
778 2800 955 2841 libellus
978 2801 1021 2841 in
1045 2815 1120 2841 ore
1144 2807 1265 2841 esset
1292 2800 1473 2841 “dulcis
1496 2800 1611 2840 sicut
1635 2799 1766 2847 mel,'’

275 2869 345 2903 est
377 2864 478 2916 quia
507 2863 666 2904 “mel''
693 2863 917 2916 significat
945 2863 1190 2916 jucundum
1223 2864 1328 2904 boni
1360 2863 1601 2913 naturalis;
1644 2862 1764 2915 quod

278 2925 440 2966 “mel‘’
466 2926 509 2966 id
536 2925 781 2979 jucundum
814 2926 1052 2980 significet,
1087 2933 1297 2967 constare
1330 2932 1483 2980 potest
1515 2939 1541 2966 a
1573 2938 1764 2978 sequen-
