1962 3334
291 273 396 325 1538
701 282 1034 315 APOCALYPSIS
1065 283 1366 315 EXPLICATA.

358 393 463 434 Quod
479 393 664 435 Johannes
682 395 983 435 evangelizaverit
999 396 1133 436 populo
1148 397 1193 428 de
1209 396 1297 438 Jesu
1313 395 1373 436 (iii.
1394 395 1533 436 16-18):

355 437 461 478 Jesus
475 438 573 476 dixit,
595 439 613 452 ⁴⁴
624 438 697 469 Lex
713 445 748 470 et
767 439 967 479 Prophetae
983 440 1029 471 ad
1045 439 1276 482 Johannem''
1294 440 1586 480 evangelizantur
1605 438 1687 480 (xvi.
1704 439 1776 480 16);

284 511 352 566 [et
376 513 519 568 aiibi]

357 584 461 626 Quod
483 585 564 625 Ipse
581 585 757 617 Dominus
775 587 1083 627 evangelizaverit,
1097 593 1132 619 et
1149 597 1289 628 quoque
1305 587 1467 627 discipuli
1486 587 1613 628 Ipsius,
1627 597 1775 628 regnum

460 628 689 712 {Deicglssffztttlzi
703 630 748 704 ig.
764 638 826 714 ἓξ]
845 640 920 671 cap.
934 631 979 662 ix.
993 628 1068 670 [¹135
1083 643 1089 663 :
1115 632 1226 662 Μανε.
1240 631 1260 663 i.
1277 639 1314 669 15
1329 642 1335 663 ε
1361 631 1445 663 Luc.
1459 631 1516 662 vii.
1532 639 1572 662 22
1589 641 1596 670 ;
1615 641 1690 672 cap.
1705 632 1775 663 viii.

282 774 361 814 per
388 763 614 814 “regnum
643 761 727 802 Dei
741 762 760 777 ’'
786 762 1054 816 intelligitur
1079 776 1246 804 novum
1275 762 1449 803 caelum
1476 769 1522 804 et
1555 776 1673 804 nova
1698 777 1771 804 ec-

282 823 419 864 clesia
441 838 467 864 a
489 823 700 865 Domino.
743 824 968 878 Quoniam
996 840 1073 878 per
1096 825 1446 879 “evangelizare
1459 825 1478 841 ’'
1500 825 1776 878 significatur

280 888 548 928 annuntiare
581 888 827 929 adventum
862 889 1058 938 Domini,
1086 889 1188 930 inde
1222 903 1299 942 per
1327 889 1698 942 “Evangelium”
1729 890 1773 930 in

281 963 491 1003 supremo
517 964 650 991 sensu
676 950 953 1004 significatur
980 952 1081 1005 Ipse
1109 952 1330 992 Dominus
1355 953 1504 1006 quoad
1527 952 1772 993 adventum

281 1026 424 1062 suum,
458 1013 606 1067 quoad
634 1013 862 1066 judicium,
891 1021 937 1055 et
969 1015 1117 1068 quoad
1150 1014 1451 1056 salvationem
1482 1014 1696 1064 fidelium,
1729 1016 1772 1056 in

280 1076 348 1118 his
374 1075 484 1117 locis
509 1077 627 1129 apud
653 1076 873 1125 Marcum,
1696 1074 1699 1075 ⁷

346 1167 452 1210 Jesus
469 1167 567 1205 dixit,
587 1168 605 1181 “
618 1167 686 1208 Qui
705 1167 857 1199 voluerit
877 1168 1035 1199 animam
1054 1178 1154 1200 suam
1176 1178 1330 1206 servare,
1349 1168 1472 1208 perdet
1488 1178 1566 1199 eam
1582 1177 1589 1204 ;
1614 1168 1672 1209 qui
1689 1178 1775 1199 vero

456 1211 649 1252 perdiderit
666 1212 824 1242 animam
840 1221 941 1242 suam
967 1218 1112 1252 propter
1131 1212 1189 1243 Me
1210 1218 1245 1243 et
1269 1219 1414 1252 propter
1440 1211 1686 1252 Evangelium,
1704 1221 1775 1243 ser-

455 1255 556 1286 vabit
573 1255 671 1285 illam
683 1254 700 1266 ''
713 1254 796 1293 (viii.
813 1263 851 1293 35
868 1265 875 1291 ;
900 1265 975 1295 cap.
990 1253 1056 1287 [²]x.
1076 1264 1127 1295 29,
1143 1256 1218 1294 3o);

352 1298 457 1341 Jesus
475 1299 563 1330 dixit
580 1298 774 1339 discipulis,
794 1300 812 1313 ‘⁴
824 1299 960 1330 Euntes
977 1299 1012 1330 in
1031 1300 1237 1330 universum
1255 1299 1426 1331 mundum
1441 1299 1641 1340 praedicate
1660 1298 1776 1330 Evan-

454 1343 587 1383 gelium
605 1343 704 1373 omni
722 1349 904 1374 creaturae
916 1342 933 1354 '’
954 1342 1036 1383 (xvi.
1053 1343 1115 1382 15).

899 1492 1036 1515 VERSUS
1053 1484 1149 1516 8-10.

360 1551 490 1604 613.
529 1566 589 1592 “ft
604 1574 657 1593 vox
672 1574 756 1599 quam
771 1567 869 1593 audio}
883 1573 899 1593 e
914 1567 1002 1597 caelo,
1019 1567 1123 1593 iterum
1140 1567 1259 1599 loquens
1274 1574 1337 1593 cum
1357 1573 1410 1598 me,
1427 1568 1457 1593 et
1471 1566 1579 1598 dicens,
1597 1566 1657 1597 Abi.
1675 1566 1776 1598 accipe

278 1605 404 1631 libellum
419 1607 552 1637 apertum
567 1606 596 1632 in
616 1613 701 1632 manu
719 1606 816 1638 anqeli
833 1606 944 1632 stantis
963 1613 1053 1638 super
1065 1606 1140 1632 mari
1155 1608 1185 1632 et
1202 1613 1291 1638 super
1306 1608 1396 1633 terra.
1433 1606 1469 1633 ft
1486 1606 1565 1632 αὸῘυΙ
1579 1607 1617 1632 ad
1631 1607 1773 1639 angelum,

278 1643 378 1670 dicens
392 1644 427 1675 ei,
445 1644 485 1670 Da
504 1645 575 1671 mih!
587 1645 732 1675 libellum,·
752 1646 782 1671 et
796 1645 874 1671 dlxit
891 1644 969 1675 mim,
985 1644 1088 1676 Accipe
1106 1646 1136 1671 et
1153 1645 1259 1671 devora
1274 1645 1362 1676 illum,
1379 1646 1410 1671 et
1424 1645 1599 1671 amaricablt
1613 1646 1692 1670 tuum
1707 1651 1776 1671 ven-

278 1684 361 1713 trem,
378 1683 432 1709 sed
449 1682 478 1708 ln
497 1690 548 1709 ore
565 1685 615 1709 tuo
635 1683 692 1709 en't
709 1683 802 1709 dulcis
821 1683 899 1709 sicut
916 1684 979 1709 mel.
1018 1683 1053 1709 Εΐ
1070 1683 1172 1715 accepi
1190 1683 1314 1709 libellum
1334 1690 1350 1709 e
1367 1691 1453 1709 manu
1471 1683 1576 1716 anqelt'.
1593 1684 1623 1709 et
1640 1682 1776 1709 devoram·

277 1720 365 1751 [llum.
387 1722 418 1747 et
435 1722 500 1747 erat
517 1721 547 1747 ln
566 1728 616 1748 ore
634 1728 696 1748 meo
714 1721 792 1748 sicut
811 1722 867 1747 mel
888 1721 1001 1752 dulci&
1025 1723 1056 1747 et
1076 1728 1139 1748 cum
1158 1721 1295 1748 devoravi
1312 1722 1391 1748 illum
1410 1721 1590 1748 amaricatus
1608 1723 1656 1748 est
1675 1723 1776 1748 venter

278 1758 392 1786 meus.''

323 1825 354 1858 8.
388 1826 451 1860 “ft
469 1836 530 1860 vox
546 1837 648 1870 quam
665 1826 785 1860 audiri
798 1837 817 1860 e
834 1828 940 1864 caelo,
959 1826 1084 1860 iterum
1102 1827 1244 1870 loquens
1261 1837 1337 1860 cum
1356 1836 1419 1864 me,
1438 1829 1475 1860 et
1489 1825 1635 1866 dicens,”
1652 1825 1775 1868 signifi-

456 1877 508 1903 cat
531 1873 791 1913 explorationem
815 1872 990 1902 hominum
1015 1872 1171 1909 ecclesiae,
1195 1873 1305 1913 qualis
1332 1872 1516 1903 intelledus
1549 1871 1645 1902 Verbi
1666 1871 1777 1902 adhuc

456 1917 550 1958 apud
563 1917 635 1947 illos
650 1921 824 1957 superesset
842 1916 893 1958 [n.
913 1915 1016 1958 614];
1043 1915 1130 1953 “Mn',
1149 1915 1267 1958 &colpe
1284 1915 1431 1949 libellum
1448 1918 1605 1958 apertum
1622 1914 1656 1948 Ῐη
1673 1924 1776 1948 mam!

455 1960 571 2003 angeli
581 1960 708 1993 stantis
721 1970 828 2003 supet·
841 1960 931 1993 marl
946 1963 981 1993 et
995 1970 1102 2003 super
1115 1961 1238 1998 terrast
1252 1960 1418 2001 signifieat
1441 1960 1578 1991 Verbum
1592 1971 1612 1991 a
1626 1960 1776 1991 Domino

456 2006 708 2047 manifestatum
725 2006 811 2036 caelo
827 2009 858 2036 et
873 2005 1019 2036 eeclesiae
1038 2005 1089 2048 [n.
1108 2004 1202 2047 6¹5].

322 2076 354 2109 9.
389 2067 450 2101 “Et
464 2067 558 2101 αὸῘνῘ
571 2068 619 2101 ad
631 2070 790 2111 angelum
809 2067 925 2101 dicens
946 2067 1025 2111 [eL]
1047 2067 1095 2100 Da
1113 2067 1197 2100 mllu'
1211 2067 1386 2106 libellum,''
1403 2067 1567 2110 significat
1574 2068 1776 2110 facultatem

447 2113 659 2154 percipiendi
672 2125 692 2144 a
710 2113 859 2144 Domino
875 2114 972 2154 quale
984 2118 1029 2144 est
1055 2113 1193 2143 Verbum
1215 2113 1266 2155 [n.
1284 2112 1366 2155 616]
1382 2124 1390 2150 ;
1422 2115 1479 2145 “et
1494 2111 1581 2145 dlxii
1602 2111 1693 2150 mihi,
1712 2111 1774 2145 Ασ-

457 2156 530 2199 cipe
560 2159 595 2190 ei
622 2157 749 2190 devora
777 2157 900 2194 illum‚''
925 2157 1087 2198 significat
1115 2162 1154 2188 ut
1180 2158 1304 2198 legeret,
1325 2157 1509 2198 perciperet
1534 2161 1565 2187 el
1590 2158 1778 2198 exploraret

459 2202 610 2244 Verbum,
635 2203 732 2243 quale
755 2207 802 2232 est
824 2202 918 2232 intra
942 2206 972 2232 et
993 2202 1091 2243 quale
1114 2206 1159 2232 est
1180 2206 1276 2232 extra
1297 2201 1349 2244 [n.
1368 2201 1470 2243 617];
1502 2203 1559 2234 “et
1572 2200 1778 2234 amaricabit

457 2248 552 2278 tuum
573 2247 752 2283 ventrem,''
769 2245 929 2287 significat
945 2247 1034 2287 quod
1054 2246 1281 2287 injucundum
1305 2251 1382 2276 esset
1404 2246 1556 2283 interius,
1573 2246 1654 2287 quia
1678 2246 1774 2276 adul-

456 2295 602 2321 teratum
621 2291 671 2333 [n.
688 2290 770 2332 618]
782 2302 790 2328 ;
818 2290 946 2323 “sedin
961 2299 1021 2322 ore
1035 2293 1093 2323 tuo
1107 2290 1174 2323 erit
1185 2289 1294 2323 dulcis
1307 2289 1397 2323 sicui
1410 2290 1504 2327 mel,''
1517 2289 1678 2331 significat
1691 2290 1779 2332 quod

446 2335 644 2376 jucundum
661 2336 807 2366 exterius
826 2335 877 2377 [n.
896 2334 993 2376 619].

305 2405 355 2430 10.
389 2397 452 2431 “et
465 2397 587 2441 accepi
600 2398 749 2431 libellum
768 2408 786 2431 e
803 2408 905 2431 manu
923 2397 1044 2441 anyeH,
1065 2400 1101 2431 et
1115 2397 1282 2431 devoravi
1301 2397 1424 2435 illum‚''
1442 2397 1607 2439 significat
1624 2399 1773 2439 explora-

457 2444 578 2474 tionem
600 2443 650 2486 [n.
669 2443 772 2485 62o];
799 2445 856 2476 “et
872 2445 950 2475 erat
964 2443 997 2475 in
1015 2452 1075 2475 ore
1092 2452 1167 2475 meo
1179 2441 1271 2475 sicut
1283 2442 1352 2475 mel
1363 2442 1501 2479 dulcis,''
1513 2441 1674 2483 significat
1689 2443 1779 2484 quod

467 2488 606 2518 Verbum
624 2488 736 2519 adlzuc
751 2489 864 2529 quoad
875 2492 1051 2518 externum
1068 2498 1123 2518 seu
1140 2488 1251 2528 quoad
1263 2497 1394 2517 sensum
1411 2487 1539 2518 litterae
1554 2487 1623 2529 ejus
1630 2487 1775 2528 percipe-

457 2537 552 2563 retur
566 2533 652 2563 sicut
657 2533 866 2574 jucundum,
882 2533 939 2562 sed
952 2532 1044 2562 modo
1067 2542 1108 2562 ex
1131 2542 1164 2562 eo
1187 2532 1276 2573 quod
1287 2532 1429 2562 serviret
1443 2531 1491 2561 ad
1504 2531 1775 2573 confirmandum

447 2577 624 2618 principia
631 2577 723 2618 falsi
736 2588 778 2607 ex
794 2587 907 2607 amore
922 2577 978 2607 sui
994 2580 1025 2606 et
1040 2576 1163 2606 mundi
1176 2576 1324 2606 oriunda
1345 2575 1394 2617 [n.
1413 2574 1517 2617 621];
1548 2577 1606 2608 “et
1619 2585 1695 2608 cum
1713 2575 1773 2607 de-

461 2620 580 2653 voravi
600 2620 694 2653 illum
711 2620 924 2653 amaricatus
949 2623 1006 2653 est
1031 2622 1148 2653 venter
1164 2619 1290 2656 meus,¹'
1306 2619 1466 2660 significat
1489 2620 1579 2661 quod
1583 2624 1774 2661 perceptum

456 2670 487 2696 et
499 2666 707 2706 exploratum
721 2666 774 2703 sit,
788 2666 878 2706 quod
897 2665 1035 2696 Verbum
1052 2669 1128 2695 esset
1140 2665 1282 2695 interius
1294 2664 1520 2706 injucundum
1537 2675 1578 2695 ex
1590 2665 1775 2695 adulterato

455 2720 535 2740 vero
550 2720 663 2740 sensus
680 2710 809 2740 litterae
824 2710 893 2751 ejus
912 2709 963 2752 [n.
982 2707 1075 2751 622].

359 2799 491 2851 614.
533 2808 639 2846 [Vers.
657 2809 700 2846 8.]
732 2798 809 2837 “ft
834 2810 908 2838 vox
934 2810 1053 2850 quam
1083 2796 1256 2837 audiris
1277 2797 1408 2842 caelo,
1432 2796 1578 2836 iter-um
1605 2796 1775 2849 loquens

281 2872 372 2899 cum
387 2871 466 2905 me,
483 2861 528 2898 et
540 2857 920 2910 dicens.''—Quod
937 2856 1163 2909 significet
1180 2856 1531 2908 explorationem
1547 2855 1773 2896 bominum

279 2920 490 2971 ecclesiae,
514 2919 661 2974 qualis
688 2919 931 2960 intellec‘lus
968 2918 1102 2960 Verbi
1119 2918 1263 2959 adhuc
1292 2918 1417 2971 apud
1442 2917 1542 2959 illos
1566 2924 1769 2970 superes-
