1962 3334
269 290 375 343 1476
647 292 649 297 ’
678 300 1012 335 APOCALYPSIS
1043 302 1343 336 EXPLICATA.

261 414 356 466 pria
382 414 690 468 intelligentia
722 430 781 456 ex
808 430 895 470 qua
926 416 1090 458 format
1121 417 1281 458 falsum
1309 416 1555 468 doetrinae,
1584 417 1753 460 descri-

260 477 380 518 bitur
411 491 490 531 per
521 479 640 531 quod
671 478 896 520 “fabricet
927 479 1091 520 serrum
1123 480 1306 534 forcipe,
1335 487 1381 522 et
1414 487 1625 535 operetur
1655 495 1754 522 car·

259 539 377 581 bone
403 554 482 593 per
503 541 736 582 brachium
762 542 936 582 roboris
963 543 1028 583 sui
1046 543 1081 594 ;‘'
1115 544 1369 585 “fabricare
1396 544 1559 585 serrum
1585 544 1754 598 forcipe

258 610 304 644 et
327 604 500 656 operari
523 604 750 645 carbone”
773 604 998 658 significat
1022 607 1249 647 excudere
1272 606 1383 647 salsa
1405 607 1604 648 faventia
1625 619 1752 648 amo-

257 666 376 706 ribus
403 667 618 720 propriis:
658 668 778 720 quod
805 667 1053 721 conjungat
1079 669 1191 710 salsa
1217 669 1340 710 falsis
1366 684 1445 723 per
1469 669 1669 711 fallacias
1692 684 1751 711 ex

257 728 416 782 quibus
442 737 665 783 apparent
694 731 810 771 sicut
837 745 957 779 vera,
986 731 1255 773 describitur
1286 746 1365 786 per
1397 733 1516 786 quod
1547 737 1750 774 “exten-

256 791 336 832 dat
367 790 505 841 filum,
539 793 767 834 describat
805 795 984 843 amussi,
1019 794 1154 835 saciat
1187 794 1297 835 illud
1330 796 1373 836 in
1405 795 1598 849 angulos
1629 810 1749 846 suos,

256 854 423 896 circulo
456 854 656 905 definiat,
692 862 740 897 ut
778 856 915 898 faciat
953 857 997 897 in
1034 857 1178 898 forma
1209 859 1304 907 viri,
1333 858 1469 911 juxta
1500 858 1751 912 pulchritu-

255 917 408 958 dinem
431 917 640 966 hominis,
660 919 718 959 ad
741 918 1039 960 habitandum
1063 920 1201 961 domo
1219 920 1252 971 ;‘'
1284 935 1363 974 per
1388 925 1413 941 ‘⁴
1428 921 1617 962 formam
1634 922 1715 962 viri
1730 920 1750 936 '’

255 979 535 1033 significatur
557 982 825 1034 apparentia
850 982 957 1030 veri,
982 988 1028 1023 et
1051 996 1132 1036 per
1159 983 1580 1036 “pulchritudinem
1603 984 1749 1024 homi-

255 1044 322 1084 nis
336 1043 355 1058 ”
369 1043 650 1097 significatur
664 1046 931 1098 apparentia
945 1045 1279 1099 intelligentiae
1294 1047 1412 1095 inde,
1426 1053 1472 1088 et
1488 1061 1566 1101 per
1582 1051 1608 1067 ‘'
1621 1047 1748 1088 habi-

254 1113 351 1147 tare
384 1107 521 1148 domo
534 1107 553 1122 ''
578 1107 860 1160 significatur
891 1110 1160 1162 apparentia
1191 1110 1314 1150 vitae
1341 1109 1585 1163 spiritualis
1617 1109 1747 1161 inde;

253 1170 374 1224 quod
401 1169 524 1210 nulla
549 1171 644 1211 vita
670 1171 1006 1224 intelligentiae
1032 1178 1079 1213 et
1111 1174 1415 1226 perceptionis
1440 1174 1532 1214 veri
1564 1179 1610 1214 et
1642 1173 1748 1214 boni

253 1235 357 1275 inde
369 1235 441 1283 sit,
456 1233 736 1287 significatur
751 1248 829 1288 per
843 1236 962 1289 quod
979 1239 1108 1276 “non
1121 1243 1406 1289 cognoscant
1419 1250 1562 1290 neque
1578 1236 1747 1277 intelli·

253 1297 406 1351 gant‚”
421 1297 541 1350 quod
557 1301 686 1337 “non
705 1298 890 1339 videant
909 1298 1027 1339 oculi
1046 1312 1214 1348 eorum,
1229 1313 1310 1340 nec
1332 1300 1594 1353 intelligant
1610 1300 1748 1341 corda

252 1360 445 1402 eorum.''
508 1359 627 1413 Quid
646 1361 825 1414 singula
843 1362 886 1402 in
905 1362 989 1403 hac
1010 1362 1316 1416 descriptione
1339 1364 1383 1403 in
1407 1365 1557 1417 specie
1575 1363 1746 1416 signifi—

251 1430 374 1473 cant,
401 1437 491 1464 non
514 1430 648 1465 vacat
676 1424 734 1464 ob
760 1424 1075 1477 prolixitatem
1100 1439 1359 1479 exponere;
1393 1428 1506 1467 satis
1529 1433 1598 1467 est
1625 1426 1745 1480 quod

251 1488 437 1541 quisque
451 1487 602 1528 videre
617 1488 762 1541 possit
781 1488 901 1541 quod
924 1488 1112 1529 interius
1135 1495 1181 1529 et
1205 1490 1454 1542 sapientius
1476 1489 1581 1543 quid
1605 1490 1744 1542 signi-

250 1550 408 1591 ficetur
444 1563 578 1603 quam
616 1550 763 1591 solum
800 1551 1010 1592 formatio
1049 1551 1301 1605 sculptilis;
1346 1553 1513 1593 sciatur
1543 1553 1663 1606 quod
1699 1553 1744 1593 in

250 1613 556 1666 descriptione
578 1613 655 1654 illa
683 1613 826 1654 lateat
850 1615 1074 1667 sapientia
1100 1614 1326 1664 caelestis,
1351 1629 1465 1669 quae
1491 1615 1741 1664 ineffabilis,

249 1677 293 1716 in
320 1690 407 1730 qua
433 1683 537 1717 sunt
565 1676 717 1729 angeli
750 1690 852 1718 cum
884 1677 962 1718 illa
993 1677 1051 1718 ab
1082 1678 1267 1718 homine
1300 1678 1528 1731 leguntur,
1557 1680 1744 1720 tametsi

249 1739 387 1780 homo
406 1739 515 1779 nihil
538 1739 659 1780 aliud
677 1741 854 1793 cogitat
872 1753 1006 1794 quam
1024 1741 1080 1782 de
1103 1737 1310 1795 sculptili⁴
1326 1748 1371 1782 et
1395 1741 1488 1794 ejus
1506 1742 1741 1783 formatio-

249 1816 332 1853 ne;
374 1809 485 1856 quot
523 1804 644 1843 enim
680 1803 739 1843 ibi
775 1816 927 1852 voceS,
966 1810 1038 1844 tot
1075 1804 1506 1857 correspondentiae
1541 1811 1660 1854 sunt,
1695 1812 1741 1847 et

244 1865 351 1906 inde
378 1871 450 1906 tot
483 1867 734 1919 sapientiae
760 1879 937 1907 arcana.
999 1866 1139 1921 Apud
1165 1867 1401 1917 Habaleuk,

313 1975 435 2016 “Quid
460 1975 607 2015 prodest
630 1975 817 2016 sculptile?
844 1975 927 2016 quia
950 1975 1099 2016 sculpsit
1119 1976 1204 2007 illud
1228 1976 1420 2008 fabricator
1443 1976 1542 2017 ejus:
1570 1977 1684 2016 fusile,
1705 1984 1741 2010 et

420 2017 546 2050 doc‘tor
566 2019 764 2051 mendacii?
791 2019 873 2060 quia
892 2019 1037 2051 confidit
1057 2019 1247 2051 fabricator
1267 2021 1441 2052 mendacii
1462 2021 1516 2052 sui
1536 2031 1643 2061 super
1661 2022 1739 2059 hoc,

420 2063 589 2103 quoniam
611 2063 696 2094 facit
720 2063 806 2094 deos
827 2069 955 2094 mutos.
1003 2063 1078 2094 Vae
1098 2063 1229 2095 dicenti
1254 2064 1362 2103 ligno,
1385 2064 1649 2104 Expergiscere‚
1667 2065 1740 2095 evi-

419 2106 493 2146 gila
509 2106 617 2146 lapidi
634 2106 763 2144 silenti,
782 2106 838 2137 hic
858 2107 1019 2144 docebit:
1047 2107 1103 2138 hic
1121 2117 1200 2138 ecce
1219 2107 1308 2138 fixus
1328 2117 1414 2138 auro
1434 2114 1469 2139 et
1490 2114 1650 2148 argeum,
1668 2109 1739 2148 spi-

420 2151 507 2180 ritus
526 2159 598 2180 non
617 2150 652 2180 in
671 2150 789 2181 medio
806 2149 905 2190 ejus:
931 2150 994 2181 sed
1013 2149 1176 2192 Jehovah
1197 2151 1232 2182 in
1254 2151 1387 2191 templo
1405 2149 1604 2183 sanctitatis
1621 2161 1708 2183 suae
1720 2150 1738 2164 ’¹

419 2193 467 2232 (ii.
488 2194 607 2233 18—20)
621 2204 627 2225 :

244 2305 455 2359 quoniam
488 2320 566 2359 per
595 2305 877 2360 “sculptile'’
903 2306 1174 2359 intelligitur
1204 2306 1364 2347 falsum
1391 2305 1637 2357 doctrinae,
1664 2322 1735 2349 re-

244 2368 423 2421 ligionis
450 2375 496 2409 et
530 2369 693 2418 cultus,
723 2370 791 2410 cui
818 2368 929 2409 nihil
961 2370 1083 2410 vitae
1109 2369 1352 2422 spiritualis
1379 2370 1511 2418 inest,
1539 2371 1642 2424 quia
1673 2385 1733 2411 ex

244 2431 423 2484 propria
445 2431 763 2484 intelligentia,
783 2432 886 2472 ideo
908 2432 1084 2480 dicitur,
1106 2436 1131 2452 “
1146 2431 1264 2485 Quid
1287 2433 1473 2485 prodest
1492 2432 1733 2486 sculptile?

242 2493 344 2546 quia
366 2493 554 2547 sculpsit
578 2494 687 2534 illud
710 2495 954 2535 fabricator
968 2494 1101 2548 ejus[;
1127 2494 1289 2548 fusile‚]
1307 2501 1352 2536 et
1371 2493 1530 2536 doc'tor
1544 2496 1733 2536 menda-

241 2557 326 2597 cii?
353 2570 485 2610 super
502 2571 590 2611 quo
608 2557 793 2599 confidit
812 2557 1058 2599 fabricator
1075 2559 1298 2599 mendacii
1315 2558 1349 2608 ;”
1378 2562 1402 2578 “
1416 2559 1700 2599 mendacium
1713 2559 1732 2574 ’'

240 2619 466 2672 significat
484 2620 659 2668 falsum,
679 2634 730 2661 ac
756 2619 954 2661 “doctor
969 2620 988 2635 ”
1006 2627 1052 2661 et
1074 2620 1352 2661 “fabricator
1369 2622 1590 2662 mendacii
1603 2621 1622 2637 ''
1639 2622 1730 2675 sig-

240 2681 393 2723 nificat
416 2684 489 2736 qui
516 2684 701 2724 excudit
725 2683 863 2734 illud;
897 2683 1016 2736 quod
1041 2684 1101 2724 ibi
1123 2689 1169 2724 et
1195 2684 1299 2724 inde
1323 2683 1446 2724 nulla
1466 2683 1728 2737 intelligen-

241 2746 306 2786 tia
338 2752 384 2786 et
416 2746 525 2794 vita,
553 2745 832 2799 significatur
863 2760 941 2800 per
971 2746 1091 2800 quod
1120 2746 1291 2786 “faciat
1325 2747 1434 2787 deos
1466 2746 1656 2795 mutos,’'
1682 2753 1728 2788 et

241 2808 362 2862 quod
383 2809 603 2862 “spiritus
622 2822 712 2849 non
735 2809 778 2848 in
801 2809 950 2849 medio
973 2808 1065 2862 ejus
1083 2808 1117 2849 :''
1148 2809 1267 2862 quod
1290 2823 1423 2850 omne
1442 2822 1595 2850 verum
1619 2809 1727 2850 doc-

239 2872 400 2921 trinae,
429 2870 647 2912 ecclesiae
675 2878 720 2912 et
748 2871 910 2920 cultus,
939 2872 997 2913 sit
1029 2885 1055 2912 a
1085 2871 1184 2912 solo
1211 2871 1421 2921 Domino,
1450 2871 1729 2925 significatur

237 2947 316 2987 per
334 2934 453 2988 quod
475 2933 717 2986 “Jehovah
741 2934 784 2974 in
808 2934 982 2988 templo
1000 2932 1256 2975 sanctitatis
1275 2948 1380 2975 suae
1396 2933 1431 2986 ;‘’
1464 2933 1724 2987 “templum
