1962 3334
607 260 713 293 CAP.
737 258 820 300 x1.,
842 258 981 291 VERs.
1003 257 1151 302 7.-N.
1174 245 1335 301 650[e].
1468 267 1472 269 -
1612 245 1688 286 168
1693 257 1718 298 2

228 382 276 418 et
301 374 431 416 mala·
445 374 654 422 futurum,
678 371 957 426 significatur
981 385 1061 425 per
1088 374 1114 391 ‘⁴
1130 369 1432 424 Desponsabo
1458 375 1505 410 te
1531 368 1645 409 Mihi
1670 369 1714 409 in

227 437 503 480 aeternum.”
574 434 713 490 Apud
737 435 941 484 Esaiam,

293 533 531 565 “Honorabit
551 532 612 564 Me
630 532 708 564 fera
726 531 812 572 agri,
830 531 1005 562 dracones
1025 509 1061 561 et
1081 529 1174 561 filiae
1195 527 1358 566 noctuae,
1376 539 1420 560 eo
1439 528 1536 570 quod
1555 527 1715 559 dederim

400 577 438 608 in
465 577 609 608 deserto
636 585 760 616 aquas,
785 575 916 606 fluvios
944 574 980 605 in
1009 574 1215 611 solitudine,
1240 573 1287 604 ad
1314 573 1514 613 potandum
1543 571 1715 613 populum

401 629 520 651 meum
537 617 689 651 electum
706 628 825 650 meum
835 617 854 630 '¹
870 617 970 657 (xliii.
987 617 1062 658 20):

228 709 350 764 quod
375 723 454 762 per
478 708 654 749 “seram
679 707 814 760 agri,”
838 707 1096 747 “dracones
1108 705 1128 721 ‘’
1145 712 1193 747 et
1218 705 1370 746 “filias
1392 704 1625 754 no&uae,”
1642 705 1714 746 hic

227 784 320 813 non
354 771 670 824 intelligantur
705 770 797 811 fera
831 769 942 822 agri,
981 769 1205 810 dracones
1237 775 1284 809 et
1322 767 1528 817 noauae,
1567 774 1711 822 patet,

227 848 334 876 nam
367 834 472 875 illae
509 847 599 874 non
635 833 857 874 honorare
894 839 1085 886 possunt
1114 832 1364 884 Jehovarn;
1406 832 1527 885 quod
1567 831 1715 872 homi·

229 911 310 938 nes
344 896 563 938 ecclesiae
599 897 690 936 sint
726 896 800 949 qui
836 895 1167 947 intelliguntur,
1205 901 1390 935 constat
1426 909 1486 935 ex
1523 907 1715 948 sequen-

227 959 363 1007 tibus,
381 972 485 999 nam
508 959 683 1006 dicitur,
702 958 796 998 “ad
823 957 1074 1011 potandum
1096 956 1311 1010 populum
1335 970 1499 1005 meum,
1519 955 1714 998 electum

227 1034 377 1063 meum
395 1021 431 1062 :’'
467 1035 603 1075 quare
634 1034 713 1073 per
740 1020 919 1061 “feram
950 1021 1047 1073 agri
1062 1019 1081 1034 ”
1113 1018 1425 1072 significantur
1455 1018 1715 1060 affectiones

228 1084 538 1137 cognitionum
564 1084 671 1131 veri,
700 1096 779 1135 per
806 1083 1068 1128 “dracones
1079 1082 1100 1097 ’'
1124 1083 1254 1123 ideae
1280 1082 1526 1131 naturales,
1555 1089 1601 1123 et
1635 1096 1714 1135 per

229 1146 381 1188 “filias
412 1144 636 1187 no&uae’‘
662 1144 923 1186 affeffiones
955 1145 1188 1186 sensuales
1204 1159 1214 1196 ;
1248 1159 1353 1186 nam
1380 1145 1589 1186 sensuale
1615 1145 1711 1186 affi-

226 1210 342 1251 citur
361 1210 476 1250 veris
502 1215 549 1249 et
572 1209 698 1249 videt
724 1208 802 1248 illa
825 1209 870 1248 in
896 1208 1111 1256 tenebris,
1135 1209 1251 1249 sicut
1274 1206 1440 1249 noctua
1466 1207 1644 1261 obje&a
1669 1210 1712 1249 in

226 1270 385 1313 nocte:
428 1277 475 1312 et
510 1272 613 1324 quia
648 1271 726 1311 illa
756 1270 1080 1324 significantur,
1114 1277 1244 1324 patet
1281 1271 1402 1324 quod
1439 1278 1603 1325 gentes
1624 1285 1713 1325 ,per

225 1334 304 1375 illa
324 1333 639 1387 intelligantur
655 1334 773 1387 apud
796 1347 906 1387 quas
929 1347 1047 1374 nova
1064 1333 1258 1374 ecclesia
1280 1335 1575 1375 instauranda
1597 1342 1709 1381 erat.

226 1410 332 1439 nam
361 1396 425 1437 illi
455 1403 564 1437 ante
595 1396 962 1436 reformationem
994 1397 1038 1436 in
1070 1396 1261 1437 obscura
1293 1397 1373 1438 tali
1399 1396 1635 1439 affectione
1666 1406 1713 1439 et

227 1459 421 1500 naturali
446 1460 728 1512 cogitatione
753 1458 957 1499 fuerunt:
996 1473 1075 1512 per
1103 1460 1247 1500 “dare
1279 1461 1323 1500 in
1349 1460 1532 1501 deserto
1558 1475 1711 1514 aquas,

227 1529 275 1563 et
300 1522 345 1563 in
371 1521 615 1562 solitudine
640 1521 837 1569 fluvios,”
863 1521 1143 1574 significatur
1167 1523 1367 1563 imbuere
1393 1524 1510 1564 veris
1536 1530 1582 1564 et
1609 1524 1713 1564 inde

227 1584 531 1638 intelligentia
553 1583 655 1624 illos
676 1585 751 1637 qui
773 1585 892 1637 prius
914 1585 958 1624 in
980 1585 1238 1637 ignorantia
1260 1585 1436 1626 fuerunt
1455 1599 1465 1635 ;
1501 1589 1682 1638 “aquae
1695 1585 1714 1599 '⁹

227 1654 332 1688 sunt
357 1661 477 1695 vera,
503 1646 659 1687 “fluvii
670 1646 691 1661 ”
716 1654 821 1687 sunt
847 1647 1167 1700 intelligentia,
1199 1647 1499 1688 “desertum”
1525 1654 1572 1688 et
1601 1652 1713 1688 “so-

227 1709 405 1751 litudo”
444 1715 549 1750 sunt
590 1710 872 1762 ignorantia:
923 1714 1120 1762 “potare
1166 1710 1381 1763 populum
1419 1710 1621 1763 jehovae
1666 1717 1711 1751 et

226 1771 421 1814 electum
453 1771 636 1825 Ipsius,’‘
662 1771 887 1824 significat
920 1773 1141 1813 instruere
1166 1773 1269 1813 illos
1294 1773 1368 1826 qui
1394 1774 1438 1813 in
1469 1774 1585 1814 veris
1611 1773 1713 1814 fidei

226 1842 274 1877 et
305 1836 351 1876 in
377 1835 498 1875 bono
520 1828 756 1875 charitatis
783 1841 915 1884 sunt;
951 1835 1212 1888 “populus'’
1238 1836 1401 1876 dicitur
1432 1836 1489 1876 de
1519 1835 1607 1876 illis
1638 1838 1712 1890 qui

226 1897 271 1938 in
296 1897 413 1938 veris
438 1896 555 1946 fidei,
583 1902 629 1937 et
658 1895 898 1937 “electus'’
923 1898 997 1950 qui
1028 1898 1072 1937 in
1104 1898 1225 1938 bono
1250 1898 1500 1939 charitatis.
1574 1898 1712 1952 Apud

227 1959 411 2008 Joelcm,

294 2053 452 2086 “Nonne
468 2064 590 2085 coram
607 2054 722 2085 oculis
739 2054 874 2091 nostris
891 2055 991 2086 cibus
1011 2055 1151 2087 excisus
1171 2062 1225 2087 est
1244 2066 1264 2087 e
1283 2056 1394 2088 domo
1415 2056 1481 2088 Dei
1503 2057 1627 2095 nostri,
1642 2057 1714 2089 lae-

399 2097 479 2129 titia
494 2104 530 2129 et
544 2098 713 2137 gaudium
722 2099 751 2130 ?.
765 2122 773 2129 .
786 2123 794 2129 .
809 2123 816 2130 .
825 2098 987 2138 Suspirat
998 2099 1124 2137 bestia,
1139 2099 1310 2139 perplexa
1323 2107 1408 2132 sunt
1421 2108 1586 2132 armenta
1598 2102 1712 2139 bovis,

401 2151 445 2172 eo
465 2141 560 2181 quod
585 2151 657 2172 non
677 2150 850 2181 pascuum
870 2142 963 2178 illis:
991 2148 1067 2174 tum
1091 2153 1220 2182 greges
1240 2144 1415 2183 pecudum
1436 2145 1588 2176 desolati
1608 2152 1711 2176 sunt:

406 2209 415 2216 .
428 2209 437 2216 .
450 2209 458 2216 .
472 2185 603 2215 ,bestia
615 2184 692 2224 agri
708 2185 857 2223 glocitat
872 2185 918 2216 ad
935 2185 998 2223 Te,
1014 2186 1098 2226 quia
1114 2187 1281 2218 exsiccati
1300 2194 1384 2218 sunt
1397 2188 1463 2219 rivi
1480 2198 1664 2229 aquarum,
1679 2197 1715 2220 et

401 2228 494 2268 ignis
510 2228 667 2260 comedit
683 2228 887 2260 habitacula
903 2229 1035 2260 deserti
1046 2229 1065 2240 “’
1082 2229 1118 2268 (i.
1141 2230 1189 2267 16,
1211 2231 1259 2268 18,
1278 2231 1350 2270 20):

226 2321 339 2378 haec
365 2322 422 2363 de
447 2329 572 2363 statu
594 2323 827 2371 ecclesiae,
851 2324 1032 2376 quando
1058 2338 1149 2365 non
1176 2325 1234 2365 ibi
1260 2325 1452 2379 amplius
1479 2333 1584 2368 sunt
1606 2342 1713 2368 vera

227 2383 458 2426 doctrinae
490 2391 536 2426 et
562 2385 729 2425 bonum
755 2387 903 2426 vitae:
942 2400 1021 2439 per
1050 2388 1236 2428 “cibum
1269 2389 1342 2441 qui
1373 2390 1553 2429 excisus
1585 2397 1656 2431 est
1687 2405 1712 2431 e

227 2447 365 2488 domo
405 2447 521 2489 Dei”
558 2448 837 2501 significatur
877 2450 1064 2490 nutritio
1104 2451 1347 2503 spiritualis
1387 2466 1501 2505 quae
1541 2460 1611 2493 est
1651 2468 1711 2494 ex

227 2510 343 2551 veris
373 2523 488 2564 quae
523 2520 583 2551 ex
620 2511 766 2561 bono;
812 2512 1010 2552 “domus
1042 2512 1158 2553 Dei”
1189 2513 1414 2566 significat
1445 2514 1709 2556 ecclesiam:

230 2575 257 2592 “
273 2571 477 2626 Suspirat
502 2573 662 2622 bestia,
686 2573 904 2627 perplexa
930 2581 1033 2616 sunt
1061 2583 1267 2616 armenta
1293 2576 1461 2625 bovis,”
1484 2577 1710 2630 significat

228 2633 451 2676 defectum
476 2634 761 2676 affectionum
787 2637 879 2677 veri
904 2644 951 2678 et
978 2638 1081 2678 inde
1107 2640 1419 2691 cognitionum
1446 2641 1489 2680 in
1517 2641 1711 2682 naturali

227 2697 424 2746 homine,
457 2705 503 2739 et
535 2713 594 2739 ex
626 2713 680 2739 eo
711 2699 942 2750 dolorem;
987 2705 1229 2742 “armenta
1261 2702 1389 2743 bovis
1402 2703 1421 2717 ”
1454 2704 1710 2756 significant

227 2759 304 2800 illa
334 2774 447 2813 quae
474 2761 690 2802 naturalis
716 2762 909 2802 hominis
941 2770 1045 2804 sunt
1077 2765 1121 2804 in
1153 2771 1256 2805 toto
1282 2766 1551 2818 complexu:
1591 2768 1710 2820 quod

230 2826 359 2862 “non
391 2823 645 2875 pascuum‚”
671 2824 895 2876 significat
928 2826 1047 2878 quod
1080 2839 1169 2866 non
1202 2826 1466 2878 instructi03
1508 2833 1710 2882 “greges

227 2884 447 2936 pecudum
479 2885 673 2927 desolati
700 2893 803 2928 sunt
817 2887 835 2900 ”
862 2885 1121 2941 [¹¹significat
1148 2888 1373 2931 defectum
1400 2892 1492 2932 veri
1524 2899 1570 2932 et
1604 2892 1708 2932 boni
