1962 3334
613 270 720 303 CAP.
744 269 827 310 XL,
850 267 989 300 VERs.
1012 226 1160 311 7.—N.
1182 255 1363 310 65ofsj.
1502 246 1505 249 ’
1624 254 1729 307 1693

242 385 348 426 bere
366 384 631 437 sanguinem
643 382 663 398 ''
676 381 954 435 significatur
970 379 1260 434 appropriare
1278 378 1360 418 sibi
1375 377 1545 418 bonum
1563 376 1729 416 amoris

243 455 290 488 et
322 460 476 488 verum
507 446 624 486 illius
654 445 786 486 boni:
826 457 904 498 per
932 442 1211 483 “comedere
1242 454 1426 482 carnem
1457 440 1654 487 sortium,
1681 445 1729 479 et

243 509 394 550 bibere
413 509 678 561 sangui-nem
697 507 947 561 principum
966 504 1154 553 terrae,’'
1171 502 1452 557 significatur
1468 502 1730 556 appropria-

244 573 309 613 tio
326 572 402 612 illa
419 586 429 622 ;
450 575 475 591 ‘⁴
487 570 658 612 fortes'’
672 569 770 623 (seu
787 567 947 622 boves)
964 567 1222 621 significant
1237 564 1497 607 affectiones
1512 564 1731 606 naturalis

243 635 452 683 hominis,
481 641 528 675 et
557 633 819 687 “principes
851 638 999 673 terrae
1013 631 1032 646 ’'
1058 629 1322 685 principalia
1347 643 1454 670 vera
1482 628 1729 670 ecclesiae:

242 711 321 750 per
337 701 361 717 ¹‘
374 696 580 746 arietes‚’'
596 701 622 716 ‘⁶
635 695 821 749 agnos,’'
838 700 864 715 “
878 693 1127 743 ¹¹³haedos,’'
1143 698 1169 713 ⁴⁴
1177 692 1437 746 juvencos,”
1453 697 1479 713 ‘⁴
1495 693 1731 746 saginatos

242 759 531 808 Baschanis,”
571 757 883 812 significantur
923 758 1076 798 omnia
1116 770 1232 810 quae
1277 762 1383 797 sunt
1423 756 1728 803 innocentiae,

241 823 421 871 amoris,
465 822 702 863 charitatis
747 828 795 862 et
826 821 960 871 boni;
1007 819 1242 873 “saginati
1287 819 1568 860 Baschanis”
1608 819 1730 859 bona

241 885 458 926 naturalis
488 885 685 926 hominis
725 894 786 925 ex
828 885 1000 937 origine
1032 882 1278 937 spirituali:
1326 882 1431 923 inde
1463 889 1591 936 patet
1623 882 1729 936 quid

241 947 520 1000 significatur
545 962 623 1002 per
651 948 929 988 “comedere
955 959 1140 988 carnem
1167 946 1224 986 ad
1251 946 1517 986 satietatem
1528 945 1547 960 ”
1574 952 1620 987 et
1652 959 1731 999 per

244 1010 434 1051 “bibere
466 1011 734 1064 sanguinem
766 1010 823 1051 ad
858 1009 1171 1057 ebrietatem,”
1203 1022 1381 1062 nempe,
1415 1009 1535 1062 quod
1566 1009 1730 1062 imple·

240 1079 395 1114 rentur
419 1074 542 1114 omni
567 1074 690 1114 bono
710 1074 877 1114 amoris
902 1079 949 1114 et
976 1086 1084 1113 vero
1109 1071 1238 1112 fidei:
1272 1086 1351 1125 per
1375 1075 1400 1091 ‘⁴
1416 1072 1571 1112 satiari
1597 1086 1730 1125 super

241 1148 398 1176 mensa
431 1135 616 1176 Domini
647 1150 764 1189 equo
795 1142 842 1176 et
883 1149 1026 1183 curru,
1053 1135 1157 1175 forti
1198 1141 1244 1176 et
1285 1135 1408 1175 omni
1446 1135 1542 1175 viro
1582 1134 1730 1182 belli‚‘’

240 1197 519 1251 significatur
558 1199 615 1239 ad
657 1199 841 1252 plenum
882 1199 1042 1239 instrui
1083 1212 1143 1239 ex
1169 1197 1356 1248 Verbo;
1390 1211 1469 1251 per
1496 1198 1730 1252 “equum’'

240 1260 521 1314 significatur
550 1260 811 1302 intellectus
847 1262 954 1308 veri,
988 1275 1068 1315 per
1100 1260 1346 1301 “currum''
1378 1259 1584 1302 doctrina
1620 1262 1727 1309 veri,

239 1338 319 1377 per
341 1324 540 1366 “fortem
567 1331 614 1366 et
645 1326 787 1366 virum
813 1325 960 1373 belli‚”
987 1323 1270 1378 significatur
1295 1337 1450 1365 verum
1476 1325 1583 1365 boni
1614 1339 1729 1379 pug-

240 1401 354 1428 nans
378 1395 539 1429 contra
564 1389 725 1429 falsum
748 1388 854 1429 mali
881 1395 927 1430 et
954 1389 1194 1429 destruens
1216 1388 1353 1428 illud:
1387 1389 1491 1442 quia
1509 1388 1586 1429 illa
1608 1387 1731 1430 dieta

239 1458 344 1493 sunt
370 1452 426 1492 de
452 1453 784 1493 convocatione
811 1453 1018 1505 gentium
1045 1452 1102 1492 ad
1129 1452 1370 1492 ecclesiam
1399 1451 1598 1499 Domini,
1626 1452 1729 1493 ideo

239 1514 414 1563 dicitur,
444 1514 554 1556 “Sic
587 1515 707 1555 dabo
729 1515 923 1568 gloriam
949 1528 1099 1555 meam
1125 1515 1244 1555 inter
1267 1521 1433 1568 gentes
1451 1514 1485 1565 ;'’
1514 1514 1730 1568 “gloria‘'

241 1577 466 1631 significat
492 1578 706 1619 Divinum
728 1578 900 1619 Verum
926 1579 970 1619 in
997 1578 1110 1619 luce.
1172 1577 1308 1631 Quod
1335 1592 1414 1632 per
1438 1583 1606 1619 “avem
1629 1593 1727 1620 om-

241 1642 309 1681 nis
331 1640 433 1682 alae
444 1641 464 1656 ”
486 1647 532 1682 et
556 1655 634 1694 per
654 1642 889 1682 “bestiam
912 1641 1050 1694 agri‚”
1064 1641 1142 1682 illa
1164 1641 1490 1695 significentur,
1515 1649 1729 1683 constare

241 1710 397 1757 potest
437 1718 498 1744 ex
535 1704 647 1745 locis
683 1703 903 1745 haetenus
940 1704 1209 1758 explicatis;
1254 1711 1351 1746 tum
1384 1719 1444 1746 ex
1484 1705 1571 1746 hoc
1609 1706 1730 1759 apud

241 1765 446 1816 Esaiam,

305 1870 480 1904 “Didium
504 1872 651 1903 Domini
670 1871 824 1913 Jehovih
845 1872 1102 1912 congregantis
1123 1873 1295 1913 expulsos
1316 1871 1474 1911 Israelis,
1495 1873 1624 1905 Adhuc
1643 1883 1730 1905 con-

411 1917 570 1956 gregabo
587 1916 670 1947 illos
687 1916 733 1947 ad
750 1922 990 1956 congregatos
1008 1916 1088 1956 ejus
1102 1925 1110 1953 ;
1136 1916 1255 1948 omnis
1272 1916 1350 1948 fera
1367 1926 1536 1957 agrorum
1551 1927 1727 1956 meorum,

412 1960 534 1991 venite
551 1959 597 1991 ad
615 1959 888 1998 comedendum,
906 1959 1026 1991 omnis
1043 1959 1121 1990 fera
1137 1960 1174 1991 in
1192 1960 1285 1992 silva
1298 1959 1316 1971 ’'
1333 1960 1406 2000 (lvi.
1424 1961 1453 1999 8,
1470 1962 1524 2001 9);

239 2089 318 2128 per
351 2074 610 2128 “expulsos
642 2073 862 2123 Israelis,’'
888 2088 1000 2128 quos
1033 2074 1254 2115 Dominus
1286 2076 1602 2128 congregabit,
1636 2076 1730 2129 sig-

240 2137 478 2178 nificantur
508 2151 666 2178 omnes
703 2138 746 2177 in
779 2137 972 2178 ecclesia
1003 2135 1113 2191 [²]qui
1148 2139 1193 2178 in
1230 2139 1346 2179 veris
1378 2153 1438 2179 ex
1470 2140 1591 2180 bono
1622 2146 1729 2181 sunt

235 2201 435 2254 ¹separati
461 2200 519 2240 ab
544 2199 632 2240 illis
658 2200 716 2241 ibi
742 2201 816 2253 qui
847 2201 891 2240 in
917 2200 1039 2241 salsis
1066 2215 1125 2242 ex
1152 2201 1299 2252 malo;
1338 2201 1401 2242 illi
1427 2203 1566 2243 etiam
1593 2203 1729 2243 intel-

240 2263 439 2316 liguntur
460 2277 539 2316 per
558 2263 711 2303 “feras
733 2277 944 2316 agrorum
970 2264 1152 2304 Domini
1169 2264 1404 2317 Jehovih,”
1425 2266 1558 2318 “agri
1572 2266 1592 2279 ”
1610 2267 1729 2307 enim

239 2325 495 2378 significant
515 2325 754 2366 ecclesiam
772 2327 920 2379 quoad
939 2326 1339 2380 implantationem
1357 2329 1449 2368 veri
1469 2327 1702 2370 doetrinae
1719 2343 1728 2369 2

239 2394 403 2441 gentes
429 2394 581 2429 autem
608 2402 722 2442 quae
753 2395 888 2429 extra
914 2389 1154 2430 ecclesiam
1182 2390 1496 2443 significantur
1522 2405 1600 2444 per
1629 2392 1730 2432 “fe-

238 2463 334 2491 ram
365 2451 410 2491 in
442 2451 554 2492 silva
571 2451 606 2501 ;”
644 2451 829 2492 “silva”
856 2451 1083 2505 significat
1115 2453 1367 2494 naturalem
1401 2460 1447 2494 et
1474 2454 1730 2496 sensualem

239 2511 482 2562 hominem,
530 2521 576 2555 et
620 2514 785 2555 “fera''
826 2515 1063 2555 scientiam
1108 2515 1200 2568 ejus
1245 2529 1296 2557 ac
1342 2517 1446 2557 inde
1491 2517 1729 2558 obscuram

240 2575 619 2629 intelligentiam:
658 2577 778 2631 quod
811 2592 890 2631 per
923 2578 1099 2619 “feram
1131 2579 1259 2632 agri”
1285 2586 1332 2620 et
1364 2594 1443 2633 per
1476 2581 1652 2621 “feram
1684 2582 1729 2621 in

241 2637 353 2678 silva
365 2637 384 2653 ''
401 2638 478 2679 illa
501 2639 827 2692 significentur,
847 2646 990 2693 patet,
1014 2654 1119 2681 nam
1141 2642 1318 2691 dicitur,
1340 2642 1562 2691 “Venite‚
1583 2645 1729 2684 omnis

240 2699 331 2741 fera
352 2714 562 2754 agrorum
586 2716 801 2751 meorum,
826 2710 872 2743 et
896 2704 1042 2744 omnis
1068 2704 1159 2744 fera
1184 2706 1227 2745 in
1251 2705 1377 2754 silva,
1402 2706 1460 2746 ad
1483 2707 1728 2747 comeden-

241 2763 347 2803 dum
365 2763 398 2814 ;”
437 2765 712 2806 “comedere
724 2765 744 2780 ”
771 2766 996 2819 significat
1023 2766 1366 2809 instructionem
1392 2775 1439 2810 et
1465 2771 1728 2823 appropria-

242 2826 427 2867 tionem.

325 2895 408 2950 [f.]
452 2896 679 2950 Quoniam
697 2899 914 2953 pleraque
935 2900 980 2941 in
1002 2900 1159 2942 Verbo
1177 2903 1317 2943 etiam
1336 2903 1598 2956 oppositum
1621 2917 1726 2945 sen-
