1962 3334
468 7 485 14 .,
508 1 642 42 ’,Ἠλὶ-(ὠ
652 0 986 38 ’,ξῆν-Ἠγγπῗακ
999 0 1050 30 gr..
1060 4 1084 18 ς)
1099 0 1156 22 ,τυμ-
1175 3 1183 12 -.
1197 2 1211 11 .-
1239 18 1242 22 ¹
1305 2 1310 6 .

535 352 669 386 =c-A1›.
693 352 775 394 1x.‚
796 351 935 384 VERs.
958 350 1134 384 20.—N.
1159 339 1323 394 585[b].
1574 338 1680 392 1467

202 465 427 520 proprium
456 465 665 514 hominis,
697 470 745 506 et
780 464 843 505 sic
882 463 1001 504 unde
1030 469 1102 504 est
1138 461 1317 516 propria
1346 459 1680 513 intelligentia;

156 539 167 547 ‘
200 530 266 571 ita
288 528 556 582 intelligitur
579 528 666 569 hoc
693 527 896 569 Verbum
920 527 966 568 in
990 526 1133 568 caelo.
1194 525 1334 579 Apud
1355 524 1565 572 eundem,

265 615 436 658 “Loquar
449 616 583 657 judicia
600 626 683 648 mea
700 626 781 648 cum
801 615 873 647 illis
891 624 1000 655 super
1017 615 1117 646 omni
1137 614 1277 646 malitia
1292 613 1448 651 illorum,
1468 612 1563 653 quod
1582 600 1684 643 dese-

375 660 512 692 ruerint
535 659 607 698 Me,
626 666 663 692 et
681 659 881 691 suffiverint
898 659 968 691 diis
990 658 1084 696 aliis,
1104 665 1141 690 et
1163 657 1433 690 incurvaverint
1455 666 1495 688 se
1514 656 1683 696 operibus

372 713 543 735 manuum
560 712 704 735 suarum
714 702 733 715 '¹
749 702 784 742 (i.
800 703 873 742 16):

201 802 280 844 per
305 789 493 831 “suffire
533 790 617 830 diis
656 789 787 830 aliis”
826 789 965 830 etiam
1004 787 1077 829 hic
1116 785 1397 841 significatur
1434 785 1582 827 cultus
1621 799 1698 826 ex.

201 851 324 896 falsis
353 850 584 894 doctrinae
600 866 611 902 ;
652 858 700 893 et
735 865 815 905 per
846 852 1118 892 “incurvare
1149 864 1199 891 se
1229 849 1438 903 operibus
1468 860 1682 889 manuum

199 927 376 956 suarum
388 914 408 930 ’⁹
443 914 721 968 significatur
755 913 905 955 cultus
941 928 1001 955 ex
1041 913 1210 955 talibus
1245 925 1361 966 quae
1402 925 1462 952 ex
1503 907 1699 964 propria

198 977 530 1030 intelligentia;
566 977 685 1031 quod
716 991 775 1018 ex
801 977 981 1030 proprio
1010 982 1058 1017 et
1089 989 1180 1016 non
1211 989 1271 1016 ex
1304 975 1484 1023 Divino,
1511 972 1682 1027 signifi·

198 1046 327 1081 catur
346 1053 426 1094 per
448 1040 606 1093 “quod
627 1040 906 1080 deseruerint
929 1038 1043 1080 Me.''
1103 1038 1243 1092 Apud
1263 1037 1469 1086 Esaiam,

264 1129 287 1143 “
297 1127 340 1160 In
355 1128 414 1160 die
427 1127 490 1159 illo
502 1128 668 1168 respiciet
678 1127 789 1159 homo
801 1127 847 1159 ad
865 1125 1053 1159 Factorem
1067 1136 1184 1164 suum,
1197 1132 1232 1158 et
1249 1126 1343 1158 oculi
1355 1125 1434 1166 ejus
1447 1125 1494 1157 ad
1510 1122 1683 1157 Sanctum

373 1170 518 1203 Israelis
531 1169 754 1211 speetabunt,
767 1177 804 1202 et
820 1181 893 1202 non
908 1171 1077 1211 respiciet
1092 1171 1138 1202 ad
1155 1170 1291 1207 altaria,
1306 1179 1396 1210 opus
1413 1178 1585 1200 manuum
1602 1178 1685 1200 sua-

372 1224 451 1246 rum
478 1220 515 1246 et
529 1214 625 1256 quod
641 1214 804 1246 fecerunt
819 1213 922 1254 digiti
938 1213 1019 1254 ejus
1036 1223 1109 1245 non
1126 1212 1304 1254 spectabit
1314 1212 1332 1225 ’'
1348 1213 1445 1253 (xvii.
1464 1220 1493 1251 7,
1512 1212 1564 1252 8):

181 1299 311 1342 .haec
342 1300 400 1342 de
432 1300 633 1342 adventu
664 1300 847 1341 Domini
878 1307 925 1342 et
961 1300 1018 1342 de
1054 1313 1173 1341 nova
1204 1306 1314 1341 tunc
1344 1299 1563 1350 ecclesia;
1604 1313 1685 1354 per

202 1360 514 1404 “Pastorem'’
548 1363 606 1404 ad
645 1376 779 1416 quem
823 1369 931 1404 tunc
971 1362 1111 1403 homo
1151 1363 1376 1416 respiciet,
1413 1361 1684 1415 intelligitur

201 1424 421 1481 Dominus
445 1426 594 1479 quoad
620 1425 833 1466 Divinum
859 1425 1066 1476 Bonum;
1104 1431 1151 1466 et
1177 1439 1257 1478 per
1284 1422 1538 1466 “Sanctum
1565 1425 1683 1465 Isra-

168 1528 170 1530 ,
201 1487 284 1530 elis
296 1487 318 1503 '’
341 1488 400 1528 ad
431 1501 564 1541 quem
589 1487 706 1529 oculi
731 1487 825 1540 ejus
851 1486 1137 1541 spectabunt,
1165 1487 1436 1540 intelligitur
1461 1487 1683 1528 Dominus

92 1560 114 1586 »ἢ
183 1550 352 1604 -quoad
369 1549 582 1591 Divinum
595 1549 766 1591 Verum
784 1565 794 1600 ;
821 1550 1113 1604 per-“altaria
1123 1550 1143 1566 '’
1154 1564 1268 1604 quae
1282 1555 1433 1603 “opus
1447 1550 1683 1591 manuum‘'

168 1635 173 1638 —1
199 1618 248 1654 et
262 1626 378 1666 quae
392 1612 632 1654 “fecerunt
652 1613 823 1666 digiti,’'
840 1614 898 1654 ad
920 1627 1034 1667 quae
1059 1613 1199 1654 homo
1220 1626 1311 1654 non
1332 1611 1572 1666 spectabit,
1591 1614 1683 1666 sig-

86 1670 122 1702 '’·‘
148 1697 149 1700 =
191 1673 406 1716 *nificatur
429 1675 578 1717 cultus
603 1690 662 1716 ex
694 1675 824 1716 malis
855 1683 902 1717 et
933 1676 1037 1716 inde
1068 1675 1190 1716 falsis
1215 1674 1447 1716 doctrinae
1478 1689 1593 1729 quae
1623 1690 1684 1717 ex

112 1747 137 1757 ’
199 1738 378 1792 propria
401 1738 734 1791 intelligentia:
772 1739 876 1779 inde
902 1752 982 1791 per
1005 1738 1083 1779 illa
1107 1738 1245 1779 verba
1270 1738 1542 1791 intelligitur
1562 1739 1683 1792 quod

83 1795 163 1858 {sp
200 1812 334 1842 omne
351 1799 583 1842 doetrinae
605 1801 689 1842 erit
711 1815 771 1841 ex
789 1800 987 1842 Domino
1007 1807 1054 1842 et
1077 1814 1167 1841 non
1189 1815 1248 1842 ex
1271 1802 1451 1854 proprio
1472 1801 1681 1850 hominis,

202 1863 323 1916 quod
347 1862 398 1904 fit
423 1864 604 1917 quando
629 1863 766 1904 homo
791 1864 836 1904 in
862 1861 1098 1904 affectione
1122 1864 1215 1904 veri
1241 1863 1459 1917 spirituali
1485 1870 1571 1912 est,
1594 1864 1681 1906 hoc

200 1931 287 1974 est,
312 1926 494 1979 quando
514 1932 639 1966 amat
665 1926 809 1979 ipsum
836 1939 991 1966 verum
1016 1926 1119 1979 quia
1139 1939 1308 1974 verum,
1332 1932 1379 1967 et
1405 1939 1495 1967 non
1518 1927 1683 1979 princi-

93 1983 138 2046 ‘3⁴
201 1987 364 2042 'paliter
387 1989 490 2042 quia
515 1989 554 2029 ei
580 1988 698 2029 sama
723 1995 769 2029 et
796 2002 974 2029 nomen.
1034 1988 1173 2042 Apud
1199 1986 1406 2038 eundem,

265 2072 430 2120 Jehovah
444 2078 463 2092 “
474 2077 572 2109 dedit
587 2078 675 2109 deos
686 2077 705 2089 ’¹
719 2087 843 2118 regum
860 2077 1034 2109 Aschuris
1051 2077 1115 2108 “in
1136 2078 1267 2118 ignem,
1284 2079 1367 2119 quia
1383 2088 1456 2110 non
1473 2079 1522 2111 dii
1539 2079 1600 2118 illi,
1618 2080 1681 2112 sed

323 2121 326 2123 ”
374 2130 465 2161 opus
481 2131 653 2152 manuum
670 2121 838 2159 hominis,
855 2121 992 2161 lignum
1010 2127 1046 2153 et
1062 2121 1187 2161 lapis”
1204 2122 1348 2160 (xxxvii.
1365 2123 1418 2162 19)
1432 2134 1439 2155 :

201 2220 281 2261 per
321 2208 469 2249 “deos
508 2221 665 2261 regum
706 2207 959 2249 Aschuris”
999 2207 1310 2261 significantur
1348 2210 1583 2251 ratiocinia
1623 2225 1683 2252 ex

102 2265 145 2315 ³,
200 2264 322 2311 falsis
361 2277 408 2311 et
448 2269 592 2319 malis,
630 2284 743 2324 quae
785 2270 1064 2311 concordant
1106 2283 1207 2311 cum
1244 2272 1423 2325 proprio
1459 2272 1681 2323 hominis3

132 2353 149 2374 ,ε
201 2343 335 2385 quare
359 2332 498 2373 etiam
528 2339 749 2373 vocantur
777 2337 927 2386 “opus
953 2346 1164 2373 manuum
1190 2333 1383 2375 hominis
1402 2334 1440 2374 :‘'
1471 2334 1682 2388 “lignum

200 2398 250 2434 et
269 2393 423 2447 lapis,'’
439 2408 517 2435 seu
538 2394 708 2435 idolum
732 2395 930 2448 ligneum
954 2402 1000 2436 et
1023 2395 1264 2448 lapideum,
1283 2395 1539 2450 significant
1563 2397 1683 2438 mala

124 2494 137 2510 ›.
201 2461 249 2498 et
282 2456 394 2560 {usa
428 2457 657 2511 religionis
693 2464 739 2499 et
778 2456 1009 2499 doftrinae
1044 2472 1159 2512 quae
1194 2473 1254 2500 ex
1290 2461 1482 2514 proprio.
1543 2459 1681 2514 Apud

112 2526 114 2529 '
146 2543 151 2554 ι
171 2530 287 2560 eun
322 2532 409 2568 em,

269 2605 340 2639 “In
363 2607 422 2639 die
445 2607 508 2639 illo
531 2608 694 2648 rejicient
713 2609 862 2650 quisque
882 2609 981 2640 idola
999 2609 1137 2649 argenti
1159 2609 1215 2641 sui
1239 2616 1274 2642 et
1297 2610 1392 2642 idola
1411 2611 1488 2642 auri
1508 2611 1573 2648 sui,
1591 2621 1682 2652 quae

373 2650 534 2683 iecerunt
553 2652 656 2684 vobis
680 2662 809 2684 manus
828 2659 979 2690 vestrae,
999 2660 1183 2693 peccatum
1201 2663 1208 2692 ;
1233 2660 1269 2685 et
1287 2660 1371 2686 tunc
1390 2655 1493 2686 cadet
1511 2655 1682 2686 Aschur'’

371 2694 478 2734 (xxxi.
498 2692 546 2736 7[‚
564 2693 633 2737 SD:

193 2777 288 2819 2hoc
319 2779 376 2820 de
405 2780 731 2822 instauratione
756 2781 1000 2832 ecclesiae3
1037 2788 1083 2823 et
1115 2796 1194 2836 per
1226 2783 1393 2824 “idola
1422 2785 1601 2837 argenti
1633 2791 1680 2825 et

202 2839 325 2882 idola
358 2842 491 2891 auri,’'
520 2856 634 2896 quae
671 2844 714 2883 in
752 2844 823 2884 die
860 2844 938 2884 illo
973 2843 1189 2897 rejicient,
1224 2845 1533 2898 significantur
1569 2846 1681 2887 salsa

119 2895 158 2922 ’Ῑ’
202 2909 250 2944 et
279 2903 398 2944 mala
426 2904 654 2958 religionis
690 2912 736 2947 et
773 2905 934 2954 cultus,
966 2919 1080 2959 quae
1110 2914 1277 2948 vocant
1308 2922 1415 2949 vera
1450 2915 1495 2949 et
1531 2909 1678 2958 bona3

200 2970 251 3006 et
274 2966 377 3020 quia
399 2966 511 3008 falsa
535 2974 582 3008 et
612 2968 731 3008 mala
756 2968 985 3021 religionis
1016 2976 1063 3010 et
1094 2969 1241 3011 cultus
1273 2977 1376 3012 sunt
1408 2984 1467 3012 ex
1499 2971 1678 3024 propria
