1962 3334
438 0 564 34 ·‘²·.‘’·“'³-¹7'.
594 0 703 6 ·
728 2 730 6 ’
746 1 755 14 ·’
771 0 787 9 ’
803 3 814 19 1

603 289 709 322 CAP.
733 289 816 330 XL,
839 289 976 321 VERs.
998 281 1147 321 8.—N.
1169 276 1340 333 654[lz].
1480 275 1483 277 ’
1605 290 1622 319 ι
1629 288 1714 332 739

234 404 487 447 scientificis
511 403 701 445 destruit
726 416 831 443 vera
861 409 907 443 et
938 402 1058 443 bona
1084 401 1316 457 ecclesiae,
1344 415 1403 442 ex
1429 400 1614 454 singulis
1644 401 1714 442 his

233 469 278 508 in
303 480 434 507 sensu
459 465 676 519 spirituali
700 465 805 505 visis
830 471 984 517 patet:
1017 478 1096 517 per
1119 463 1438 505 “exercitum''
1459 464 1577 503 enim
1606 467 1712 504 “re-

233 530 301 583 gis
326 529 543 582 Aegypti,
571 529 644 581 qui
673 527 755 568 fuit
780 527 899 579 apud
924 527 1087 568 flumen
1114 526 1431 579 Euphratem,”
1458 525 1712 578 significan-

233 599 306 632 tur
330 590 574 632 scientifica
594 589 702 630 salse
724 589 962 643 applicata,
986 596 1032 630 et
1058 603 1117 630 ex
1140 589 1228 629 illis
1250 589 1506 638 ratiocinia;
1543 592 1715 642 “quem

233 654 451 706 percussit
477 652 861 693 Nebuchadnezar
885 665 967 692 rex
995 651 1174 692 Babelis
1192 651 1211 666 ”
1236 650 1458 704 significat
1483 652 1714 692 interitum

232 715 325 768 ejus
360 730 439 769 per
472 715 637 756 fastum
673 715 876 768 propriae
906 714 1260 767 intelligentiae;
1306 713 1456 766 “Quis
1491 714 1562 754 hic
1598 714 1715 754 sicut

233 777 395 818 flumen
422 778 638 826 ascendit,
663 776 784 830 cujus
808 790 950 830 aquae
975 777 1089 817 sicut
1110 775 1291 816 flumina
1316 782 1659 816 commoventur
1676 775 1715 815 ?”

233 840 454 892 significat
486 841 709 893 propriam
740 839 1102 892 intelligentiam,
1136 846 1181 880 et
1218 839 1312 892 ejus
1342 839 1453 879 falsa
1483 839 1715 880 destruere

233 904 443 943 conantia
464 916 569 943 vera
590 902 805 943 ecclesiae
825 917 834 953 ;
870 902 1154 955 “Aegyptus
1176 902 1290 942 sicut
1309 901 1471 942 flumen
1493 902 1712 949 ascendit,

233 971 279 1006 et
303 966 417 1006 sicut
442 965 622 1005 flumina
646 972 988 1006 commoventur
1012 964 1192 1018 aquae‚”
1214 963 1437 1017 significat
1463 964 1715 1005 naturalem

233 1029 460 1069 hominem
483 1042 541 1068 ex
567 1042 615 1068 se
641 1041 718 1068 seu
743 1041 802 1068 ex
829 1028 1007 1080 proprio
1030 1033 1190 1068 contra
1210 1041 1316 1067 vera
1337 1027 1555 1068 ecclesiae
1577 1029 1715 1068 ratio-

234 1091 488 1141 cinantem;
523 1091 676 1131 “dixit
701 1091 833 1139 enim,
862 1090 1137 1139 Ascendam,
1166 1090 1381 1143 obtegam
1407 1097 1586 1139 terram,
1615 1104 1715 1143 per-

235 1153 339 1194 dam
375 1153 530 1193 urbem
570 1160 616 1193 et
653 1153 912 1193 habitantes
948 1153 992 1192 in
1028 1152 1119 1201 ea‚”
1156 1152 1379 1205 significat
1417 1160 1631 1193 conatum
1667 1160 1716 1194 et

234 1215 501 1256 desiderium
533 1216 748 1269 perdendi
779 1215 1030 1263 ecclesiam,
1063 1222 1109 1255 et
1141 1213 1371 1255 doctrinae
1403 1214 1496 1267 ejus
1526 1228 1632 1254 vera
1667 1222 1715 1256 et

233 1279 379 1329 bona;
423 1278 715 1319 “Ascendite
746 1279 860 1331 equi,
893 1285 939 1318 et
970 1279 1162 1318 insanite
1194 1291 1360 1325 currus,
1394 1285 1441 1318 et
1473 1278 1597 1318 exite
1628 1277 1714 1318 for-

234 1340 343 1389 tes,”
365 1340 587 1394 significat
609 1354 687 1393 per
708 1341 970 1393 imaginaria
991 1355 1104 1394 quae
1128 1355 1186 1381 ex
1210 1340 1409 1388 fallaciis,
1433 1347 1480 1381 et
1507 1354 1585 1393 per
1605 1340 1717 1382 falsa

235 1402 463 1445 doctrinae
495 1405 759 1445 confirmata
789 1418 848 1444 ex
881 1403 1150 1453 scientificis,
1184 1419 1242 1444 ex
1275 1404 1432 1457 quibus
1464 1404 1545 1443 sibi
1577 1416 1715 1456 appa-

234 1472 335 1507 rent
360 1466 522 1517 validi;
567 1467 813 1507 “comedet
845 1467 1034 1519 gladius,
1062 1474 1108 1508 et
1134 1467 1420 1515 saturabitur,
1448 1474 1494 1507 et
1525 1466 1716 1506 inebria-

234 1529 354 1570 bitur
376 1543 403 1570 a
433 1531 648 1582 sanguine
674 1530 866 1578 eorum,''
891 1529 1116 1582 significat
1148 1528 1499 1570 destructionem
1526 1529 1717 1570 totalem

236 1592 450 1632 naturalis
493 1593 685 1633 hominis
730 1606 808 1645 per
852 1592 962 1633 falsa
1011 1600 1057 1633 et
1102 1605 1181 1645 per
1220 1592 1552 1632 falsificationes
1597 1593 1716 1641 veri;

238 1654 492 1696 “Ascende
520 1655 693 1704 Gilead,
721 1662 767 1696 et
799 1669 923 1696 sume
954 1655 1205 1696 balsamum
1237 1654 1326 1695 filia
1355 1654 1599 1707 Aegypti,''
1625 1656 1716 1708 sig·

237 1715 391 1757 nificat
415 1731 522 1757 vera
545 1730 703 1758 sensus
728 1718 907 1759 litterae
934 1718 1089 1766 Verbi,
1116 1725 1163 1759 et
1194 1719 1299 1759 inde
1324 1719 1718 1759 ratiocinationem

237 1785 284 1820 et
306 1780 714 1832 patrocinationem
735 1792 745 1829 3
778 1793 856 1832 per
880 1784 905 1801 ‘¹
919 1780 1112 1822 Gilead''
1133 1782 1252 1821 enim
1278 1780 1557 1834 significatur
1577 1781 1718 1822 ratio-

238 1842 407 1883 cinatio
438 1856 497 1883 ex
534 1855 668 1882 sensu
703 1842 884 1883 litterae
920 1843 1075 1892 Verbi,
1112 1857 1191 1897 per
1226 1857 1360 1897 quam
1396 1843 1719 1885 confirmantur

236 1903 359 1953 falsa,
393 1918 497 1945 nam
534 1904 692 1945 Gilead
724 1911 820 1945 erat
857 1918 946 1945 non
983 1904 1137 1957 procul
1167 1904 1225 1944 ab
1256 1904 1503 1956 Euphrate,
1536 1911 1582 1945 et
1613 1904 1718 1945 inde

237 1973 334 2008 erat
365 1980 479 2016 cera,
512 1967 853 2020 opobalsamum
883 1974 930 2008 et
962 1965 1121 2015 stacte,
1154 1974 1200 2008 et
1236 1965 1354 2007 faeta
1389 1973 1459 2008 est
1490 1967 1718 2008 hereditas

236 2028 335 2070 filiis
361 2030 581 2070 Menassis
606 2037 652 2070 et
678 2030 887 2070 dimidiae
914 2030 1047 2087 tribui
1074 2029 1212 2070 Gadis

361 2135 456 2175 (Gen.
474 2135 566 2166 xxxi.
585 2143 646 2173 21;
669 2145 744 2175 cap.
761 2135 890 2167 xxxvii.
909 2143 948 2174 25
964 2146 971 2167 :
997 2136 1107 2166 Num.
1124 2135 1230 2167 xxxii.
1249 2143 1311 2176 29:
1341 2136 1415 2177 Jos.
1434 2135 1508 2168 xiii.
1530 2135 1607 2175 25);

239 2239 357 2280 unde
383 2253 460 2292 per
487 2238 799 2287 “Gileadem‚‘’
825 2246 1003 2291 praeter
1027 2239 1127 2287 alia,
1155 2239 1462 2292 significantur
1486 2241 1720 2281 ratiocinia

239 2316 298 2343 ex
321 2315 453 2342 sensu
475 2301 652 2342 litterae
671 2301 825 2349 Verbi,
845 2314 923 2353 per
943 2305 967 2321 “
980 2301 1230 2341 balsamum
1243 2302 1261 2316 '’
1279 2302 1555 2354 significatur
1575 2303 1718 2355 appli-

239 2365 358 2405 catio
392 2371 439 2405 et
474 2365 577 2405 inde
613 2364 710 2404 falsi
746 2363 1040 2411 confirmatio,
1074 2370 1120 2404 et
1157 2377 1235 2416 per
1273 2364 1446 2405 “filiam
1482 2365 1719 2418 Aegypti''

237 2424 414 2466 affefflo
445 2426 541 2466 falsi
572 2440 685 2479 quae
717 2426 797 2466 tali
829 2426 1074 2467 ecclesiae:
1115 2427 1195 2466 “in
1220 2440 1385 2467 vanum
1411 2427 1719 2480 multiplicasti

238 2488 580 2537 medicamenta,
619 2490 796 2529 sanatio
832 2502 920 2529 non
958 2489 1078 2537 tibi‚”
1114 2489 1335 2542 significat
1372 2491 1490 2544 quod
1532 2491 1640 2531 talia
1674 2492 1718 2531 in

239 2563 500 2604 quacunque
532 2552 660 2603 copia
691 2551 798 2591 nihil
829 2552 926 2603 opis
957 2551 1114 2599 ferant,
1148 2554 1358 2605 quoniam
1394 2554 1455 2594 sic
1488 2554 1583 2606 ipsa
1612 2567 1719 2593 vera

240 2612 539 2654 falsificantur.
598 2613 736 2666 Apud
760 2614 927 2662 Mosen,

304 2707 514 2739 “Persecuti
538 2714 621 2740 sunt
640 2708 807 2749 Aegyptii
832 2708 923 2739 filios
950 2708 1102 2746 Israelis,
1122 2715 1157 2740 et
1178 2716 1355 2741 venerunt
1379 2716 1460 2750 post
1482 2711 1574 2748 illos,
1591 2721 1718 2742 omnes

410 2751 489 2791 equi
509 2750 714 2789 Pharaonis,
732 2761 852 2782 currus
870 2751 957 2791 ejus,
974 2758 1009 2782 et
1022 2752 1161 2792 equites
1177 2753 1254 2792 ejus
1274 2753 1309 2784 in
1329 2754 1483 2785 medium
1501 2755 1608 2785 maris
1622 2765 1645 2785 ;.
1661 2779 1667 2785 .
1682 2779 1688 2785 .
1705 2779 1712 2786 .

410 2794 474 2825 sed
496 2793 656 2835 Jehovah
681 2796 886 2834 prospice-ns
909 2795 953 2826 ad
978 2802 1093 2826 castra
1113 2795 1397 2836 Aegyptiorum„
1412 2821 1420 2828 .
1433 2822 1440 2828 .
1455 2796 1718 2837 .perturbavit”

410 2836 494 2875 illa„
509 2838 707 2869 ‚⁴‘removit
735 2845 848 2868 rotam
875 2847 1039 2869 curruum
1064 2838 1167 2878 ejus„
1182 2864 1190 2870 .
1203 2863 1210 2870 .
1226 2846 1276 2870 ,et
1299 2850 1461 2871 reversae
1489 2847 1572 2871 sunt
1594 2850 1716 2880 aquae.

408 2886 445 2911 et
460 2887 673 2920 operuerunt
692 2890 813 2912 currus
830 2887 864 2912 et
881 2881 1016 2921 equites
1034 2891 1112 2912 cum
1130 2882 1297 2914 universo
1317 2884 1471 2915 exercitu
1491 2883 1716 2915 Pharaonis’·

411 2922 532 2963 (Exod.
551 2924 619 2955 xiv.
639 2921 706 2965 [23,
728 2922 796 2964 24‚]
816 2925 944 2963 25—283
968 2934 1042 2965 cap.
1060 2935 1116 2956 xv.
1136 2933 1186 2966 19,
1204 2926 1278 2966 21):
