1962 3334
273 281 289 310 1
298 269 378 324 872
682 280 1016 314 APOCALYPSIS
1048 283 1347 316 EXPLICATA.

268 393 408 435 cultus
434 394 626 443 Domini,
655 401 725 436 est
752 396 855 449 quia
886 397 929 437 in
962 399 1082 438 novo'
1108 397 1235 438 caelo
1267 404 1313 438 et
1345 398 1389 438 in
1422 411 1538 439 nova
1564 398 1755 440 ecclesia

267 457 431 498 colitur
454 458 575 498 solus
601 458 848 509 Dominus;
882 473 972 500 non
999 461 1117 500 enim
1144 461 1202 500 ibi
1228 461 1520 514 distinguitur
1543 461 1754 502 Divinum

266 521 310 561 in
342 527 435 562 tres
468 521 702 570 Personas,
737 522 815 562 sed
848 523 891 562 in
925 523 1111 563 Trinum
1143 525 1186 564 in
1219 538 1306 564 una
1338 525 1547 574 Persona,
1581 525 1637 566 de
1668 539 1754 578 qua

266 583 493 624 Trinitate
519 584 760 625 videantur
786 599 900 638 quae
931 587 975 626 in
1006 586 1223 626 Doc‘lrz'na
1248 587 1402 627 Novae
1426 587 1755 640 Hz'erosolymae

266 655 300 690 (a
314 664 344 684 n.
362 657 421 684 280
435 657 476 684 ad
492 656 565 694 310)
593 646 764 698 scripta
789 653 920 686 sunt:
958 647 1043 687 hoc
1075 661 1254 700 quoque
1286 654 1356 688 est
1386 649 1507 701 quod
1533 648 1752 702 intelligi-

265 712 337 746 tur
362 707 405 746 in
432 706 718 759 Apocalypsi,
747 707 819 747 ubi
847 709 996 760 agitur
1022 708 1077 748 de
1106 708 1236 749 Nova
1265 709 1597 762 Hierosolyma,

330 799 563 833 ‘¹1¹1Ceterum
582 798 616 833 et
634 803 805 842 templum
825 813 897 834 non
923 803 994 834 vidi
1020 803 1054 834 in
1076 803 1146 841 illa,
1168 804 1249 844 quia
1269 803 1445 835 Dominus
1471 804 1567 836 Deus
1592 805 1754 845 omnipo-

438 853 517 877 tens
535 846 723 886 Templum
742 846 818 886 ejus
836 853 890 877 est
909 853 944 877 et
961 847 1087 886 Agnus
1100 846 1118 858 ’¹
1135 848 1224 887 (cap.
1242 847 1311 878 xxi.
1330 847 1404 887 22):

263 954 341 993 per
370 941 655 981 “Dominum
683 941 830 982 Deum
863 943 1228 995 omnipotentem
1261 949 1306 983 et
1339 942 1557 995 Agnum''
1583 942 1751 983 intelli·

262 1005 383 1056 gitur
410 1004 631 1045 Dominus
658 1005 805 1058 quoad
840 1005 991 1058 Ipsum
1021 1005 1231 1045 Divinum
1258 1018 1309 1045 ac
1338 1005 1549 1045 Divinum
1578 1005 1751 1047 Huma-

263 1079 397 1117 num;
440 1067 560 1120 quod
597 1068 656 1107 ibi
691 1071 819 1107 “non
859 1067 1079 1121 templum
1117 1069 1261 1107 visum
1299 1067 1397 1115 sit‚'’
1430 1075 1498 1108 est
1536 1069 1638 1122 quia
1675 1082 1752 1122 per

265 1129 523 1183 “templum
540 1130 559 1145 ''
581 1131 625 1170 in
653 1144 864 1183 supremo
891 1145 1024 1171 sensu
1051 1131 1328 1183 significatur
1355 1131 1575 1171 Dominus
1602 1132 1750 1185 quoad

262 1190 477 1230 Divinum
510 1191 682 1231 Verum
714 1198 760 1232 et
791 1192 942 1244 quoad
975 1192 1149 1231 cultum
1183 1203 1232 1240 (ut
1255 1211 1360 1240 supra,
1381 1211 1413 1231 n.
1438 1203 1531 1236 220,
1555 1203 1751 1244 391[b,c,e],

259 1249 354 1301 630,
369 1266 530 1290 ostensum
547 1263 621 1299 est),
641 1258 687 1291 et
711 1253 814 1304 quia
836 1265 916 1304 per
936 1256 961 1271 ‘⁴
976 1251 1157 1291 Novam
1183 1251 1591 1303 Hierosolymam’'
1613 1252 1749 1292 intel—

263 1310 417 1363 ligitur
462 1312 654 1353 ecclesia
703 1313 851 1366 quoad
898 1311 1164 1361 d0&rinam‚
1212 1327 1290 1353 seu
1339 1311 1544 1353 doctrina
1593 1313 1751 1354 Novae

265 1373 626 1427 Hierosolymae.
689 1375 756 1416 At
784 1390 922 1429 usque
950 1383 1054 1415 sunt
1082 1375 1255 1428 templa
1281 1376 1324 1415 in
1352 1375 1493 1423 caelo,
1522 1377 1565 1415 in
1592 1376 1750 1429 quibus

261 1437 547 1489 praedicatur
574 1439 810 1487 Dominus,
839 1452 889 1478 ac
917 1439 1107 1478 docetur
1135 1438 1346 1478 Divinum
1375 1438 1558 1478 Verum.

337 1511 455 1555 700
463 1503 554 1556 [α].
586 1504 664 1543 “Et
680 1504 762 1544 visa
777 1507 844 1544 est
859 1517 962 1544 arca
979 1504 1159 1544 foederis
1174 1503 1302 1556 Ipsius
1314 1504 1353 1543 in
1370 1505 1513 1556 templo
1528 1504 1752 1556 Ipsius.”—

260 1562 394 1616 Quod
432 1565 655 1618 significet
692 1565 906 1606 Divinum
949 1565 1123 1613 Verum,
1151 1572 1236 1618 per
1272 1566 1390 1618 quod
1420 1566 1656 1619 conjunHz'o
1685 1573 1751 1606 est

257 1640 351 1667 curn
386 1627 587 1676 Domino,
622 1635 805 1669 constat
844 1643 902 1669 ex
941 1627 1271 1681 significatione
1311 1632 1482 1668 “arcae
1519 1628 1750 1677 foederis,’'

258 1688 379 1741 quod
415 1690 474 1729 sit
511 1689 726 1729 Divinum
759 1689 931 1729 Verum
969 1689 1223 1742 procedens
1260 1703 1284 1728 a
1321 1689 1520 1729 Domino
1556 1700 1610 1734 (de
1625 1709 1750 1737 quase-

256 1759 391 1797 quitur).
452 1749 588 1801 Quod
614 1754 758 1789 “arca
787 1749 1015 1789 foederis”
1041 1750 1137 1788 visa
1169 1750 1242 1796 sit,
1275 1756 1373 1789 erat
1405 1750 1507 1802 quia
1538 1751 1748 1802 apparuit

260 1810 522 1864 “templum
541 1810 574 1861 ;”
607 1817 653 1857 et
685 1811 729 1850 in
762 1811 913 1850 medio
940 1810 1118 1863 Templi
1148 1810 1496 1863 Hierosolymae
1523 1811 1603 1851 fuit
1629 1825 1746 1860 arca,

256 1874 301 1913 in
327 1887 414 1926 qua
440 1874 666 1926 repositae
694 1873 870 1913 fuerunt
903 1873 1034 1913 binae
1062 1873 1244 1913 tabulae
1273 1873 1424 1926 Legis,
1454 1887 1531 1926 per
1562 1888 1672 1927 quas
1704 1876 1746 1914 in

257 1937 497 1977 universali
524 1951 657 1977 sensu
684 1936 1022 1989 significabatur
1054 1936 1267 1976 Divinum
1295 1937 1465 1977 Verum
1498 1938 1747 1990 procedens

256 2014 281 2040 a
309 2000 520 2049 Domino,
550 2001 613 2040 ita
647 2000 748 2053 Ipse
782 2000 1016 2047 Dominus,
1051 2001 1124 2053 qui
1156 2006 1226 2040 est
1260 2000 1470 2040 Divinum
1500 2000 1670 2041 Verum
1702 2002 1746 2042 in

257 2063 408 2110 caelis,
438 2078 496 2104 ex
529 2077 617 2117 quo
649 2064 788 2103 etiam
816 2063 1037 2102 Dominus
1064 2070 1252 2103 vocatur
1280 2059 1499 2102 Verbum*
1514 2063 1633 2116 apud
1660 2064 1745 2112 Jo-

255 2127 442 2167 hannem
480 2126 596 2180 (cap.
631 2127 655 2166 i.
695 2137 728 2174 1,
763 2137 800 2174 2,
841 2124 923 2178 14).
997 2125 1131 2178 Quod
1172 2125 1344 2166 “arca'’
1382 2126 1466 2166 hoc
1505 2126 1742 2179 significet,

255 2196 351 2230 erat
386 2190 488 2243 quia
522 2189 788 2229 Tentorium
822 2195 1074 2228 conventus
1106 2189 1480 2241 repraesentabat
1515 2196 1608 2229 tres
1641 2202 1744 2230 cae-

255 2252 322 2293 los
344 2267 352 2302 ;
386 2253 548 2292 atrium
572 2252 664 2304 ejus
683 2251 889 2291 ultimum
914 2265 991 2291 seu
1015 2252 1205 2304 primum
1223 2251 1424 2301 caelum;
1458 2251 1602 2304 ipsum
1621 2251 1744 2292 Ten-

255 2316 419 2356 torium
458 2329 596 2368 usque
636 2315 693 2355 ad
731 2314 896 2362 velum,
936 2314 1009 2354 ubi
1050 2321 1178 2354 erant
1221 2327 1376 2354 mensa
1417 2328 1497 2367 pro
1537 2313 1740 2367 panibus,

253 2378 398 2419 altare
444 2378 619 2418 suffitus
665 2384 710 2418 et
752 2377 1089 2425 candelabrum,
1132 2377 1505 2430 repraesentabat
1547 2378 1742 2418 medium

254 2456 331 2482 seu
369 2442 616 2482 secundum
655 2441 857 2490 caelum;
902 2446 947 2480 et
989 2453 1092 2480 arca
1132 2454 1245 2493 quae
1286 2447 1381 2480 erat
1423 2441 1540 2480 intra
1576 2440 1740 2488 velum,

255 2519 387 2558 super
418 2519 504 2557 qua
537 2511 633 2544 erat
661 2504 1024 2557 propitiatorium
1052 2516 1151 2542 cum
1179 2503 1400 2550 cherubis,
1428 2510 1741 2555 repraesenta-

253 2569 331 2609 bat
359 2569 567 2608 intimum
595 2581 672 2607 seu
700 2567 884 2607 tertium
912 2566 1114 2615 caelum;
1153 2572 1201 2606 et.
1232 2566 1327 2618 ipsa
1360 2565 1474 2613 Lex,
1504 2579 1616 2618 quae
1643 2572 1739 2606 erat

252 2632 296 2671 in
322 2644 440 2678 arca,
467 2630 841 2683 repraesentabat
870 2629 1115 2669 Dominum
1147 2628 1295 2681 quoad
1330 2628 1540 2668 Divinum
1569 2627 1739 2668 Verum

252 2708 330 2734 seu
368 2693 595 2733 Verbum:
644 2699 690 2733 et
732 2694 834 2746 quia
874 2690 1129 2744 conjunEtio
1171 2705 1270 2731 cum
1314 2691 1511 2731 Domino
1551 2697 1620 2731 est
1662 2705 1740 2744 per

253 2755 469 2803 Verbum,
498 2756 599 2795 ideo
631 2768 735 2795 arca
766 2754 843 2794 illa
869 2754 1119 2794 vocabatur
1148 2758 1289 2794 “arca
1320 2754 1510 2794 foederis
1530 2753 1563 2803 ;''
1608 2754 1737 2794 “foe-

251 2819 334 2857 dus
347 2818 366 2832 '¹
397 2818 518 2857 enim
549 2816 773 2869 significat
810 2814 1191 2868 conjunctionem.
1264 2826 1376 2862 (Quod
1395 2826 1582 2854 Tentorium
1602 2834 1659 2854 seu
1678 2826 1740 2854 Ta-

251 2878 455 2906 bernaculum
473 2876 747 2913 repraesentaverit
763 2876 894 2903 formam
918 2875 1004 2908 caeli,
1021 2880 1051 2903 et
1073 2876 1160 2912 quod
1183 2884 1245 2903 una
1268 2884 1339 2903 cum
1362 2875 1440 2903 atrio
1463 2874 1739 2911 repraesentaverit

251 2928 311 2952 tres
327 2923 440 2956 cacioS,
457 2927 487 2951 et
502 2923 590 2959 quod
605 2921 749 2950 sancitum
765 2921 958 2955 sancitorum,
971 2921 1059 2958 quod
1074 2925 1139 2949 erat
1155 2920 1308 2955 intimum,
1322 2921 1375 2949 ubi
1391 2929 1472 2954 arca,
1489 2920 1519 2948 in
1535 2928 1598 2957 qua
1613 2920 1739 2948 tabulae
