1962 3334
291 292 399 346 1496
700 300 1032 333 APOCALYPSIS
1064 300 1363 332 EXPLICATA.

361 413 467 455 Quod
486 412 650 455 Jehovah
670 413 908 453 praecesserit
928 413 1085 444 interdiu
1105 413 1142 444 in
1162 412 1332 445 columna
1351 411 1456 443 nubis
1460 436 1552 450 .....
1560 417 1596 444 et
1615 409 1752 443 noetu'
1744 420 1780 443 m

459 456 655 488 columna
646 457 739 496 ignis
754 457 876 494 (Exod.
894 457 967 488 xiii.
987 454 1096 498 [21]);

360 500 465 542 Quod
493 501 633 531 steterit
663 500 833 531 columna
857 500 962 531 nubis
987 500 1080 532 inter
1107 506 1226 532 castra
1249 499 1402 531 filiorum
1432 498 1577 531 Israelis
1601 504 1637 531 et
1664 504 1780 530 castra

458 544 721 584 Aegyptiorum
743 544 867 584 (Exod.
889 544 958 576 xiv.
979 544 1106 584 19-21).

284 625 424 680 Apud
449 626 683 676 Davidem,

362 701 472 777 Deusl
487 702 616 753 “du-itit
640 713 703 786 e)os
733 703 769 734 in
796 703 891 734 nube
917 702 1083 741 interdiu,
1108 709 1144 734 et
1167 708 1244 734 tota
1267 700 1374 734 noete
1398 702 1435 734 in
1460 702 1539 734 luce
1563 701 1656 742 ignis
1667 700 1686 713 '’
1709 700 1781 742 (Ps.

474 756 594 778 xxvm.
615 755 655 785 14
684 756 690 784 ;

285 827 335 863 et
361 821 467 862 alibi
493 822 611 875 apud
639 822 847 871 eundem,

352 896 531 929 “Laetata
555 904 610 930 est
634 897 826 938 Aegyptus
851 908 931 929 cum
957 898 1107 936 exirent,
1132 897 1215 939 quia
1239 897 1367 929 cecidit
1391 906 1504 938 pavor
1526 906 1651 928 eorum
1676 905 1783 936 super

462 941 568 979 illos;
593 942 765 982 expandit
783 942 939 973 nubem'
931 952 967 973 ιη
982 948 1242 982 tegumentum,
1257 947 1293 973 et
1311 942 1431 982 ignem
1445 941 1490 972 ad
1507 940 1782 998 illuminandum

462 983 638 1016 notstem''
655 985 728 1025 (Ps.
748 995 798 1017 cv.
814 986 865 1024 38,
885 986 959 1026 39):

285 1072 406 1127 quod
441 1076 612 1127 “super
643 1073 961 1114 Tabernaculo
999 1073 1130 1115 fuerit
1169 1073 1312 1114 nubes
1349 1072 1544 1114 interdiu
1580 1078 1627 1113 et
1666 1072 1783 1125 ignis

286 1134 463 1184 no&u,”
494 1142 592 1177 erat
629 1137 731 1189 quia
769 1150 849 1190 per
882 1135 1323 1177 “Tabernaculum''
1355 1135 1784 1189 repraesentabatur

287 1198 463 1240 caelum
501 1205 547 1239 et
585 1198 791 1248 ecclesia,
825 1213 877 1240 ac
916 1213 995 1253 per
1037 1199 1274 1240 “nubem”
1305 1199 1562 1253 praesentia
1599 1198 1783 1239 Domini

287 1276 367 1316 per
389 1261 602 1302 Divinum
625 1261 811 1311 Verum,
835 1268 882 1303 et
906 1276 984 1316 per
1009 1263 1200 1315 “ignem
1214 1262 1233 1277 ”
1256 1262 1513 1315 praesentia
1539 1261 1682 1315 Ipsius
1704 1275 1784 1315 per

289 1325 502 1366 Divinum
545 1325 736 1374 Bonum,
779 1326 899 1379 quod
946 1326 1115 1367 bonum
1160 1325 1263 1366 fidei
1302 1331 1506 1374 vocatur,
1546 1331 1783 1378 utrumque

288 1387 498 1429 ultimum
521 1388 564 1428 in
588 1388 745 1429 ordine
764 1402 773 1439 ;
806 1388 910 1429 ideo
926 1389 1104 1430 suerunt
1128 1395 1347 1442 tanquam
1365 1394 1635 1442 tegumenta
1652 1401 1784 1441 super

289 1450 678 1492 Tabernaculum:
721 1465 856 1505 quare
889 1452 933 1492 in
966 1451 1077 1493 locis
1109 1465 1243 1505 supra
1268 1451 1420 1492 allatis
1446 1451 1564 1505 apud
1589 1450 1783 1491 Esaiam

288 1521 335 1555 et
353 1514 573 1554 Davidem
591 1514 766 1563 dicitur,
789 1518 814 1534 “
829 1514 928 1555 Erit
951 1528 1082 1567 super
1100 1515 1222 1555 omni
1241 1513 1387 1567 gloria
1409 1519 1727 1567 tegumentum
1750 1513 1785 1564 ;’'

291 1583 338 1619 et
367 1581 392 1598 “
409 1576 647 1631 Expandit
677 1577 842 1618 nubem
869 1578 913 1618 in
940 1576 1297 1630 tegumentum.”

373 1638 464 1692 [CL]
515 1638 671 1679 Simile
698 1638 980 1691 significatur
1002 1652 1081 1692 per

365 1726 508 1759 Nubem
527 1716 616 1767 [quae
636 1697 771 1757 obtexit
789 1725 953 1757 Montem
971 1725 1187 1765 Chorebum,
1206 1725 1242 1757 in
1263 1735 1369 1768 quam
1389 1726 1521 1757 nubem
1541 1724 1689 1757 intravit
1707 1723 1786 1757 Mo·

465 1780 524 1802 ses
541 1770 664 1810 (Exod.
682 1770 776 1802 xxiv.
797 1770 926 1810 15-18).

297 1846 452 1889 Simile
479 1848 619 1888 etiam
646 1861 726 1901 per

366 1923 507 1956 Nubem
525 1923 560 1955 in
580 1934 649 1965 qua
665 1923 852 1956 descendit
864 1923 1029 1966 Jehovah
1051 1933 1157 1964 super
1174 1922 1338 1955 Montem
1357 1923 1455 1955 Sinai
1472 1922 1593 1964 (Exod.
1607 1922 1678 1954 xix.
1696 1919 1784 1961 [¹116.

469 1968 507 1999 18
523 1977 530 2006 ;
555 1977 630 2008 cap.
648 1967 767 1999 xxxiV.
784 1968 825 2007 5).

294 2043 449 2085 Simile
476 2044 614 2085 etiam
637 2058 716 2098 per

368 2118 586 2206 Columnam
607 2123 712 2154 nubis
732 2132 821 2164 quae
842 2122 943 2154 stetit
963 2121 1008 2153 ad
1028 2121 1160 2154 ostium
1181 2121 1327 2154 tentorii
1345 2121 1460 2153 Mosis
1478 2120 1600 2162 (Exod.
1617 2121 1737 2153 xxxiii.
1755 2130 1786 2162 9,

470 2175 511 2197 10
526 2190 532 2198 .

293 2242 412 2285 Tum
439 2256 616 2296 quoque
649 2256 728 2296 per
757 2241 961 2282 “nubem
974 2240 994 2256 '’
1019 2241 1138 2295 apud
1164 2240 1448 2288 Ezechielem,

361 2324 474 2357 “Vidi
491 2334 572 2356 cum
591 2334 672 2356 ecce
689 2330 819 2356 ventus
837 2324 1017 2365 procellae
1030 2323 1130 2355 venit
1147 2333 1190 2355 ex
1204 2323 1459 2364 septentrione,
1473 2323 1586 2355 nubes
1603 2332 1736 2363 magna
1753 2328 1788 2355 et

469 2368 564 2408 ignis
582 2368 618 2399 in
635 2378 673 2400 se
691 2368 808 2408 ipsum
826 2378 865 2399 se
883 2368 1070 2408 recipiens,
1089 2367 1143 2399 cui
1163 2367 1334 2408 splendor
1347 2366 1578 2398 circumcirca
1588 2366 1606 2378 '⁹
1623 2367 1658 2407 (i.
1675 2366 1719 2406 4).

294 2443 358 2486 Et
384 2443 503 2498 apud
530 2443 738 2493 eundem,

363 2523 551 2555 “Cherubi
572 2529 710 2554 stantes
730 2533 751 2554 a
771 2523 900 2555 dextra
918 2522 1048 2555 domus
1068 2532 1147 2554 cum
1169 2522 1319 2554 intraret
1338 2522 1401 2560 vir,
1422 2528 1457 2554 et
1481 2523 1595 2554 nubes
1615 2521 1789 2562 implebat

469 2567 599 2598 atrium
617 2567 766 2598 interius
783 2576 789 2605 ;
815 2573 850 2598 et
870 2567 1014 2598 sustulit
1031 2576 1068 2598 se
1085 2566 1201 2607 gloria
1213 2566 1371 2608 Jehovae
1388 2566 1541 2606 desuper
1556 2566 1712 2597 cherubo
1730 2575 1789 2596 su-

470 2620 535 2651 per
557 2610 667 2642 limen
688 2611 830 2648 domus,
851 2616 887 2642 et
912 2610 1059 2650 impleta
1081 2617 1135 2641 est
1158 2610 1286 2641 domus
1307 2611 1411 2648 nube,
1431 2616 1467 2641 et
1490 2610 1620 2641 atrium
1641 2609 1786 2650 plenum

472 2660 550 2685 erat
566 2654 759 2694 splendore
776 2653 917 2694 gloriae
933 2654 1094 2696 Jehovae
1105 2653 1123 2665 ‘’
1140 2651 1222 2693 ([²]x.
1240 2662 1269 2692 3,
1286 2653 1338 2694 4):

295 2761 376 2802 per
408 2746 700 2788 “cherubos'’
732 2745 1014 2799 significatur
1052 2745 1273 2787 Dominus
1310 2745 1459 2799 quoad
1491 2744 1698 2793 tutelam,
1732 2758 1788 2786 ne

296 2810 486 2851 adeatur
518 2810 602 2849 nisi
638 2823 772 2862 quam
809 2823 888 2862 per
927 2809 1096 2850 bonum
1128 2808 1319 2849 amoris:
1362 2808 1465 2849 inde
1497 2821 1673 2861 quoque
1710 2821 1789 2861 per

299 2872 592 2914 “cherubos’'
618 2871 932 2925 significantur
963 2871 1092 2920 caeli,
1120 2872 1163 2912 in
1196 2871 1346 2925 specie
1377 2870 1552 2912 caelum
1579 2871 1787 2911 intimum

298 2949 375 2977 seu
406 2935 606 2986 tertium,
635 2935 737 2989 quia
768 2934 934 2988 angeli,
969 2934 1043 2989 qui
1074 2934 1133 2976 ibi
1165 2940 1285 2984 sunt,
1318 2934 1540 2988 recipiunt
1572 2933 1784 2974 Divinum
