1962 3334
273 256 377 310 1896
681 265 1013 299 APOCALYPSIS
1044 267 1345 300 EXPLICATA.

262 390 387 428 rum;
424 377 623 418 “domus
652 377 872 418 Davidis''
898 384 968 419 est
995 378 1215 420 ecclesia:
1253 382 1279 400 “
1296 379 1398 433 quia
1423 379 1579 421 foedus
1606 386 1755 422 aeter·
1799 399 1801 401 >

262 441 417 481 nitatis
459 441 608 494 posuit
646 441 794 489 mihi‚”
832 441 1057 494 significat
1094 442 1214 496 quod
1256 457 1315 484 ex
1354 443 1518 484 unione
1558 443 1757 484 Humani

262 503 405 556 Ipsius
432 517 533 543 cum
563 503 727 543 Divino
759 504 818 544 sit
853 504 942 557 Ipsi
977 503 1236 557 conjunffio
1269 519 1371 546 cum
1398 505 1654 546 hominibus
1681 520 1756 547 ec-

261 565 449 606 clesiae:
500 566 777 619 “disponere
815 566 858 606 in
897 580 1055 607 omnes
1098 574 1144 608 et
1182 568 1394 608 servare'’
1432 568 1658 621 significat
1695 582 1754 609 ex

260 642 347 681 qua
369 629 519 668 omnia
546 635 592 669 et
620 642 778 669 omnes
805 629 936 682 regit,
962 643 1013 670 ac
1041 629 1189 671 salvat
1216 631 1289 684 qui
1315 631 1551 684 recipiunt.
1614 631 1754 685 Apud

260 691 550 739 Malachiam,

326 782 343 794 ‘⁴
355 779 589 820 Cognoscetis
603 781 696 821 quod
715 781 872 812 miserim
891 781 935 812 ad
949 791 1013 812 vos
1032 788 1260 822 praeceptum
1279 783 1355 820 hoc,
1372 788 1410 813 ut
1428 782 1473 813 sit
1490 781 1617 814 foedus
1636 793 1755 814 meum

433 834 511 854 cum
531 824 615 855 Levi
630 834 652 860 ;.
668 849 674 856 .
690 849 695 855 .
712 825 853 856 ,foedus
872 834 989 855 meum
1007 825 1072 856 fuit
1089 835 1168 856 cum
1187 826 1250 856 illo
1268 826 1360 856 vitae
1381 832 1416 857 et
1437 828 1545 865 pacis,
1565 836 1654 867 quae
1673 827 1755 858 dedi

433 868 482 898 illi
503 877 581 898 cum
600 869 737 906 timore,
755 874 792 899 ut
812 869 952 899 timeret
975 868 1033 900 Me
1048 878 1070 905 ;.
1086 893 1093 901 .
1107 894 1114 900 .
1130 870 1202 900 .lex
1222 870 1382 900 veritatis
1402 869 1467 900 fuit
1487 870 1522 901 in
1545 879 1605 900 ore
1627 870 1754 910 Ipsius,

433 918 468 942 et
487 913 701 951 perversitas
722 922 794 942 non
817 911 964 943 inventa
985 919 1039 943 est
1059 913 1094 943 in
1115 913 1217 943 labiis
1240 913 1366 952 Ipsius.
1406 938 1413 944 .
1429 938 1435 944 .
1450 938 1456 944 .
1473 913 1537 944 .At
1557 923 1621 944 vos
1642 924 1756 945 reces-

433 955 528 986 sistis
553 965 574 985 a
594 955 660 992 via,
682 955 878 995 impingere
903 955 1036 987 fecistis
1065 956 1197 987 multos
1222 956 1257 986 in
1283 956 1371 996 lege,
1394 957 1602 996 corrupistis
1627 957 1754 989 foedus

439 998 553 1029 Levi''
572 998 619 1039 (ii.
636 999 710 1037 4—6,
730 999 781 1039 8):

258 1107 336 1147 per
360 1093 554 1134 “foedus
578 1093 780 1146 Jehovae
807 1107 908 1134 cum
936 1093 1047 1134 Levi
1062 1093 1081 1108 '’
1109 1095 1152 1134 in
1186 1107 1396 1147 supremo
1423 1108 1556 1135 sensu
1579 1094 1749 1148 signifi-

257 1162 385 1197 catur
422 1157 525 1196 unio
559 1156 710 1196 Divini
742 1170 844 1197 cum
879 1157 1094 1197 Humano
1126 1158 1169 1197 in
1204 1157 1417 1206 Domino,
1451 1164 1498 1198 et
1534 1158 1578 1198 in
1615 1171 1750 1198 sensu

257 1217 510 1272 respeffifivo
543 1218 801 1271 conjunEtio
836 1219 1021 1259 Domini
1053 1233 1155 1260 cum
1189 1220 1409 1269 ecclesia;
1456 1233 1561 1260 nam
1594 1221 1752 1261 Domi—

258 1295 340 1322 nus
377 1281 648 1334 intelligitur
687 1296 765 1335 per
805 1282 1020 1324 “Levin“
1060 1283 1175 1323 sicut
1218 1297 1295 1336 per
1335 1283 1637 1331 “Davidem,”
1674 1284 1753 1324 sed

257 1358 335 1397 per
361 1347 386 1364 “
403 1344 578 1385 Levin‘'
601 1344 751 1397 quoad
781 1344 994 1384 Divinum
1023 1345 1198 1385 Bonum
1222 1346 1342 1398 quod
1369 1352 1438 1386 est
1465 1345 1751 1386 sacerdotale

259 1407 456 1455 Domini,
491 1413 537 1447 et
570 1421 648 1459 per
677 1407 975 1447 “Davidem”
1002 1408 1152 1460 quoad
1186 1408 1399 1448 Divinum
1427 1408 1598 1449 Verum
1630 1408 1751 1461 quod

257 1476 327 1511 est
359 1471 532 1523 regium
567 1470 778 1510 Domini:
819 1470 940 1523 quod
974 1470 1196 1510 Dominus
1230 1484 1308 1524 per
1342 1470 1554 1511 “Levin”
1580 1470 1749 1511 intelli-

255 1539 403 1586 gatur,
437 1539 566 1586 patet
604 1547 663 1573 ex
703 1547 771 1581 eo,
806 1533 925 1586 quod
959 1533 1148 1581 dicatur,
1185 1533 1324 1574 “Lex
1357 1534 1562 1574 veritatis
1594 1534 1673 1574 suit
1706 1534 1750 1574 in

255 1610 331 1637 ore
370 1596 527 1649 Ipsius,
562 1603 608 1637 e't
647 1598 919 1649 perversitas
957 1610 1048 1636 non
1084 1598 1271 1637 inventa
1307 1597 1350 1637 in
1389 1597 1517 1637 labiis
1551 1597 1694 1650 Ipsius
1713 1597 1747 1648 ;”

254 1672 333 1711 per
375 1659 564 1711 “legem
606 1659 842 1700 veritatis''
884 1659 1164 1712 significatur
1210 1660 1423 1700 Divinum
1469 1660 1641 1701 Verum
1686 1674 1745 1701 ex

258 1721 423 1762 Divino
457 1722 599 1771 Bono,
629 1729 674 1763 et
707 1737 785 1776 per
814 1722 1002 1763 “labia'’
1028 1722 1307 1775 significatur
1333 1721 1538 1764 doetrina
1568 1723 1662 1764 veri
1693 1736 1746 1764 ac

253 1784 518 1836 instru&i0;
552 1792 598 1826 et
626 1793 802 1839 postea,

320 1881 457 1913 “Labia
474 1882 666 1913 sacerdotis
681 1882 882 1913 custodient
896 1882 1091 1919 scientiam,
1108 1888 1142 1913 et
1159 1882 1274 1922 legem
1293 1887 1463 1922 quaerent
1480 1891 1524 1912 ex
1540 1891 1602 1913 ore
1620 1880 1750 1922 Ipsius,

427 1926 510 1966 quia
526 1926 686 1966 Angelus
703 1925 862 1967 Jehovae
881 1925 1039 1957 Zebaoth
1058 1925 1123 1956 Ille
1136 1925 1154 1937 ”
1171 1926 1275 1965 (vers.
1298 1927 1348 1963 7):

253 2027 331 2066 per
359 2014 552 2055 “foedus
585 2015 706 2055 vitae
739 2020 785 2055 et
819 2014 973 2068 pacis’'
1004 2013 1285 2067 significatur
1315 2014 1420 2054 unio
1450 2012 1528 2053 illa
1559 2019 1606 2053 et
1638 2026 1748 2053 con-

247 2075 421 2128 junRio
446 2075 525 2115 illa
552 2086 606 2124 (de
619 2095 683 2123 qua
698 2095 774 2115 mox
789 2087 898 2125 supra)
926 2090 985 2116 ex
1012 2089 1100 2128 qua
1126 2075 1230 2128 Ipse
1258 2075 1481 2115 Dominus
1506 2073 1650 2114 faetus
1676 2079 1748 2114 est

252 2137 347 2177 vita
373 2143 419 2177 et
446 2151 551 2190 an‚
582 2152 640 2178 ex
667 2151 754 2191 qua
781 2137 952 2178 homini
979 2138 1074 2177 vita
1100 2143 1301 2185 aeterna,
1330 2143 1376 2177 et
1405 2150 1496 2189 pax
1523 2136 1581 2176 ab
1611 2135 1745 2175 infes-

253 2200 429 2240 tatione
456 2214 482 2240 a
509 2200 638 2240 malis
666 2207 711 2241 et
744 2200 880 2247 falsis,
909 2201 972 2241 ita
1004 2200 1062 2240 ab
1093 2199 1291 2240 inferno:
1332 2199 1436 2252 quid
1469 2197 1750 2251 significatur

251 2273 331 2313 per
359 2261 610 2301 “timorem
639 2261 827 2314 Ipsius‚''
853 2261 1064 2301 videatur
1095 2274 1230 2313 supra
1262 2259 1449 2311 (n.696);
1486 2260 1560 2312 qui
1585 2259 1746 2299 vivunt

251 2328 413 2362 contra
440 2322 651 2363 Divinum
680 2323 850 2363 Verum
877 2322 1194 2375 intelliguntur
1219 2335 1298 2374 per
1327 2320 1466 2361 “Vos
1492 2320 1744 2379 recessistis

250 2398 276 2424 a
301 2385 386 2432 via,
415 2385 664 2437 impingere
691 2385 859 2426 fecistis
886 2385 1055 2425 multos
1082 2385 1125 2424 in
1153 2384 1270 2436 lege,
1299 2383 1560 2436 corrupistis
1586 2382 1744 2422 foedus

251 2447 361 2488 Levi
382 2447 415 2498 ;”
446 2461 525 2500 per
550 2449 799 2489 “recedere
822 2462 848 2488 a
873 2448 974 2488 via”
997 2454 1043 2488 et
1070 2448 1358 2500 “impingere
1380 2447 1424 2486 in
1448 2445 1582 2498 lege”
1604 2445 1744 2497 signi-

249 2510 409 2551 ficatur
434 2512 584 2551 vivere
608 2518 768 2552 contra
792 2512 1007 2552 Divinum
1031 2511 1217 2559 Verum,
1243 2517 1288 2550 et
1315 2523 1394 2563 per
1418 2512 1744 2561 “corrumpere

249 2573 405 2614 foedus
451 2574 593 2614 Levi’'
639 2574 918 2627 significatur
962 2572 1327 2627 conjunc‘tionem
1377 2585 1479 2612 cum
1529 2571 1742 2611 Domino.

252 2636 391 2690 Apud
417 2637 625 2686 eundem,

315 2724 433 2757 “Ecce
456 2725 532 2765 Ego
553 2726 654 2756 mitto
674 2726 841 2766 angelum
860 2736 989 2764 meum,
1007 2726 1066 2767 qui
1087 2725 1224 2766 parabit
1241 2725 1335 2755 viam
1357 2730 1440 2755 ante
1462 2723 1542 2760 Me:
1567 2729 1602 2755 et
1622 2723 1739 2755 subito

423 2770 542 2800 veniet
561 2770 605 2800 ad
626 2771 796 2809 templum
818 2780 921 2801 suum
945 2770 1147 2807 Dominus„
1163 2794 1170 2801 .
1184 2775 1256 2800 ..et
1276 2768 1438 2808 Angelus
1459 2767 1615 2799 foederis
1636 2776 1740 2808 quem

376 2855 379 2857 q
423 2823 488 2844 vos
505 2813 715 2844 desideratis
728 2813 744 2824 ''
762 2814 822 2853 (iii.
844 2814 893 2853 1):

250 2903 370 2957 quod
412 2902 594 2943 Domini
639 2903 862 2943 adventus
909 2903 966 2943 ibi
1012 2903 1312 2956 praedicatur,
1357 2906 1570 2952 constat;
1618 2899 1739 2953 quod
