1962 3334
0 891 15 907 ,βξ
0 660 24 886 ἏΨὝΙ“”*Τ”,Μ“ΡῪ
0 612 17 650 Ψᾶ
0 601 3 604 “
0 549 13 594 ἷ“’““Ι’”
0 516 13 541 1⁴⁴³
3 507 8 509 ³
0 497 3 501 '
0 488 2 491 ⁷

547 298 652 330 CAP.
678 298 739 337 x.,
763 297 901 330 VERs.
930 297 1099 328 11.—N.
1122 285 1290 341 624[b].
1555 285 1656 339 1581

173 411 286 453 haec
308 411 511 453 fecerunt
544 425 633 452 non
666 418 853 464 propter
884 410 1145 459 Dominum,
1175 422 1257 450 nec
1290 414 1476 463 propter
1507 420 1662 448 verum

174 481 220 516 et
253 474 422 515 bonum
453 480 500 515 et
538 481 724 527 propter
755 473 954 514 salutem
985 473 1250 520 animarum,
1284 472 1364 512 sed
1396 477 1583 525 propter
1614 484 1664 510 se

174 542 221 578 et
261 537 491 585 mundum,
533 538 597 577 ita
638 537 774 577 modo
814 537 858 576 in
899 542 1094 577 externa
1134 535 1277 576 forma
1321 540 1370 576 ut
1415 533 1663 587 apparituri

173 605 342 648 essent,
366 600 469 640 ideo
494 598 745 653 respective
767 600 824 640 ad
851 613 899 640 se
925 599 1047 652 ipsos
1074 612 1165 639 non
1191 599 1360 639 bonum
1386 597 1467 638 sed
1493 595 1662 636 malum

174 662 402 713 fecerunt;
449 663 535 703 hoc
582 662 855 715 intelligitur
899 676 978 716 per
1019 662 1140 715 quod
1183 659 1382 702 dicturus
1424 660 1661 708 Dominus,

177 725 320 766 “Non
360 727 464 766 novi
503 739 599 772 VOS,
641 732 883 778 operantes
923 723 1249 778 iniquitatem.”
1309 723 1506 764 Videtur
1546 723 1662 762 sicut

174 801 265 829 non
290 789 465 842 operati
487 788 647 829 fuerint
673 789 959 841 iniquitatem
982 787 1163 841 quando
1186 786 1296 828 talia
1318 786 1520 827 fecerunt
1539 799 1548 836 ;
1581 784 1662 825 sed

175 864 313 904 usque
339 864 473 892 omne
499 851 542 891 id
569 852 780 904 iniquitas
812 857 882 892 est
909 851 1029 904 quod
1056 850 1194 891 homo
1220 849 1326 890 facit
1353 848 1499 890 solum
1526 861 1661 902 prop-

174 919 245 954 ter
269 927 317 954 se
347 920 394 954 et
421 914 650 962 mundum,
675 915 886 967 quoniam
914 927 1005 954 non
1036 920 1107 955 est
1139 913 1299 967 aliquis
1325 925 1452 953 amor
1479 911 1663 952 Domini

175 989 257 1018 nee
291 977 499 1031 proximi,
538 977 616 1017 sed
654 977 790 1018 modo
831 990 958 1018 amor
993 977 1059 1017 sui
1100 983 1147 1018 et
1186 976 1339 1016 mundi
1376 976 1420 1016 in
1457 975 1571 1026 illis;
1614 981 1662 1016 et

175 1041 517 1093 unumquemvis
547 1047 666 1093 *post
712 1047 906 1081 mortem
951 1045 1107 1081 manet
1153 1053 1257 1080 suus
1302 1051 1442 1079 amor.
1523 1037 1663 1091 Apud

175 1102 383 1151 eundem,

249 1197 290 1230 In
307 1199 620 1230 consummatione
638 1199 771 1230 saeculi
790 1199 919 1231 “multi
934 1199 1270 1239 pseudoprophetae
1287 1204 1491 1239 exsurgent,
1509 1204 1545 1229 et
1561 1198 1667 1229 sedu-

348 1248 431 1274 cent
444 1243 576 1274 multos
590 1252 613 1278 ς.
628 1267 635 1275 .
650 1268 656 1274 .
672 1249 834 1283 ,surgent
847 1243 930 1274 falsi
943 1242 1087 1281 Christi,
1102 1249 1138 1274 et
1154 1242 1238 1274 falsi
1252 1242 1460 1283 prophetae,
1475 1247 1511 1273 et
1527 1242 1666 1273 dabunt

347 1285 453 1325 signa
476 1295 608 1325 magna
631 1292 667 1317 et
690 1286 865 1326 prodigia,
890 1292 929 1318 ut
955 1286 990 1317 in
1006 1295 1181 1318 -errorem
1207 1286 1391 1324 inducant,
1420 1285 1451 1317 si
1476 1285 1662 1326 possibile,

348 1327 483 1360 electos
495 1329 513 1340 ’¹
530 1330 637 1369 (xxiv.
658 1338 706 1368 11,
725 1338 767 1368 24
783 1340 789 1367 ;
815 1331 926 1362 Marc.
943 1330 1016 1362 xiii.
1035 1330 1107 1370 22):

174 1437 254 1478 per
281 1425 780 1478 “pseudoprophetas‚’‘
806 1439 973 1479 perque
1002 1425 1178 1466 “falsos
1205 1425 1413 1466 Christos
1446 1430 1493 1466 et
1526 1424 1664 1465 falsos

175 1486 462 1541 prophetas,”
487 1501 578 1528 non
610 1488 927 1542 intelliguntur
951 1489 1480 1542 prophetae'secundum
1513 1489 1663 1529 notio-

175 1563 279 1592 nem
304 1551 362 1591 de
387 1551 621 1604 prophetis
647 1565 949 1601 communem,
978 1553 1058 1593 sed
1090 1565 1249 1593 omnes
1280 1551 1345 1592 illi
1377 1552 1450 1605 qui
1483 1565 1663 1605 perver-

175 1619 280 1654 tunt
307 1613 509 1654 Verbum
537 1621 583 1655 et
611 1614 722 1655 falsa
748 1615 944 1666 docent;
982 1615 1028 1655 hi
1054 1616 1193 1656 etiam
1221 1621 1325 1655 sunt
1351 1614 1450 1655 falsi
1478 1614 1662 1663 Christi,

175 1689 281 1732 nam
310 1675 585 1718 “Christus''
611 1668 836 1730 significat
870 1678 1115 1718 Dominum
1148 1678 1296 1731 quoad
1330 1677 1542 1717 Divinum
1570 1677 1664 1718 Ve-

175 1751 286 1787 rum,
319 1739 437 1780 unde
471 1739 606 1780 “falsi
640 1739 839 1780 Christi'’
872 1739 1129 1793 significant
1168 1740 1332 1780 Divina
1367 1753 1474 1780 vera
1509 1739 1662 1780 falsifi-

175 1807 305 1842 cata:
342 1802 486 1842 “dare
508 1803 638 1855 signa
658 1816 824 1855 magna
846 1809 892 1843 et
916 1803 1121 1855 prodigia
1133 1802 1152 1817 ’'
1171 1802 1397 1855 significat
1415 1802 1664 1843 efficaciam

176 1869 223 1905 et
254 1865 509 1917 potentiam
539 1865 790 1905 falsitatum
824 1879 901 1918 per
933 1865 1299 1906 confirmationes
1331 1879 1390 1906 ex
1423 1879 1557 1906 sensu
1588 1865 1664 1907 lit-

174 1933 301 1968 terae
332 1926 498 1976 Verbi;
542 1941 620 1981 per
656 1927 772 1968 hunc
812 1929 950 1969 etiam
986 1929 1116 1981 signa
1152 1934 1198 1968 et
1236 1928 1441 1981 prodigia
1477 1927 1588 1969 fiunt
1619 1929 1665 1969 in

177 1990 345 2031 mundo
390 1990 623 2043 spirituali,
666 2004 769 2031 nam
815 2004 971 2031 sensus
1018 1991 1198 2032 litterae
1240 1990 1395 2038 Verbi,
1437 1998 1665 2045 utcunque

163 2051 451 2101 'falsificatus,
480 2054 734 2106 potentiam
762 2053 928 2104 habet;
962 2054 1018 2094 de
1044 2067 1131 2107 qua
1155 2068 1202 2094 re
1225 2054 1444 2094 mirabilia
1471 2062 1662 2107 possunt

177 2117 440 2156 memorari:
479 2130 559 2169 per
592 2115 831 2157 “eleetos”
863 2116 1175 2169 significantur
1206 2118 1280 2170 qui
1310 2118 1355 2157 in
1384 2117 1505 2158 bono
1537 2119 1666 2171 spiri-

177 2178 302 2227 tuali,
325 2178 411 2219 hoc
434 2186 520 2228 est,
547 2180 620 2232 qui
646 2180 690 2219 in
712 2179 832 2220 bono
856 2179 1091 2220 charitatis
1114 2186 1232 2220 sunt.
1294 2179 1433 2233 Apud
1455 2181 1663 2229 eundem,

243 2275 444 2317 “Quisquis
461 2277 672 2317 prophetam
690 2277 836 2317 suscipit
854 2277 889 2308 in
908 2277 1055 2308 nomine
1071 2278 1276 2318 prophetae,
1295 2278 1496 2310 mercedem
1515 2279 1668 2319 prophe-

351 2325 410 2351 tae
422 2320 572 2360 accipiet
586 2330 592 2355 :
613 2327 648 2351 et
661 2321 820 2361 quisquis
834 2321 982 2360 suscipit
994 2321 1130 2360 justum
1146 2322 1182 2352 in
1197 2322 1344 2353 nomine
1353 2321 1451 2362 justi,
1463 2324 1666 2354 mercedem

349 2363 435 2403 justi
456 2364 626 2403 accipiet:
656 2364 777 2401 immo,
801 2364 962 2404 quisquis
986 2365 1167 2404 potaverit
1186 2374 1297 2396 unum
1318 2375 1513 2405 parvorum
1537 2367 1665 2397 horum

351 2413 439 2447 potu
458 2407 608 2446 frigidae
632 2413 772 2438 tantum
798 2407 834 2438 in
861 2408 1008 2439 nomine
1033 2408 1208 2448 discipuli,
1228 2418 1336 2440 amen
1360 2409 1441 2440 dico
1461 2409 1565 2441 vobis
1591 2419 1666 2441 non

350 2451 473 2490 perdet
489 2451 690 2482 mercedem
708 2461 811 2482 suam
822 2451 840 2461 ¹'
858 2452 902 2490 (x.
920 2459 974 2489 41,
989 2452 1065 2491 42):

177 2543 290 2585 haec
316 2558 450 2585 nemo
471 2544 783 2586 intellecturus
809 2553 880 2586 est
907 2546 990 2586 nisi
1017 2546 1131 2587 sciat
1157 2546 1261 2600 quid
1289 2547 1566 2600 significatur
1587 2561 1667 2602 per

181 2607 529 2660 “prophetam,'’
574 2622 652 2661 per
699 2608 943 2660 “justum,’'
988 2623 1066 2662 per
1114 2610 1450 2663 “discipulum‘'
1495 2617 1541 2651 et
1586 2624 1666 2664 per

180 2671 379 2722 “parvos
395 2670 430 2720 ;’'
461 2677 556 2711 tum
579 2671 683 2724 quid
707 2685 785 2724 per
805 2672 1069 2724 “suscipere
1092 2686 1169 2712 eos
1192 2673 1235 2713 in
1259 2674 1441 2714 nomine
1458 2687 1612 2714 eorum
1629 2674 1665 2713 :”

178 2743 257 2783 per
293 2732 634 2786 “prophetam'’
671 2735 714 2774 in
753 2747 886 2774 sensu
924 2733 1156 2776 abstraGco
1193 2734 1471 2788 significatur
1507 2747 1662 2776 verum

181 2791 425 2843 doetrinae,
459 2809 537 2849 per
570 2796 908 2850 “discipulum’'
938 2797 1106 2838 bonum
1143 2796 1389 2848 doctrinae,
1423 2813 1501 2852 per
1536 2798 1661 2851 “jus-

179 2856 305 2897 tum”
327 2857 492 2898 bonum
519 2859 655 2907 vitae,
685 2873 735 2899 ac
763 2873 841 2912 per
870 2860 1132 2913 “suscipere
1159 2860 1260 2901 illos
1287 2862 1330 2901 in
1357 2862 1537 2901 nomine
1564 2861 1665 2901 illo-

178 2918 306 2960 rum”
330 2919 607 2973 significatur
633 2922 831 2975 recipere
866 2921 943 2962 illa
974 2936 1033 2963 ex
1065 2935 1217 2964 amore
1248 2923 1454 2975 illorum;
1492 2925 1556 2964 ita
1586 2937 1666 2977 per
