1962 3334
631 267 736 299 CAP.
760 267 842 307 lx„
865 265 1003 298 VERS.
1031 266 1199 310 13.—N.
1226 227 1318 310 567⁹.
1436 285 1443 289 -
1614 266 1718 309 1417

229 385 277 421 et
307 380 410 433 quia
440 380 484 420 in
515 379 601 420 fine
632 386 703 420 est
735 385 884 420 status
915 378 1135 420 ecclesiae
1166 378 1301 432 plane
1333 392 1582 433 perversuS,
1615 377 1718 419 ideo

228 443 367 483 etiam
393 442 478 483 hoc
505 456 583 495 per
607 442 684 482 illa
709 442 846 482 verba
871 440 1161 494 significatur.

307 518 438 571 567.
476 517 554 557 “ft
579 517 713 557 audin·
743 529 878 557 vocem
912 529 1031 556 unam
1063 529 1119 556 οι
1144 520 1320 570 quatuor·
1352 516 1542 557 comibus
1571 516 1718 557 aliae-is

229 577 351 617 numi
364 577 472 630 quod
490 589 629 617 cot-am
649 575 966 628 Deest—Quod
987 575 1214 629 significet
1239 576 1553 616 revelationem
1576 591 1605 617 a
1627 576 1719 617 Do—

228 637 344 678 mino
371 652 395 678 e
423 637 536 678 caelo
566 637 811 690 spirituali,
845 643 1029 678 constat
1070 651 1130 677 ex
1162 636 1493 689 significatione
1527 638 1717 679 “audire

227 700 426 747 vocem,”
457 700 576 754 quod
608 701 666 741 sit
697 700 932 747 revelatio,
965 700 1069 753 quia
1100 701 1301 753 sequitur
1337 700 1443 753 quid
1479 714 1559 754 per
1592 700 1717 742 illam
1782 735 1784 737 .

226 776 386 804 vocem
408 763 657 804 revelatum
676 770 745 804 est
764 777 773 812 ;
806 777 866 803 ex
889 761 1218 816 significatione
1238 762 1432 803 “altaris
1454 764 1574 804 aurei
1596 765 1717 817 quod

227 837 380 864 coram
407 823 548 873 Deo‚’‘
570 825 690 877 quod
716 825 774 864 sit
802 823 1015 864 Divinum
1041 823 1275 876 spirituale
1302 834 1356 871 (de
1371 843 1436 871 qua
1449 834 1632 874 sequitur„
1668 831 1716 865 et

228 899 288 925 ex
319 885 649 938 significatione
683 890 912 938 “quatuor
942 897 1157 926 cornuum
1189 884 1323 937 ejus,”
1347 885 1467 938 quod
1499 886 1557 926 sit
1590 885 1715 926 Divi-

228 961 333 988 num
356 948 586 1001 spirituale
608 949 650 988 in
675 949 764 987 suis
787 947 982 988 ultimis:
1017 960 1121 987 nam
1139 960 1306 988 cornua
1328 954 1456 988 erant
1479 948 1524 988 in
1546 947 1716 988 ultimis

227 1011 456 1063 utriusque
481 1010 651 1058 altaris,
679 1018 775 1050 tam
807 1010 963 1050 altaris
995 1009 1254 1050 holocausti
1281 1022 1416 1063 quam
1443 1009 1600 1051 altaris
1626 1010 1715 1051 suf-

227 1071 399 1114 fimenti
438 1073 558 1126 quod
599 1079 670 1113 est
710 1073 854 1114 altare
894 1085 1105 1123 aureum;
1148 1079 1196 1113 et
1236 1073 1339 1126 quia
1363 1086 1546 1115 .cornua
1585 1080 1715 1114 erant

227 1135 386 1176 ultima
410 1136 618 1176 altarium
643 1135 835 1184 illorum,
859 1136 961 1176 ideo
983 1134 1300 1188 significabant
1328 1135 1541 1176 Divinum
1567 1136 1716 1189 quoad

226 1199 494 1251 potentiam,
529 1212 633 1239 nam
664 1200 709 1239 in
746 1199 914 1239 ultimis
951 1205 1022 1239 est
1058 1199 1204 1238 omnis
1234 1199 1469 1251 potentia;
1510 1199 1614 1240 inde
1645 1206 1715 1240 est

225 1261 345 1315 quod
387 1265 595 1302 “cornua
634 1261 875 1301 altarium’'
916 1260 1268 1314 significaverint
1311 1261 1524 1302 Divinum
1566 1262 1715 1315 quoad

226 1323 609 1375 omnipotentiam
641 1334 696 1370 (de
715 1342 779 1370 qua
798 1333 924 1361 illorum
943 1332 1175 1370 significatione
1196 1333 1341 1361 videatur
1359 1342 1465 1370 supra,
1486 1342 1517 1363 n.
1540 1322 1714 1374 316[d]).

227 1383 360 1436 Quod
389 1383 571 1424 “altare
597 1383 885 1424 holocausti‘'
911 1383 1232 1436 significaverit
1260 1384 1473 1424 Divinum
1500 1384 1714 1432 caeleste,

226 1444 346 1498 quod
371 1450 443 1485 est
474 1445 689 1484 Divinum
721 1444 913 1493 Bonum,
940 1445 1150 1484 videatur
1180 1458 1316 1497 supra
1347 1455 1392 1492 (n.
1415 1455 1716 1498 391[a-f],49o‚

224 1503 324 1556 496)
341 1518 351 1554 ;
382 1504 503 1557 quod
520 1510 672 1544 autem
694 1509 719 1524 “
732 1504 877 1544 altare
895 1503 1144 1544 suffimenti
1156 1503 1176 1518 ”
1193 1518 1272 1544 seu
1291 1508 1316 1524 ‘⁴
1333 1504 1480 1545 altare
1497 1518 1681 1546 aureum
1695 1505 1716 1520 ”

226 1566 634 1618 repraesentaverit
666 1572 712 1606 et
745 1566 848 1605 inde
876 1564 1195 1618 significaverit
1228 1565 1441 1605 Divinum
1468 1566 1712 1619 spirituale,

227 1627 347 1680 quod
384 1634 454 1668 est
497 1628 707 1668 Divinum
740 1627 911 1668 Verum
947 1627 1197 1681 procedens
1228 1641 1254 1667 a
1286 1627 1497 1677 Domino,
1532 1636 1715 1670 constat

226 1703 286 1730 ex
318 1689 623 1743 descriptione
654 1690 760 1741 ejus,
794 1690 850 1730 de
887 1703 974 1743 qua
1010 1689 1134 1730 infra.
1198 1689 1284 1730 Hic
1317 1690 1509 1742 primum
1540 1691 1716 1732 dicetur

227 1751 344 1792 unde
362 1759 458 1792 erat
481 1752 601 1805 quod
624 1766 716 1792 vox
739 1753 894 1792 audita
915 1753 972 1793 sit
994 1756 1018 1771 ‘⁴
1034 1765 1058 1792 e
1080 1757 1274 1805 quatuor
1295 1753 1503 1792 cornibus
1521 1753 1715 1793 altaris.”

228 1813 484 1860 “Cornua,”
510 1828 623 1867 quae
650 1828 708 1854 ex
731 1814 949 1854 altaribus
971 1828 1104 1867 supra
1131 1812 1261 1854 dietis
1288 1814 1449 1855 ultimo
1471 1816 1714 1868 prodibant

227 1883 274 1917 et
296 1877 560 1925 exstabant,
580 1876 894 1930 significabant
913 1878 1063 1917 omnia
1080 1876 1258 1917 illorum
1276 1878 1423 1930 quoad
1442 1879 1712 1930 potentiam,

226 1943 275 1977 ut
297 1944 509 1978 constare
527 1944 682 1991 potest
705 1951 763 1978 ex
787 1938 874 1977 illis
895 1951 1010 1991 quae
1033 1951 1168 1990 supra
1190 1949 1235 1986 (n.
1248 1937 1504 1990 346,417[a])
1525 1945 1714 1980 ostensa

225 2007 344 2048 sunt,
372 2006 419 2040 et
445 2013 620 2053 quoque
652 2014 710 2039 ex
743 1999 829 2039 illis
861 2013 974 2053 quae
1006 1999 1062 2040 de
1095 1999 1266 2040 ultimis
1298 1998 1418 2040 diCta
1449 2007 1495 2041 et
1528 2007 1714 2041 ostensa

225 2070 330 2104 sunt
355 2064 399 2103 in
425 2062 621 2103 Arcanis
652 2061 946 2109 Caelestz‘bus,·
984 2069 1033 2103 ut
1067 2063 1187 2116 quod
1218 2063 1434 2103 interiora
1460 2065 1713 2105 successive

226 2125 412 2165 influant
438 2125 482 2164 in
508 2131 715 2173 externa,
744 2139 882 2178 usque
908 2125 951 2164 in
978 2131 1188 2165 extrema
1213 2139 1292 2165 seu
1318 2125 1491 2174 ultima,
1519 2133 1566 2167 et
1592 2127 1713 2180 quod

226 2186 286 2226 ibi
315 2186 454 2226 etiam
485 2187 690 2226 existant
721 2193 767 2226 et
798 2186 1050 2227 subsistant
1082 2196 1127 2233 (n.
1148 2197 1218 2234 634,
1234 2197 1324 2234 6239,
1340 2198 1430 2235 6465.
1446 2197 1571 2235 1119215,
1586 2199 1709 2236 9216):

227 2247 347 2302 quod
373 2261 464 2288 non
496 2248 632 2287 modo
659 2247 911 2287 successive
936 2246 1139 2295 influant,
1164 2247 1244 2288 sed
1276 2248 1414 2288 etiam
1441 2248 1635 2290 forment
1668 2251 1712 2290 in

228 2308 390 2349 ultimo
426 2308 750 2348 simultaneum
787 2320 867 2355 (quo
886 2319 1007 2352 ordine.
1027 2327 1058 2348 n.
1078 2320 1168 2356 5897,
1187 2319 1277 2356 6451,
1298 2320 1387 2357 8603,
1410 2320 1547 2358 10099)2
1589 2311 1711 2363 quod

226 2367 331 2408 inde
356 2368 399 2408 in
424 2368 596 2408 ultimis
618 2369 675 2408 sit
701 2367 836 2407 robur
861 2374 907 2408 et
932 2368 1141 2420 potentia
1166 2378 1344 2417 (n.9836):
1382 2375 1429 2409 et
1459 2369 1580 2423 quod
1606 2370 1710 2410 inde

226 2427 270 2467 in
296 2427 465 2467 ultimis
490 2440 709 2479 responsa
740 2434 785 2467 et
811 2427 1016 2467 revelata
1041 2437 1086 2475 (n.
1102 2446 1192 2475 9905.
1210 2439 1335 2477 10548).
1394 2428 1624 2481 Quoniam
1650 2443 1709 2470 ex

227 2486 396 2529 ultimis
422 2487 533 2528 fiunt
555 2501 770 2541 responsa
794 2495 839 2528 et
866 2487 1081 2536 revelata,
1106 2495 1235 2542 patet
1258 2503 1392 2530 causa
1418 2503 1495 2530 cur
1519 2491 1711 2531 “audita

227 2557 296 2591 est
328 2565 420 2591 vox
457 2565 516 2591 ex
553 2558 744 2604 quatuor
781 2550 988 2591 cornibus
1025 2551 1181 2592 altaris
1217 2552 1378 2601 aurei,”
1410 2566 1572 2606 nempe
1608 2555 1711 2607 quia

228 2613 410 2654 “altare
446 2613 659 2654 aureum''
696 2613 920 2666 significat
957 2613 1169 2654 Divinum
1206 2614 1451 2668 spirituale,
1484 2616 1604 2669 quod
1639 2625 1708 2658 est

226 2675 437 2716 Divinum
455 2675 626 2716 Verum
649 2677 767 2729 quod
791 2675 977 2724 revelat,
997 2682 1044 2717 et
1066 2677 1168 2730 quia
1193 2677 1429 2718 “cornua”
1451 2678 1707 2731 significant

226 2738 384 2779 ultima
415 2738 521 2791 ejus,
555 2752 633 2792 per
668 2753 781 2792 quae
812 2738 1044 2779 revelatio.
1105 2738 1239 2792 Quod
1273 2740 1455 2781 “altare
1486 2742 1709 2789 aureum‚”

224 2814 355 2854 super
393 2815 479 2854 quo
515 2801 682 2842 fiebant
724 2801 911 2850 suffitus,
950 2801 1173 2855 significet
1210 2802 1422 2844 Divinum
1459 2804 1704 2857 spirituale,

224 2863 343 2917 quod
375 2871 444 2905 est
477 2864 686 2905 Divinum
720 2864 890 2905 Verum
921 2864 1169 2918 procedens
1201 2879 1226 2906 a
1259 2865 1469 2916 Domino,
1503 2873 1572 2908 est
1605 2867 1707 2920 quia
