1962 3334
602 302 708 336 CAP.
730 303 814 343 1x.,
836 301 975 335 vERs.
997 301 1171 334 20.—N.
1195 291 1354 347 587[c].
1471 293 1479 299 ’
1613 302 1722 354 1477

237 414 495 458 sanctitatis
506 414 526 431 ”
542 421 612 457 est
629 414 807 457 caelum
824 414 899 456 ubi
915 420 963 456 et
980 414 1099 456 unde
1116 414 1331 456 Divinum
1347 413 1532 456 verum.
1583 413 1722 468 Apud

235 478 469 528 Davidem,

303 569 323 584 “
333 568 435 601 Idola
449 578 572 600 eorum
588 574 776 609 argentum
792 573 829 600 et
842 577 979 606 aurum,
996 577 1087 608 opus
1103 576 1273 598 manuum
1289 567 1447 599 hominis
1461 576 1469 604 :
1493 576 1535 598 os
1552 567 1632 604 iuis,
1649 576 1724 598 non

356 656 363 663 .
410 612 611 695 llcaeuuntur,
625 612 718 643 oculi
735 611 804 643 illis
823 611 887 643 sed
903 621 976 642 non
993 610 1144 642 vident”
1156 610 1229 650 (Ps.
1245 620 1323 642 αν.
1339 619 1370 649 4,
1390 618 1406 650 5
1421 620 1429 649 ;
1455 610 1513 642 Ps.
1529 620 1654 642 cxxxv.
1674 618 1724 649 15,

240 748 403 790 “idola
431 761 585 790 eorum
611 754 852 801 argentum
883 753 930 788 et
962 746 1158 795 aurum,”
1183 745 1409 800 significat
1434 746 1609 788 cultum
1640 760 1723 787 ex-

236 817 416 853 ternum
455 811 626 865 absque
664 812 860 859 interno,
898 809 1215 858 confirmatum
1256 824 1316 850 ex
1361 823 1496 850 sensu
1541 809 1724 851 litterae

235 872 378 915 Verbi
417 886 507 914 non
546 870 796 920 intellecto,
838 878 884 912 et
930 885 1107 926 quoque
1150 886 1211 913 ex
1254 871 1443 912 fallaciis
1483 884 1723 921 sensuum;

239 939 265 957 ‘⁶
278 949 391 990 opus
412 948 624 976 manuum
645 935 839 975 hominis
849 934 870 949 ”
886 933 1110 988 significat
1133 948 1192 975 ex
1218 934 1397 988 propria
1418 933 1725 987 intelligentia

237 999 342 1038 (quod
361 997 472 1038 “opus
490 1009 644 1029 manuum
657 999 674 1008 ''
693 1000 733 1028 sit
754 1000 787 1029 id
806 1000 895 1036 quod
915 1008 954 1028 ex
977 999 1107 1037 propria
1129 1000 1347 1037 intelligentia,
1366 999 1513 1028 videatur
1534 999 1567 1028 in
1589 999 1725 1028 articulo

234 1054 487 1092 praecedente);
534 1047 624 1083 “os
662 1042 767 1090 illis,
802 1055 893 1082 non
929 1041 1192 1095 loquuntur,
1228 1041 1348 1082 oculi
1386 1041 1477 1082 illis
1510 1042 1592 1082 sed
1631 1055 1724 1082 non

234 1103 432 1153 vident,”
462 1102 687 1157 significat
719 1103 840 1156 quod
871 1116 932 1144 ex
962 1103 1051 1143 illis
1082 1116 1174 1144 non
1204 1102 1356 1157 aliqua
1386 1104 1610 1156 cogitatio
1640 1117 1723 1144 nec

235 1166 395 1220 aliquis
419 1164 678 1207 intellectus
703 1166 809 1206 veri.

317 1229 399 1284 [0.]
441 1229 578 1282 Quod
609 1242 700 1270 non
730 1230 814 1270 nisi
839 1242 976 1283 quam
1000 1229 1164 1270 falsum
1189 1230 1361 1278 veniat,
1388 1235 1460 1271 est
1485 1230 1589 1284 quia
1617 1243 1723 1284 pro-

234 1292 379 1346 prium
403 1291 598 1332 hominis
629 1305 719 1332 non
751 1297 821 1332 est
854 1292 937 1332 nisi
967 1304 1102 1345 quam
1129 1291 1311 1341 malum,
1338 1292 1460 1333 favet
1491 1292 1609 1333 enim
1642 1305 1724 1339 suo

234 1355 376 1396 amori
406 1361 452 1396 et
484 1368 590 1395 suae
616 1353 976 1407 intelligentiae;
1013 1361 1290 1408 quapropter
1319 1353 1383 1395 illi
1414 1367 1505 1395 non
1536 1355 1723 1395 student

233 1417 352 1458 veris
377 1423 562 1470 propter
586 1430 705 1464 vera,
729 1417 809 1457 sed
828 1407 982 1457 ‘solum
1007 1423 1193 1470 propter
1217 1416 1398 1465 samam,
1422 1429 1602 1465 nomen,
1626 1417 1726 1470 glo·

234 1480 346 1520 riam
367 1486 414 1520 et
437 1479 635 1529 lucrum;
668 1492 782 1532 quae
804 1492 905 1520 cum
927 1479 1232 1528 dominantur,
1256 1492 1347 1520 non
1369 1485 1524 1533 potest
1547 1479 1723 1520 caelum

234 1554 336 1583 cum
356 1555 437 1582 sua
459 1541 558 1583 luce
579 1541 775 1590 influere,
794 1555 846 1583 ac
872 1542 1044 1595 aperire
1065 1542 1210 1582 visum
1232 1548 1279 1582 et
1301 1541 1527 1583 illustrare
1544 1556 1555 1593 ;
1587 1556 1723 1596 quare

233 1604 392 1646 vident
417 1605 532 1645 sicut
559 1602 765 1652 noemae,
793 1604 947 1658 talpae
977 1611 1025 1645 et
1056 1604 1402 1658 vespertiliones
1432 1605 1477 1645 in
1508 1605 1721 1653 tenebris,

235 1667 481 1709 secundum
506 1667 618 1708 haec
644 1667 763 1721 apud
787 1666 990 1715 Esaiam,

301 1761 367 1794 “In
388 1762 445 1794 die
461 1762 523 1793 illo
540 1762 702 1802 projiciet
722 1762 833 1794 horno
849 1762 944 1794 idola
960 1763 1099 1803 argenti
1116 1763 1171 1794 sui
1187 1769 1223 1794 et
1239 1763 1335 1794 idola
1350 1763 1426 1794 auri
1443 1763 1508 1801 sui,
1525 1750 1616 1804 quae
1631 1763 1724 1795 fece-

407 1812 491 1837 runt
507 1806 575 1837 sibi
591 1805 636 1836 ad
652 1806 912 1837 incurvandum
932 1816 971 1837 se
990 1806 1097 1847 talpis
1113 1813 1150 1838 et
1165 1806 1480 1847 vespertilionibus
1490 1806 1509 1818 ’'
1522 1806 1571 1847 (ii.
1590 1807 1640 1844 18.
1658 1807 1723 1846 20).

235 1888 375 1944 Apud
400 1888 659 1937 Jeremiam,

300 1964 475 1997 “siccitas
498 1973 606 2004 super
627 1974 748 2005 aquas,
768 1970 804 1995 et
827 1971 1046 2002 exarescant,
1066 1965 1149 2005 quia
1171 1971 1266 1997 terra
1289 1965 1504 2006 sculptilium
1529 1965 1599 2003 illa,
1619 1971 1655 1997 et
1676 1965 1724 1997 de

407 2007 596 2039 horrendis
611 2008 830 2048 gloriantur:
856 2008 936 2039 ideo
952 2008 1163 2040 habitabunt
1179 2009 1227 2040 ibi
1244 2008 1358 2040 Tziim
1375 2015 1412 2040 et
1429 2008 1522 2050 ljim,
1535 2016 1571 2041 et
1586 2009 1723 2040 habita-

408 2052 497 2083 bunt
513 2051 550 2082 in
567 2061 611 2082 ea
626 2050 718 2082 filiae
735 2049 917 2082 noctuae”
929 2051 965 2091 (l.
985 2052 1037 2090 38,
1054 2052 1129 2092 39):

236 2144 456 2185 “siccitas
490 2157 623 2197 super
654 2143 825 2197 aquas”
859 2142 1083 2196 significat
1119 2157 1208 2184 non
1240 2157 1422 2194 verum;
1459 2144 1640 2185 “Tziim
1674 2151 1721 2186 et

236 2205 367 2258 ljim”
380 2204 637 2259 significant
654 2205 767 2246 salsa
784 2212 830 2247 et
848 2205 969 2246 mala
985 2205 1231 2255 infernalia,
1251 2220 1303 2247 ac
1323 2206 1479 2248 “filiae
1495 2205 1688 2248 noctuae
1702 2207 1722 2222 ”

233 2266 492 2310 affectiones
516 2267 642 2309 salsi:
678 2268 790 2309 haec
817 2266 939 2309 dicta
964 2275 1068 2309 sunt
1099 2269 1156 2309 de
1181 2275 1302 2310 terra
1327 2268 1559 2311 Chaldaea
1584 2276 1631 2311 et
1663 2269 1721 2310 de

235 2329 419 2379 Babele‚
452 2344 531 2384 per
560 2344 675 2384 quae
706 2330 1017 2384 significantur
1047 2330 1381 2384 profanationes
1411 2333 1504 2373 veri
1535 2339 1582 2374 et
1614 2333 1721 2374 boni

233 2405 314 2446 per
351 2393 464 2434 falsa
502 2393 700 2434 faventia
739 2393 883 2439 malis,
924 2407 1038 2447 quae
1078 2394 1161 2447 ipsi
1200 2394 1283 2435 sibi
1319 2394 1495 2448 fingunt
1536 2403 1722 2450 propter

233 2455 493 2497 dominium.
554 2456 693 2510 Apud
718 2456 979 2504 Hosclccam,

298 2550 502 2583 “Fecerunt
525 2552 592 2583 sibi
617 2551 721 2583 fusile
749 2562 793 2583 ex
816 2558 966 2591 argento
990 2561 1066 2589 suo,
1092 2552 1126 2584 in
1151 2552 1387 2593 intelligentia
1410 2563 1475 2586 sua
1498 2554 1603 2592 idola,
1628 2565 1719 2595 opus

406 2594 580 2626 artificum
595 2601 670 2626 tota
684 2605 708 2633 ;.
722 2620 730 2627 .
744 2620 752 2627 .
766 2595 1021 2627 ,sacrificantes
1033 2595 1226 2634 hominem,
1240 2597 1371 2628 vitulos
1388 2598 1594 2630 osculantur
1604 2598 1622 2609 '¹
1632 2599 1718 2638 (xiii.

408 2637 461 2678 2):

234 2730 336 2784 quia
361 2743 440 2784 per
466 2730 673 2772 “fusile’t
688 2730 967 2784 significatur
991 2730 1239 2774 doctrinale
1261 2748 1320 2775 ex
1346 2736 1523 2788 propria
1549 2735 1718 2777 intelli-

233 2793 403 2845 gentia,
436 2793 538 2834 ideo
573 2793 737 2834 dicitur
768 2793 1031 2836 “Fecerunt
1062 2795 1189 2837 fusile
1225 2811 1284 2837 ex
1320 2805 1514 2850 argento
1545 2812 1639 2847 suo,
1673 2800 1716 2840 in

233 2854 540 2908 intelligentia
570 2869 649 2896 sua
680 2855 815 2904 idola,
844 2870 955 2910 opus
986 2857 1206 2899 artificum
1238 2866 1339 2900 tota
1356 2860 1390 2910 ;”
1427 2867 1473 2901 et
1505 2861 1607 2914 quia
1639 2875 1718 2914 per

233 2916 277 2957 id
303 2917 495 2971 perdunt
520 2918 797 2972 spiritualem
823 2920 979 2969 vitam,
1006 2926 1053 2961 et
1079 2921 1268 2963 induunt
1295 2935 1416 2964 mere
1443 2923 1710 2973 naturalem,
