1962 3334
297 264 402 317 1692
708 271 1042 304 APOCALYPSIS
1074 272 1374 304 EXPLICATA.

355 385 647 427 “Relinquentur
663 385 770 416 simul
789 383 900 416 [ssavis
919 385 1109 423 montium,
1129 391 1164 417 et
1182 383 1334 417 [21bestia
1351 391 1466 417 terrae
1482 395 1489 422 :
1514 385 1578 417 sed
1595 386 1784 417 abomina-

464 431 596 460 buntur
615 439 695 460 eum
721 429 810 466 avis,
831 435 867 460 et
891 429 1012 461 omnis
1033 430 1152 461 bestia
1172 436 1289 461 terrae
1310 439 1392 461 eum
1418 429 1656 462 contemnet''
1674 430 1783 470 (xviii.

463 473 516 513 6):

288 556 399 596 haec
434 556 489 596 de
519 559 544 576 “
561 562 681 596 terra
707 555 965 596 inumbrata
989 556 1111 604 alis,'''
1138 570 1216 609 per
1242 570 1377 609 quam
1410 555 1681 609 intelligitur
1705 569 1780 597 ec-

287 618 439 668 clesia,
467 633 582 672 quae
609 633 667 659 ex
700 619 907 667 obscuro,
937 620 981 659 in
1013 633 1101 673 quo
1135 626 1220 667 est,
1255 620 1521 672 imaginaria
1552 633 1633 672 pro
1665 621 1781 660 veris

286 683 590 735 spiritualibus
618 688 791 735 captat,
820 689 866 723 et
899 696 1013 736 quae
1040 682 1144 722 inde
1177 696 1237 723 ex
1270 683 1530 735 ignorantia
1561 683 1604 722 in
1638 695 1779 735 nega-

286 746 460 785 tionem
484 745 661 785 illorum
686 746 837 795 venit;
871 759 950 798 per
975 749 1144 785 “avem
1158 745 1176 760 ’²
1200 752 1246 785 et
1273 745 1505 786 “bestiam
1518 745 1537 760 ‘’
1559 745 1698 786 etiam
1721 746 1780 786 ibi

256 829 259 832 ·
285 808 597 862 significantur
614 809 921 862 cogitationes
943 810 1035 849 veri
1054 816 1100 849 et
1119 807 1381 850 affeffiones
1399 810 1504 850 boni
1525 816 1620 850 tam
1639 810 1778 850 ratio-

286 871 413 912 nales
432 885 566 925 quam
589 871 834 920 naturales,
855 886 968 925 quae
992 872 1201 912 dicuntur
1227 875 1251 892 “
1265 872 1514 912 abominari
1526 872 1545 887 ”
1562 879 1609 914 et
1630 876 1655 893 ‘⁴
1669 886 1778 913 con-

286 934 540 986 temnere”;
574 935 694 989 quod
717 936 812 975 avis
839 941 884 975 et
912 935 1058 975 omnis
1081 935 1228 975 bestia
1251 948 1341 975 non
1365 935 1708 976 abominaturae
1731 942 1776 976 et

286 1003 634 1051 contempturae
652 998 757 1045 sint,
778 1004 907 1050 patet
926 1012 934 1047 ;
962 998 1041 1037 sed
1061 996 1322 1038 affectiones
1340 998 1445 1038 boni
1463 1004 1510 1039 et
1533 995 1776 1051 c'ogitatio-

283 1073 364 1101 nes
390 1061 495 1109 veri,
524 1061 611 1101 hoc
639 1067 724 1109 est,
753 1061 780 1101 ii
807 1061 881 1114 qui
908 1061 952 1100 in
980 1060 1068 1101 illis
1095 1067 1214 1101 sunt.
1278 1060 1416 1114 Apud
1441 1060 1704 1110 Hosck'eam,

350 1150 369 1163 “
380 1149 666 1188 Latrocinantur,
684 1151 880 1190 sanguines
899 1151 1096 1190 sanguines
1117 1151 1326 1190 attingunt„
1342 1175 1349 1182 .
1363 1175 1370 1182 .
1385 1157 1436 1182 .et
1454 1151 1684 1182 contabescet
1701 1161 1778 1182 om·

457 1194 513 1225 nis
533 1194 698 1225 habitans
717 1194 752 1225 in
773 1205 824 1231 ea,
846 1195 890 1225 ad
911 1194 1024 1225 feram
1045 1195 1123 1234 agri
1144 1200 1179 1225 et
1198 1195 1243 1225 ad
1263 1204 1366 1225 avem
1388 1194 1577 1233 caelorum,
1596 1195 1777 1236 etiamque

457 1238 573 1278 pisces
591 1239 700 1269 maris
719 1237 961 1278 colligentur''
979 1238 1037 1278 (iv.
1057 1246 1085 1275 2,
1104 1238 1156 1277 3):

283 1329 421 1368 etiam
453 1327 524 1369 hic
558 1342 636 1381 per
665 1328 842 1368 “feram
875 1329 971 1381 agri
985 1328 1003 1343 ”
1030 1334 1075 1369 et
1112 1332 1281 1370 “avem
1314 1328 1584 1378 caelorum,”
1609 1343 1661 1370 ac
1695 1344 1774 1384 per

284 1392 467 1444 “pisces
506 1391 680 1440 maris,”
717 1391 878 1432 similia
920 1391 1233 1444 significantur
1273 1406 1386 1445 quae
1428 1406 1574 1446 supra.
1636 1392 1774 1446 Apud

280 1454 566 1503 Ezechielem,

347 1544 430 1576 “Tu
448 1545 496 1576 fili
517 1546 673 1577 hominis
678 1571 769 1582 .....
778 1546 834 1577 dic
853 1546 951 1577 omni
966 1547 1023 1577 avi
1043 1547 1163 1578 omnis
1183 1547 1271 1583 alae,
1290 1553 1325 1578 et
1343 1547 1442 1578 omni
1457 1547 1556 1579 ferae
1573 1548 1661 1587 agri,
1681 1547 1776 1581 Con-

455 1590 657 1629 gregamini
679 1596 713 1620 et
734 1590 865 1627 venite,
886 1596 1105 1630 congregate
1123 1601 1187 1621 vos
1212 1601 1233 1621 a
1258 1591 1406 1622 circuitu
1431 1601 1538 1631 super
1562 1592 1774 1623 sacrificium

455 1643 573 1664 meum
593 1634 688 1674 quod
710 1633 786 1673 Ego
807 1634 969 1665 sacrifico
990 1634 1102 1672 vobis,
1122 1634 1334 1665 sacrificium
1356 1644 1526 1674 magnum
1547 1645 1654 1675 super
1673 1645 1775 1666 mon-

455 1677 550 1708 tibus
567 1677 721 1715 Israelis,
737 1684 775 1708 ut
792 1678 990 1709 comedatis
1008 1687 1152 1709 carnem
1171 1684 1205 1709 et
1223 1678 1356 1709 bibatis
1374 1679 1588 1718 sanguinem
1603 1689 1610 1715 ;
1631 1689 1773 1710 carnem

455 1720 601 1752 fortium
621 1721 827 1758 comedetis,
843 1727 877 1752 et
895 1721 1110 1761 sanguinem
1129 1722 1329 1761 principum
1345 1728 1461 1753 terrae
1475 1723 1615 1760 bibetis,
1630 1723 1773 1760 arietes,

454 1774 569 1804 agnos
583 1771 618 1795 et
637 1763 809 1796 [³lhaedos
825 1771 859 1796 et
873 1765 1058 1805 juvencos,
1071 1765 1257 1804 saginatos
1272 1765 1469 1797 Baschanis
1483 1776 1631 1801 omnes:
1657 1776 1774 1798 come-

454 1808 545 1839 detis
563 1808 705 1848 adipem
727 1808 772 1839 ad
793 1809 1007 1845 satietatem,
1027 1815 1062 1840 et
1082 1809 1212 1840 bibetis
1230 1810 1444 1848 sanguinem
1463 1820 1576 1851 usque
1596 1810 1640 1841 ad
1662 1811 1774 1841 ebrie-

453 1858 564 1883 tatem
583 1852 626 1883 de
644 1852 817 1883 sacrificio
837 1862 919 1883 meo
937 1853 1031 1893 quod
1049 1853 1209 1884 sacrifico
1228 1853 1351 1885 vobis:
1378 1859 1412 1885 et
1430 1853 1650 1885 satiabimini
1668 1864 1774 1894 super

454 1905 581 1926 mensa
599 1905 678 1926 mea
702 1906 793 1936 equo
818 1902 854 1927 et
878 1906 991 1934 curru,
1013 1896 1096 1927 forti
1121 1902 1156 1928 et
1181 1897 1278 1927 omni
1304 1897 1380 1928 viro
1407 1897 1490 1929 belli
1505 1908 1528 1929 :.
1544 1922 1572 1929 ..
1588 1898 1654 1929 .sic
1678 1897 1773 1929 dabo

453 1939 606 1979 gloriam
625 1949 743 1970 meam
763 1940 857 1971 inter
873 1939 1029 1980 gentes'’
1047 1939 1179 1979 (xxxix.
1200 1940 1338 1980 17-21):

280 2025 392 2066 haec
426 2024 545 2066 dicta
577 2032 681 2067 sunt
714 2027 769 2067 de
807 2028 1140 2068 convocatione
1173 2028 1378 2080 gentium
1416 2028 1473 2068 ad
1511 2027 1767 2076 ecclesiam,

278 2095 324 2128 et
357 2089 413 2129 de
445 2090 707 2142 receptione
733 2090 826 2130 veri
853 2088 1087 2130 doctrinae
1119 2091 1163 2130 in
1195 2090 1316 2131 bono
1343 2092 1523 2140 amoris,
1552 2092 1672 2145 quod
1699 2098 1769 2133 est

278 2151 446 2192 bonum
473 2153 608 2200 vitae,
633 2152 691 2192 ab
717 2153 783 2201 iis,
809 2166 860 2193 ac
889 2153 945 2193 de
969 2166 1124 2193 eorum
1147 2153 1457 2206 intelligentia
1488 2155 1532 2194 in
1559 2155 1770 2207 spiritua·

280 2213 394 2254 libus
420 2215 550 2255 inde:
585 2229 720 2268 quare
744 2229 822 2268 per
848 2219 1019 2256 “avem
1043 2217 1189 2256 omnis
1212 2216 1351 2264 alae,’'
1374 2223 1420 2257 et
1444 2230 1522 2270 per
1542 2221 1566 2237 ‘⁴
1584 2231 1766 2258 omnem

276 2277 414 2317 seram
442 2277 578 2330 agri,'’
601 2292 714 2331 quae
738 2285 1129 2331 congregarentur
1155 2292 1180 2318 a
1207 2279 1394 2319 circuitu
1416 2279 1473 2319 ad
1500 2279 1765 2320 sacrificium

277 2353 494 2393 magnum
526 2354 660 2394 super
693 2341 923 2381 montibus
957 2341 1150 2390 Israelis,
1185 2341 1502 2394 intelliguntur
1533 2356 1692 2383 omnes
1725 2343 1769 2383 in

279 2416 546 2456 quocunque
579 2410 704 2444 statu
736 2405 826 2444 sint
859 2404 1008 2457 quoad
1042 2405 1382 2457 perceptionem
1415 2405 1507 2445 veri
1539 2411 1585 2446 et
1617 2406 1766 2459 quoad

279 2464 564 2506 affectionem
601 2467 733 2517 boni;
778 2480 856 2520 per
890 2470 1059 2507 “avem
1101 2468 1247 2507 omnis
1285 2467 1384 2507 alae
1400 2467 1418 2481 ‘'
1451 2467 1769 2520 intelliguntur

277 2541 435 2568 omnes
473 2529 774 2583 qualicunque
816 2529 1110 2583 perceptione
1154 2530 1246 2570 veri
1287 2530 1393 2578 sint,
1433 2543 1512 2583 per
1548 2534 1767 2571 “omnem

275 2591 414 2631 feram
437 2591 564 2643 agri”
583 2606 742 2632 omnes
765 2591 1065 2646 qualicunque
1088 2590 1325 2633 affeffione
1349 2592 1455 2633 boni
1477 2607 1485 2642 ;
1519 2607 1597 2646 per
1618 2597 1767 2634 “con-

275 2654 455 2706 gregari
487 2668 512 2694 a
544 2655 762 2696 circuitu‘'
784 2655 1065 2708 significatur
1097 2655 1153 2695 ab
1186 2655 1393 2708 undeque
1420 2656 1493 2709 qui
1526 2662 1660 2697 extra
1691 2670 1766 2698 ec-

275 2716 488 2767 clesiam;
536 2731 614 2770 per
658 2718 962 2759 “sacrificium
1006 2717 1253 2771 magnum”
1295 2718 1576 2771 significatur
1618 2719 1765 2760 cultus

275 2779 458 2820 Domini
490 2794 548 2820 ex
581 2779 667 2820 fide
700 2787 745 2821 et
778 2794 945 2829 amore,
975 2795 1080 2821 nam
1112 2781 1238 2821 illum
1272 2781 1490 2822 sacrificia
1521 2783 1565 2822 in
1598 2795 1765 2835 genere

274 2843 709 2895 repraesentabant3
753 2850 799 2884 et
836 2858 913 2897 per
948 2848 1171 2885 “montes
1211 2845 1422 2885 Israelis”
1454 2845 1765 2898 significantur

276 2906 395 2947 bona
422 2907 587 2946 amoris
614 2907 882 2960 spiritualis:
924 2898 1309 2961 per⁷“comedere
1342 2909 1555 2949 carnem”
1583 2915 1628 2950 et
1658 2910 1762 2950 “bi-

1953 2404 1962 2425 Λκ
1947 2352 1962 2399 ᾄω
1955 2301 1962 2347 ...ο
1955 2276 1961 2281 4
1947 2231 1962 2267 :iz
