1962 3334
220 300 324 342 1412
628 300 962 334 APOCALYPSIS
993 301 1292 334 EXPLICATA.

213 413 307 467 ejus
329 415 617 466 interiorem;
650 429 729 468 per
751 414 1000 456 scientifica
1025 429 1049 457 e
1076 416 1259 465 mundo,
1284 430 1362 470 per
1385 416 1504 470 quod
1531 430 1610 470 per
1633 416 1711 458 illa

213 478 500 519 confirmant.
562 477 804 519 Sciendum
831 485 901 519 est
933 479 1052 532 quod
1079 479 1312 520 sensuales
1338 479 1545 520 homines
1571 479 1712 521 astuti

213 547 259 582 et
285 541 437 582 callidi
460 542 549 582 sint
577 555 685 594 prae,
706 541 819 590 aliis,
844 542 1033 595 proinde
1060 542 1116 583 ad
1140 549 1274 583 acute
1297 542 1571 594 fallendum;
1604 555 1710 584 nam

212 605 327 645 sicut
350 603 658 656 intelligentia
685 610 730 644 et
758 604 999 657 prudentia
1025 611 1095 646 est
1128 604 1216 645 illis
1243 606 1318 659 qui
1344 605 1600 659 spirituales
1625 605 1709 647 ho-

212 667 355 708 mines
382 673 502 716 sunt,
531 668 595 707 ita
622 667 797 708 malitia
823 673 869 708 et
896 669 1066 709 astutia
1092 674 1163 709 est
1190 667 1277 708 illis
1305 669 1378 721 qui
1405 668 1636 710 sensuales
1661 675 1709 710 et

210 730 255 770 in
273 730 395 770 falsis
414 737 518 771 sunt
538 745 546 779 ;
580 743 715 770 eausa
733 737 818 779 est,
839 731 942 784 quia
964 731 1007 771 in
1028 731 1148 772 malo
1166 731 1335 772 residet
1355 732 1500 772 omnis
1518 731 1707 782 malitia,

210 799 256 834 et
280 794 324 833 in
347 793 469 834 bono
491 793 659 834 residet
682 794 828 834 omnis
851 793 1171 847 intelligentia.
1235 793 1444 835 Creditur
1469 795 1514 834 in
1537 795 1707 836 mundo

210 857 331 910 quod
363 856 427 897 illi
459 857 532 910 qui
558 857 698 897 astuti
725 863 771 898 et
798 856 950 898 callidi
977 863 1096 907 sunt,
1121 857 1259 898 etiam
1286 857 1534 910 prudentes
1560 864 1607 899 et
1639 858 1708 899 in-

210 919 476 972 telligentes
502 921 620 971 sint;
665 920 745 961 sed
771 921 942 961 astutia
973 927 1020 961 et
1053 920 1228 961 malitia
1255 933 1344 961 non
1371 927 1441 961 est
1468 921 1709 974 prudentia

210 989 256 1024 et
280 983 600 1038 intelligentia,
617 996 772 1024 verum
790 984 835 1024 in
854 997 901 1024 se
919 981 1127 1037 spectata
1142 990 1211 1024 est
1230 984 1404 1024 insania
1418 990 1464 1024 et
1483 983 1705 1025 stult-itia:

212 1053 450 1088 removent
477 1047 597 1087 enim
625 1060 672 1087 se
704 1060 730 1087 a
761 1046 981 1087 felicitate
1008 1053 1209 1095 aeterna,
1238 1053 1284 1087 et
1317 1060 1365 1087 se
1390 1045 1635 1099 conjiciunt
1662 1047 1707 1087 in

210 1109 524 1151 infelicitatem
548 1116 796 1158 aeternam,
821 1109 941 1163 quod
966 1123 1055 1150 non
1079 1109 1312 1163 prudentis
1335 1115 1381 1150 et
1404 1108 1708 1162 intelligentis

210 1179 295 1222 est,
323 1173 402 1213 sed
429 1173 575 1213 insani.
601 1179 647 1214 et
676 1173 818 1214 stulti.
881 1172 1120 1213 Praeterea
1146 1173 1300 1213 omnia
1321 1186 1435 1226 quae
1458 1178 1563 1213 sunt
1586 1173 1706 1226 sapi-

209 1237 360 1277 entiae
387 1235 599 1277 caelestis
632 1242 678 1277 et
715 1235 965 1289 angelicae,
994 1236 1038 1276 in
1066 1235 1207 1276 densa
1234 1235 1429 1288 caligine
1455 1235 1574 1289 apud
1605 1236 1707 1277 illos

209 1306 342 1349 sunt;
386 1306 432 1340 et
475 1299 547 1340 ubi
585 1299 662 1340 illa
702 1300 928 1353 sapientia
969 1305 1039 1340 est
1083 1298 1247 1354 caligo,
1286 1299 1346 1338 ibi
1386 1305 1456 1339 est
1495 1298 1704 1340 stultitia.

210 1361 345 1415 Quod
383 1361 615 1403 sensuales
653 1362 861 1403 homines
898 1362 1038 1403 astuti
1076 1368 1122 1402 et
1165 1361 1317 1402 callidi
1355 1362 1460 1411 sint,
1494 1368 1706 1404 constare

208 1431 363 1478 potest
395 1438 455 1465 ex
487 1424 576 1465 illis
613 1426 688 1479 qui
725 1426 769 1466 in
811 1425 984 1466 inferno
1020 1431 1140 1474 sunt,
1175 1425 1247 1465 ubi
1282 1438 1440 1465 omnes
1473 1438 1594 1466 mere
1625 1438 1705 1466 na-

208 1488 378 1529 turales
396 1495 442 1529 et
466 1489 698 1530 sensuales
720 1495 824 1530 sunt
844 1502 852 1539 ;
886 1488 1045 1542 quibus
1064 1494 1196 1529 tanta
1214 1488 1383 1528 astutia
1407 1494 1453 1529 et
1477 1487 1705 1529 calliditas

209 1558 279 1593 est
312 1558 361 1593 ut
393 1553 471 1592 vix
503 1552 560 1593 ab
591 1552 742 1605 aliquo
774 1552 918 1605 possit
951 1551 1100 1602 credi;
1144 1551 1200 1592 de
1232 1565 1319 1604 qua
1350 1565 1396 1591 re
1423 1551 1630 1592 videatur
1660 1552 1705 1592 in

209 1627 347 1666 opere
371 1613 439 1654 De
466 1613 598 1655 Caelo
622 1619 665 1653 et
683 1613 868 1664 Inferna
890 1623 935 1661 (n.
952 1623 1122 1661 576-581)‚
1147 1612 1221 1652 ubi
1248 1611 1399 1652 aetum
1425 1618 1497 1652 est
1523 1612 1579 1652 de
1605 1625 1704 1652 ma-

208 1674 306 1715 litia
351 1681 397 1716 et
446 1675 618 1715 artibus
669 1674 873 1715 nefandis
922 1674 1161 1728 spirituum
1210 1673 1506 1714 infernalium.
1570 1672 1704 1727 Quod

210 1737 414 1778 “aculei”
441 1737 700 1791 significent
727 1738 934 1786 astutias,
964 1743 1175 1777 constare
1208 1743 1363 1790 potest
1391 1737 1561 1790 absque
1593 1749 1704 1777 con-

206 1799 460 1842 firmatione
484 1815 507 1841 e
531 1801 700 1850 Verbo,
720 1801 933 1854 quoniam
956 1800 1001 1840 in
1024 1801 1253 1840 communi
1276 1813 1483 1840 sermone
1505 1800 1704 1841 astutiae

205 1865 250 1904 in
278 1863 482 1918 loquelis,
510 1864 668 1918 quibus
695 1864 807 1905 alios
834 1863 1010 1912 fallunt,
1035 1870 1258 1904 vocantur
1283 1862 1506 1912 “aculei‚”
1528 1869 1575 1904 et
1605 1864 1701 1917 ipse

207 1941 356 1968 sermo
388 1928 551 1968 dicitur
585 1927 823 1968 “acutus.”
884 1927 935 1967 In
972 1927 1122 1980 specie
1154 1933 1308 1967 autem
1341 1940 1419 1980 per
1452 1927 1703 1969 “aculeos’'

206 1990 520 2044 significantur
555 1991 667 2031 falsa
698 1991 928 2039 interiora,
963 2004 1077 2044 quae
1115 1996 1220 2031 sunt
1258 2003 1372 2043 quae
1410 2003 1500 2030 non
1536 1990 1703 2032 discuti

205 2059 411 2107 possunt,
436 2055 539 2107 quia
561 2068 620 2094 ex
643 2053 906 2094 scientificis
930 2059 975 2094 et
999 2053 1187 2093 fallaciis
1210 2066 1446 2093 sensuum:
1481 2054 1601 2107 quod
1624 2054 1703 2095 illa

205 2117 318 2158 falsa
335 2131 413 2170 per
430 2122 455 2137 ‘⁸
472 2116 654 2157 aculeos
666 2116 684 2131 ”
701 2116 1026 2169 significentur,
1043 2122 1254 2156 constare
1273 2122 1428 2169 potest
1443 2130 1502 2157 ex
1521 2130 1701 2170 reprae-

205 2181 445 2221 sentativis
463 2180 507 2220 in
527 2180 696 2220 mundo
715 2179 935 2233 spirituali
952 2194 961 2230 ;
995 2179 1054 2219 ibi
1072 2178 1185 2219 falsa
1203 2180 1418 2219 interiora
1435 2193 1701 2233 repraesen-

205 2249 362 2284 tantur
387 2244 518 2283 variis
546 2243 690 2283 modis
718 2257 797 2296 per
819 2249 968 2291 acuta,
996 2244 1111 2283 sicut
1139 2256 1217 2295 per
1244 2255 1482 2282 mucrones
1509 2244 1699 2292 ensium,

205 2320 285 2360 per
310 2306 495 2359 spicula,
524 2312 570 2347 et
598 2320 676 2359 per
698 2305 907 2347 aculeata
929 2306 973 2346 in
995 2306 1128 2346 variis
1146 2305 1312 2353 formis,
1338 2311 1384 2345 et
1411 2304 1496 2346 hoc
1515 2306 1698 2359 quando

203 2369 448 2410 intendunt
477 2368 686 2420 laedere;
724 2383 784 2410 ex
817 2382 904 2422 qua
930 2382 1066 2409 causa
1091 2368 1231 2408 etiam
1263 2368 1457 2408 vetitum
1485 2374 1555 2409 est
1588 2368 1699 2409 talia

203 2432 263 2472 ibi
278 2432 437 2472 sistere
452 2433 495 2472 in
511 2430 819 2485 conspectum,
836 2445 941 2472 nam
956 2432 1137 2485 spiritus
1153 2444 1211 2471 ex
1227 2430 1314 2477 illis
1326 2431 1432 2471 visis
1447 2431 1491 2471 in
1505 2430 1698 2472 furorem

204 2493 414 2535 laedendi
437 2495 638 2535 veniunt.
702 2494 829 2535 Haec
856 2494 970 2535 falsa
1001 2494 1139 2537 etiam
1171 2507 1249 2547 per
1278 2493 1499 2534 “aculeos
1511 2493 1531 2509 ''
1557 2494 1698 2547 signi-

203 2556 396 2598 ficantur
420 2558 539 2611 apud
564 2557 720 2607 Amos,

269 2661 287 2674 ‘¹
303 2660 394 2692 Ecce
411 2660 488 2692 dies
505 2660 652 2692 venient
669 2670 775 2701 super
795 2670 871 2699 vos,
890 2661 1017 2701 quibus
1038 2660 1225 2692 extrahent
1242 2670 1308 2691 vos
1328 2659 1471 2699 aculeis,
1489 2665 1524 2692 et
1543 2659 1696 2700 posteri-

380 2711 489 2735 tatem
507 2711 665 2736 vestram
682 2705 800 2736 hamis
817 2704 1026 2745 piscationis
1037 2703 1057 2716 ”
1072 2704 1132 2744 (iv.
1151 2702 1202 2744 2):

205 2806 486 2847 “extrahere
513 2806 712 2847 aculeis''
738 2806 965 2860 significat
991 2806 1216 2847 abducere
1242 2820 1268 2846 a
1299 2805 1415 2846 veris
1442 2819 1521 2859 per
1546 2806 1693 2847 scien-

202 2868 326 2910 tifica
347 2883 407 2910 ex
430 2869 586 2910 Verbo
608 2876 654 2910 et
678 2883 702 2910 e
725 2869 894 2910 mundo
915 2869 1026 2910 false
1049 2869 1303 2922 applicata;
1337 2875 1383 2910 et
1409 2868 1693 2910 “extrahere

200 2932 347 2973 hamis
370 2933 632 2986 piscationis
645 2932 664 2948 ''
686 2931 910 2985 significat
936 2946 1015 2986 per
1036 2931 1236 2973 fallacias
1259 2944 1484 2982 sensuum,
1509 2945 1568 2973 ex
1595 2932 1691 2985 qui-
