1962 3334
648 283 754 315 CAP.
778 282 861 322 xx„
885 267 1021 313 vens.
1050 279 1220 324 19.-N.
1243 269 1410 323 701[c].
1666 269 1773 321 1899

291 395 403 437 haec
435 395 492 436 de
518 394 733 442 Domino,
761 393 818 434 de
847 406 936 446 quo
966 392 1011 432 in
1043 391 1122 432 illo
1151 391 1303 444 capite
1328 389 1565 431 manifeste
1596 390 1770 441 agitur3

290 462 337 504 et
367 469 446 509 per
472 455 775 508 “sanguinem
805 452 1030 493 foederis”
1055 452 1328 504 intelligitur
1357 462 1525 499 (utsupra)
1553 450 1771 490 Divinum

291 516 476 564 Verum,
510 529 588 569 per
625 514 745 568 quod
782 515 883 554 cum
916 513 1115 553 Domino
1152 510 1431 564 conjunctio:
1480 512 1661 564 quinam
1692 524 1773 564 per

292 577 507 619 “vinctos
531 578 577 617 in
601 577 744 624 fovea,
771 577 816 616 in
847 589 934 628 qua
965 588 1056 615 non
1082 574 1236 628 aqua‚”
1261 573 1589 626 intelliguntur,
1617 573 1771 613 videa-

289 646 362 680 tur
386 652 521 692 supra
544 647 767 689 (n‚537[b]).
826 635 1055 688 Quoniam
1083 635 1306 675 Dominus
1331 635 1599 687 sanguinem
1626 646 1770 682 suum,

290 691 367 754 per
392 713 524 754 quem
550 698 818 751 intelligitur
844 698 1057 737 Divinum
1084 696 1254 737 Verum
1281 696 1532 749 procedens
1562 695 1621 736 ab
1647 695 1768 748 Ipso,

289 764 485 804 vocabat
519 763 821 815 “sanguinem
852 760 1043 801 foederis
1075 759 1218 807 novi‚‘’
1244 759 1395 812 paucis
1426 760 1565 799 etiam
1597 759 1773 800 dicetur

291 825 395 878 quid
436 839 515 878 per
553 824 747 865 “foedus
781 822 951 871 vetus‚”
987 829 1033 862 et
1075 821 1179 875 quid
1221 835 1300 874 per
1338 821 1531 861 “foedus
1573 821 1773 862 novum‘’

290 887 569 940 intelligitur.
644 886 726 926 Per
768 889 935 925 “vetus
975 884 1162 924 foedus'’
1202 883 1471 935 intelligitur
1514 882 1772 936 conjunc‘tio

293 963 372 1003 per
398 949 609 990 Divinum
635 948 804 988 Verum
836 946 968 1000 quale
1000 947 1156 986 datum
1188 946 1269 986 fuit
1300 945 1399 985 filiis
1432 946 1624 993 Israelis,
1651 946 1771 1000 quod

290 1018 386 1052 erat
409 1018 663 1058 externum,
682 1017 729 1051 et
752 1010 854 1050 inde
871 1009 1307 1062 repraesentativum
1332 1007 1482 1048 Divini
1501 1008 1610 1049 Veri
1631 1009 1771 1049 inter-

288 1074 358 1124 ni;
400 1087 491 1114 non
526 1073 645 1113 aliud
681 1072 768 1112 illis
802 1072 1015 1111 Divinum
1047 1070 1218 1111 Verum
1255 1065 1349 1119 fuit,
1383 1072 1486 1124 quia
1522 1084 1613 1111 non
1650 1071 1771 1111 aliud

287 1137 483 1189 recipere
505 1141 775 1189 potuerunt;
808 1134 983 1174 fuerunt
1001 1134 1119 1173 enim
1143 1133 1349 1191 homines
1367 1134 1546 1174 externi
1569 1140 1615 1174 et
1638 1141 1771 1175 natu·

287 1198 417 1247 rales,
441 1205 488 1238 et
515 1211 604 1238 non
630 1197 794 1237 interni
819 1210 896 1236 seu
922 1195 1190 1249 spirituales,
1219 1202 1267 1235 ut
1294 1202 1503 1236 constare
1530 1202 1684 1248 potest
1711 1211 1770 1238 ex

287 1273 356 1308 eo,
390 1261 509 1314 quod
544 1260 622 1307 illi,
665 1260 739 1312 qui
775 1259 831 1299 de
868 1259 1068 1299 adventu
1105 1258 1288 1298 Domini
1325 1258 1490 1311 aliquid
1528 1260 1769 1308 sciverunt,

288 1336 379 1363 non
415 1322 535 1362 aliud
566 1322 868 1374 cogitaverint
905 1321 961 1361 de
999 1320 1103 1373 Ipso
1136 1333 1269 1373 quam
1307 1321 1426 1373 quod
1463 1321 1634 1362 futurus
1671 1336 1768 1370 rex,

288 1385 363 1439 qui
387 1384 488 1425 illos
513 1384 726 1424 eveheret
752 1397 884 1436 super
909 1397 1067 1423 omnes
1094 1383 1285 1436 populos
1314 1384 1358 1423 in
1385 1384 1605 1431 universo,
1634 1391 1680 1424 et
1707 1386 1769 1426 sic

286 1447 361 1500 qui
385 1446 607 1487 stabiliret
635 1458 823 1498 regnum
848 1446 892 1485 in
919 1446 1049 1485 terris
1075 1445 1193 1497 apud
1220 1445 1337 1492 illos,
1365 1452 1411 1485 et
1445 1459 1532 1485 non
1561 1447 1604 1486 in
1631 1447 1769 1488 caelis

287 1515 335 1550 et
360 1508 464 1549 inde
489 1509 534 1548 in
559 1508 689 1548 terris
711 1507 829 1560 apud
854 1521 1011 1547 omnes
1038 1508 1111 1560 qui
1137 1507 1326 1547 credunt
1353 1508 1396 1547 in
1422 1507 1599 1560 Ipsum:
1633 1522 1770 1561 quare

290 1575 461 1611 “vetus
496 1570 682 1610 foedus’'
712 1570 792 1610 suit
825 1568 1080 1621 conjunctio
1111 1583 1190 1622 per
1227 1570 1319 1610 tale
1353 1570 1564 1610 Divinum
1597 1571 1768 1611 Verum

287 1632 419 1686 quale
450 1633 708 1672 continetur
744 1633 788 1672 in
825 1632 970 1672 Libris
1009 1632 1163 1680 Mosis,
1196 1639 1242 1672 et
1280 1631 1448 1672 dictum
1485 1633 1565 1673 suit
1601 1637 1767 1686 “prae-

286 1694 460 1748 cepta,”
499 1694 726 1747 “judicia’'
768 1701 814 1734 et
858 1699 1071 1734 “statuta
1092 1694 1126 1744 ;’'
1169 1695 1212 1734 in
1254 1695 1412 1747 quibus
1453 1688 1606 1735 tamen
1648 1697 1769 1736 intus

287 1756 421 1797 latuit
449 1757 660 1796 Divinum
686 1756 856 1797 Verum
883 1757 1014 1810 quale
1041 1763 1111 1796 est
1142 1757 1186 1796 in
1213 1757 1355 1804 caelo,
1384 1758 1503 1810 quod
1530 1765 1599 1798 est
1626 1759 1768 1799 inter—

286 1831 391 1859 num
423 1825 469 1859 et
500 1818 744 1872 spirituale.
808 1818 908 1859 Hoc
942 1819 1155 1859 Divinum
1188 1819 1358 1859 Verum
1390 1826 1596 1872 apertum
1634 1827 1704 1861 est
1740 1834 1768 1861 a

287 1881 483 1922 Domino
505 1894 606 1921 cum
628 1881 707 1922 suit
730 1882 774 1921 in
797 1881 992 1932 mundo;
1025 1888 1071 1922 et
1098 1882 1199 1935 quia
1225 1895 1303 1934 per
1325 1882 1369 1922 id
1392 1882 1537 1922 solum
1560 1889 1630 1923 est
1657 1896 1767 1923 con·

280 1942 450 1996 jun6fio
487 1943 668 1984 Domini
704 1956 804 1984 cum
846 1944 1114 1991 hominibus,
1154 1944 1256 1984 ideo
1296 1944 1340 1984 id
1379 1944 1650 1997 intelligitur
1685 1959 1764 1999 per

288 2010 492 2046 “novum
514 2005 709 2054 foedus,”
732 2013 777 2046 et
801 2020 977 2059 quoque
1003 2006 1047 2046 id
1070 2006 1339 2059 intelligitur
1361 2020 1439 2059 per
1463 2008 1767 2059 “sanguinem

287 2067 470 2120 Ipsius,‘’
495 2069 568 2121 qui
599 2068 703 2108 inde
734 2075 923 2108 vocatur
951 2069 1172 2121 “sanguis
1204 2069 1308 2108 novi
1340 2069 1529 2109 foederis
1547 2069 1581 2119 ;”
1623 2070 1767 2110 simile

284 2130 422 2170 etiam
458 2130 726 2182 intelligitur
767 2144 845 2183 per
884 2130 1113 2170 “vinum.'’
1174 2131 1242 2171 De
1284 2144 1402 2171 novo
1443 2131 1528 2171 hoc
1570 2131 1764 2179 foedere,

285 2192 405 2246 quod
442 2193 684 2233 ineundum
725 2200 821 2234 erat
863 2206 964 2233 cum
1006 2193 1204 2234 Domino
1244 2194 1426 2247 quando
1466 2195 1511 2234 in
1547 2195 1763 2235 mundum

282 2260 498 2294 venturus
524 2259 608 2301 est,
637 2254 680 2293 in
708 2253 862 2295 Verbo
886 2255 1067 2296 Veteris
1095 2257 1308 2298 Foederis
1340 2259 1506 2311 passim
1532 2259 1682 2311 agitur
1697 2270 1766 2296 :—

284 2315 350 2357 Ut
375 2316 494 2369 apud
518 2316 782 2365 Jeremiam,
911 2312 931 2327 ⁶

348 2403 466 2436 “Ecce
482 2404 557 2436 dies
575 2405 786 2439 venientes..
801 2430 808 2437 .
822 2406 963 2446 ,quibus
983 2415 1136 2446 pangam
1155 2415 1233 2437 cum
1255 2406 1363 2437 domo
1382 2406 1533 2443 Israelis,
1551 2413 1585 2438 et
1605 2417 1683 2437 cum
1703 2407 1764 2438 do-

454 2457 514 2479 mo
532 2448 701 2489 Jehudae,
726 2449 851 2479 foedus
877 2458 1030 2486 novum:
1059 2459 1131 2479 non
1157 2450 1245 2480 sicut
1271 2449 1396 2480 foedus
1421 2451 1515 2490 quod
1541 2451 1658 2490 pepigi
1684 2460 1763 2481 cum

454 2492 612 2531 patribus
635 2492 833 2529 vestris,...
849 2493 946 2532 ‚quia
973 2493 1022 2523 illi
1051 2493 1187 2523 irritum
1217 2493 1446 2524 reddiderunt
1471 2493 1594 2524 foedus
1623 2503 1762 2524 meum:

461 2535 604 2566 ....sed
627 2535 694 2566 hoc
719 2535 853 2572 foedus,
878 2536 971 2575 quod
995 2545 1148 2575 pangam
1175 2545 1254 2567 cum
1278 2537 1390 2567 domo
1417 2536 1559 2567 Israelis
1583 2544 1663 2576 post
1687 2537 1762 2567 dies

453 2577 520 2608 hos
533 2587 557 2614 ;.
572 2602 579 2609 .
592 2603 599 2609 .
614 2579 722 2609 .dabo
741 2578 855 2618 legem
878 2589 993 2609 meam
1015 2579 1049 2609 in
1073 2579 1190 2610 medio
1210 2589 1342 2616 eorum,
1363 2586 1398 2610 et
1417 2590 1523 2619 super
1542 2590 1601 2610 cor
1621 2580 1761 2610 illorum

454 2621 604 2652 scribam
622 2621 729 2658 illam,
743 2629 778 2652 et
794 2631 855 2652 ero
872 2622 940 2652 illis
958 2622 992 2652 in
1013 2622 1137 2660 Deum,
1153 2629 1188 2653 et
1205 2630 1308 2653 erunt
1326 2623 1413 2653 Mihi
1430 2623 1466 2653 in
1484 2624 1653 2663 populum
1670 2632 1677 2659 ;
1702 2633 1763 2653 ne—

455 2674 522 2704 que
541 2665 718 2695 docebunt
735 2665 788 2695 vir
806 2665 959 2704 amplius
979 2666 1114 2696 socium
1135 2675 1247 2702 suum,
1264 2673 1325 2696 aut
1345 2667 1397 2696 vir
1416 2666 1560 2697 fratrem
1581 2676 1694 2703 suum,
1712 2666 1762 2696 di-

454 2707 575 2745 cendo,
596 2706 811 2748 Cognoscite
830 2707 1026 2749 jehovam;
1055 2718 1180 2740 ornnes
1205 2710 1299 2740 enim
1320 2716 1537 2749 cognoscent
1563 2709 1632 2746 Me,
1653 2719 1673 2739 a
1698 2710 1760 2740 mi-

454 2750 550 2781 nimo
566 2760 688 2781 eorum
705 2761 815 2791 usque
835 2752 880 2782 ad
897 2752 1090 2782 maximum
1109 2762 1231 2783 eorum
1243 2751 1261 2763 ’¹
1279 2752 1385 2790 (xxxi.
1403 2754 1541 2791 31-34):

282 2836 401 2890 quod
421 2836 641 2889 Jehovah,
665 2837 750 2878 hoc
774 2845 858 2887 est,
885 2838 1118 2886 Dominus,
1145 2837 1392 2892 “pacturus
1415 2841 1471 2880 sit
1499 2853 1598 2880 cum
1621 2840 1758 2880 domo

285 2898 463 2940 Israelis
494 2906 541 2941 et
573 2913 674 2942 cum
705 2901 842 2942 domo
865 2901 1067 2955 Jehudae
1093 2902 1247 2943 foedus
1274 2903 1479 2953 novum,''
1505 2916 1594 2943 non
1620 2902 1755 2943 intel-
