1962 3334
280 281 387 325 1450
688 282 1021 315 APOCALYPSIS
1052 282 1352 315 EXPLICATA.

272 370 407 435 natur
423 393 560 436 z—Ut
587 394 707 448 apud
732 394 902 444 Mosen,

340 476 531 560 “Jehczigah
549 477 671 527 pluere
688 477 773 561 {ecit
793 487 902 518 super
920 477 1114 509 Sodomam
1135 484 1171 510 et
1191 478 1365 510 Amoram
1387 478 1538 519 sulphur
1557 485 1592 510 et
1612 477 1765 519 ignem''

493 531 542 552 en.
561 531 630 552 xix.
650 529 691 560 24
717 530 725 559 ;

273 606 320 642 et
347 601 464 654 apud
486 600 664 650 Lucam,

340 676 449 717 “Quo
466 676 524 707 die
541 686 707 716 egressus
722 682 777 708 est
796 676 931 708 Lothus
945 686 964 708 e
982 677 1151 714 Sodoma,
1168 677 1257 717 pluit
1274 678 1358 717 igne
1373 683 1407 708 et
1427 677 1597 717 sulphure
1615 687 1634 708 e
1653 677 1765 715 caelo,

448 726 483 751 et
504 720 660 759 perdidit
679 730 830 758 omnes;
858 720 960 760 juxta
976 720 1043 752 hoe
1064 720 1123 752 fiet
1142 730 1213 762 quo
1234 721 1290 752 die
1317 721 1428 752 Filius
1453 721 1611 752 hominis
1632 721 1767 752 revela-

447 763 571 794 bitur”
589 763 685 803 (xvii.
705 772 756 804 29,
776 764 849 804 30):

274 862 353 902 per
378 848 480 889 illos
505 849 577 902 qui
603 850 685 889 “in
709 848 910 890 Sodoma
932 855 979 890 et
1003 849 1207 890 Amora’'
1231 849 1423 898 fuerunt,
1448 849 1767 902 intelliguntur

273 912 345 964 qui
371 912 415 951 in
441 911 564 952 salsis
591 912 696 952 mali
723 926 782 953 ex
815 925 969 953 amore
996 913 1087 963 sui;
1120 919 1166 953 et
1193 913 1295 966 quia
1320 912 1432 953 salsa
1459 912 1563 952 mali
1595 926 1654 953 ex
1685 911 1766 952 illo

275 987 428 1015 amore
456 973 783 1027 [¹]perdiderunt
810 989 903 1024 eOS,
928 975 1030 1016 ideo
1056 975 1168 1029 pluit
1195 974 1382 1029 sulphur
1407 981 1454 1016 et
1480 976 1610 1028 ignis,
1637 974 1765 1015 “sul-

274 1037 418 1090 phur’'
442 1052 500 1078 ex
520 1038 891 1091 concupiscentia
909 1038 1126 1092 perdendi
1145 1038 1387 1079 ecclesiam
1410 1052 1489 1091 per
1510 1038 1623 1078 falsa
1644 1037 1764 1085 mali,

277 1101 465 1154 “ignis”
494 1101 597 1154 quia
627 1102 998 1154 concupiscentia
1029 1101 1106 1142 illa
1135 1102 1369 1142 scaturivit
1399 1115 1458 1141 ex
1487 1114 1641 1141 amore
1674 1101 1764 1141 sui:

274 1164 394 1217 quod
426 1164 491 1204 ita
522 1163 598 1204 fiet
625 1164 808 1217 quando
836 1164 974 1205 Filius
1001 1163 1195 1205 hominis
1227 1164 1513 1213 revelabitur,
1542 1163 1766 1217 significat

275 1228 395 1281 quod
422 1229 559 1268 etiam
587 1234 694 1268 tunc
722 1228 835 1268 falsa
862 1228 969 1268 mali
995 1242 1054 1269 ex
1077 1241 1230 1268 amore
1258 1228 1323 1268 sui
1350 1228 1591 1268 ecclesiam
1619 1227 1766 1280 perdi-

275 1298 375 1331 tura
398 1291 501 1331 sint.
563 1290 688 1331 Talis
715 1291 866 1344 pluvia
893 1292 1032 1332 etiam
1059 1297 1248 1344 apparet
1280 1291 1324 1330 in
1351 1291 1521 1331 mundo
1548 1290 1767 1343 spirituali

274 1354 456 1407 quando
483 1354 589 1394 mali
616 1354 689 1407 qui
720 1355 764 1394 in
795 1353 917 1394 falsis
945 1368 1004 1394 ex
1036 1353 1114 1394 illo
1140 1367 1294 1394 amore
1326 1359 1447 1402 sunt,
1475 1354 1519 1394 in
1546 1353 1765 1394 infernum

274 1416 554 1469 dejiciuntur.
616 1416 754 1470 Apud
779 1416 947 1465 Mosen,

340 1505 435 1547 Quid
448 1506 567 1537 dicent
579 1505 639 1536 filii
654 1505 779 1537 vestri.
795 1530 802 1537 .
816 1530 823 1537 .
839 1506 918 1537 .‘¹et
932 1505 1162 1545 alienigena„
1178 1530 1185 1537 .
1200 1530 1206 1538 .
1222 1515 1317 1537 .cum
1330 1505 1502 1537 videbunt
1514 1505 1638 1545 plagas
1650 1511 1767 1536 terrae

449 1549 558 1589 hujus
583 1556 618 1580 et
641 1550 788 1580 morbos
810 1549 926 1589 ejus?.
942 1574 949 1580 .
963 1574 970 1580 .
986 1549 1167 1589 ,Sulphun
1188 1549 1251 1586 sal,
1273 1555 1308 1580 et
1333 1549 1536 1580 combustio
1561 1554 1638 1580 tota
1661 1554 1765 1582 terra.

450 1603 523 1623 non
539 1599 758 1630 conseratur,
774 1602 839 1624 nec
853 1593 1041 1632 germinet,
1058 1602 1122 1623 nec
1134 1593 1307 1624 ascendat
1320 1592 1355 1623 in
1371 1602 1415 1623 ea
1428 1592 1501 1623 ulla
1514 1592 1625 1623 herba
1639 1601 1645 1629 ;
1665 1591 1767 1632 juxta

450 1637 677 1668 eversionem
692 1636 871 1667 Sodomae
886 1642 921 1668 et
935 1636 1102 1673 Amorae,
1116 1636 1278 1667 Adamae
1292 1642 1327 1667 et
1344 1635 1515 1667 Zeboim’'
1527 1636 1662 1675 (Deutr.
1673 1635 1766 1667 xxix.

451 1688 501 1719 21,
522 1688 562 1711 22
582 1678 640 1721 [B.
655 1681 699 1711 A.
715 1688 766 1718 22,
780 1677 872 1721 23]):

275 1774 380 1809 sunt
407 1768 493 1809 hae
520 1766 863 1808 maledi<ffiones
890 1781 1004 1821 quae
1031 1768 1357 1808 denuntiantur
1383 1767 1481 1808 filiis
1510 1767 1703 1815 Israelis,
1731 1767 1767 1808 si

275 1845 366 1872 non
399 1832 661 1872 custodiunt
698 1837 943 1884 praecepta
984 1837 1030 1872 et
1071 1837 1262 1879 statuta,
1296 1836 1342 1871 et
1382 1831 1418 1871 si
1458 1830 1613 1871 colunt
1653 1830 1766 1870 alios

275 1894 386 1935 deos
405 1909 413 1945 ;
446 1901 493 1935 et
516 1895 619 1948 quia
641 1900 748 1935 tunc
773 1894 967 1935 ecclesia
990 1900 1197 1934 vastatur
1219 1900 1265 1934 et
1287 1894 1534 1934 destruitur
1556 1907 1634 1946 per
1655 1893 1767 1934 falsa

275 1958 382 1998 mali
413 1964 459 1998 et
497 1971 575 2010 per
612 1957 733 1997 mala
764 1957 877 2005 salsi,
911 1958 1075 1997 dicitur
1111 1957 1231 2010 quod
1270 1963 1376 1997 tunc
1413 1956 1648 2009 “sulphur,
1683 1956 1763 2003 sal,

275 2021 532 2061 combustio
569 2027 670 2061 tota
707 2020 879 2070 terra;’‘
923 2019 1117 2060 “terra'’
1148 2018 1372 2072 significat
1410 2019 1674 2060 ecclesiam:
1719 2026 1766 2060 et

275 2098 354 2137 per
385 2084 504 2137 quod
539 2087 669 2123 “non
697 2089 974 2130 conseretur,
1005 2096 1094 2123 non
1121 2083 1410 2135 germinabit,
1440 2095 1520 2122 nec
1548 2082 1765 2122 ascendet

276 2160 408 2200 super
440 2160 493 2186 ea
524 2145 615 2185 ulla
642 2145 823 2194 herba‚‘'
850 2144 1128 2198 significatur
1154 2145 1273 2198 quod
1306 2145 1498 2198 amplius
1531 2157 1621 2184 non
1653 2145 1765 2184 reci-

275 2211 421 2263 pietur
447 2215 492 2250 et
520 2209 794 2262 producetur
819 2208 1001 2262 aliquod
1024 2221 1177 2248 verum
1202 2222 1259 2248 ex
1286 2208 1420 2248 bono.
1482 2206 1619 2260 Apud
1645 2206 1765 2247 Esa-

275 2273 379 2321 iam,

343 2362 545 2394 “Paratum
571 2368 625 2393 est
649 2362 694 2393 ab
719 2362 795 2393 heri
820 2361 1023 2401 Thopheth‚
1042 2361 1149 2392 etiam
1175 2360 1244 2391 hoc
1269 2360 1344 2399 regi
1370 2365 1622 2400 praeparatum
1648 2365 1712 2396 est,
1731 2333 1767 2390 irai

451 2406 670 2446 profundum
689 2412 724 2436 et
744 2405 856 2436 latum
875 2405 1091 2441 descendet;
1117 2414 1225 2444 rogus
1246 2403 1335 2443 ejus,
1354 2403 1448 2443 ignis
1469 2409 1503 2434 et
1524 2403 1622 2443 ligna
1643 2403 1766 2440 multa,

450 2450 557 2481 flatus
574 2449 736 2491 Jehovae
754 2449 848 2480 sicut
865 2448 995 2479 fluvius
1011 2447 1191 2488 sulphuris
1209 2447 1410 2478 accendens
1428 2456 1510 2478 eum
1523 2446 1540 2457 ”
1554 2447 1648 2484 (xxx.
1665 2446 1737 2485 33):

275 2553 355 2593 per
383 2537 704 2591 “Thopheth‘'
730 2536 1009 2590 significatur
1032 2536 1252 2576 infernum
1284 2535 1357 2575 ubi
1389 2535 1508 2575 dirus
1534 2540 1580 2575 et
1608 2547 1767 2574 saevus

276 2615 404 2643 amor
441 2601 705 2642 destruendi
743 2601 895 2641 omnia
932 2613 1038 2640 vera
1079 2605 1125 2640 et
1168 2599 1288 2639 bona
1324 2597 1545 2638 ecclesiae
1586 2592 1763 2649 reg'nat,

276 2665 494 2719 imprimis
526 2665 599 2704 ubi
631 2678 769 2704 saeva
801 2663 1024 2716 cupiditas
1057 2662 1273 2715 perdendi
1305 2661 1424 2708 bona
1450 2659 1765 2708 innocentiae;

275 2728 396 2782 quod
427 2728 470 2768 id
502 2727 722 2768 infernum
749 2727 892 2767 dirum
920 2726 977 2766 sit
1009 2739 1069 2766 ex
1091 2724 1212 2765 falsis
1240 2724 1359 2772 mali,
1385 2721 1664 2776 significatur
1689 2734 1768 2774 per

276 2792 396 2846 quod
425 2792 506 2832 “in
540 2791 808 2844 profundum
842 2797 889 2831 et
922 2789 1065 2830 latum
1099 2786 1400 2828 descendet:'’
1440 2785 1590 2827 “rex''
1622 2785 1691 2825 cui
1722 2784 1766 2824 id

276 2860 593 2908 praeparatum
616 2860 700 2902 est,
721 2852 946 2906 significat
970 2853 1114 2906 ipsum
1133 2850 1292 2891 falsum
1315 2849 1556 2899 insernale;
1592 2851 1764 2899 “rogus

277 2917 384 2971 ejus,
412 2918 528 2971 ignis
560 2924 606 2959 et
639 2917 802 2971 ligna‚”
829 2915 1085 2970 significant
1119 2914 1238 2956 mala
1269 2914 1414 2955 omnis
1447 2912 1764 2966 generisquae
