1962 3334
191 288 300 331 1414
602 286 935 320 APOCALYPSIS
967 287 1267 322 EXPLICATA.

186 408 276 450 sint
300 407 470 449 inferna
492 407 565 448 ubi
591 413 696 449 sunt
718 407 782 448 illi
808 408 881 462 qui
907 407 951 448 in
978 407 1100 450 falsis
1127 409 1232 450 mali
1256 415 1375 458 sunt,
1400 415 1445 450 et
1473 409 1546 463 qui
1571 416 1677 451 sunt

187 484 308 512 mere
340 471 586 520 sensuales,
615 478 686 512 est
718 472 821 524 quia
852 471 1016 512 dicitur
1049 472 1276 526 “angelus
1309 472 1500 525 abyssi,'’
1526 479 1572 514 et
1604 487 1684 526 per

189 531 477 584 “abyssum”
502 531 784 585 significatur
808 532 1033 573 infernum
1059 533 1133 574 ubi
1160 540 1266 574 sunt
1298 533 1362 573 illi
1393 544 1554 581 (videatur
1575 554 1682 582 supra,

185 612 217 633 n.
237 594 347 645 583),
371 598 418 633 et
443 593 547 645 quia
573 592 659 632 hoc
687 593 852 632 dicitur
877 592 934 633 de
963 592 1235 641 “locustis,”
1262 607 1342 646 per
1372 607 1485 647 quas
1508 593 1682 647 signifi-

187 661 347 695 cantur
378 653 585 694 homines
617 654 690 707 qui
726 652 830 694 fac'ti
867 667 988 695 mere
1025 655 1255 695 sensuales
1294 669 1372 708 per
1403 654 1516 695 falsa
1546 655 1680 696 infer-

187 715 308 755 nalia
335 726 492 763 (videatur
515 734 620 763 supra,
636 734 667 756 n.
692 724 801 767 543).
861 714 998 768 Quod
1027 715 1234 755 “habere
1261 729 1396 768 supra
1422 729 1469 756 se
1491 717 1683 770 regem”

186 775 312 816 illum
346 775 569 829 significet
602 782 648 818 et
680 777 900 817 influxum
927 778 1125 830 recipere
1152 777 1271 825 inde,
1300 783 1370 818 est
1402 778 1505 831 quia
1531 779 1684 820 omnia

189 839 310 880 mala
347 846 393 880 et
431 839 534 880 inde
570 839 683 880 salsa
718 839 776 880 ab
812 839 985 880 inferno
1022 846 1154 890 sunt;
1198 846 1244 880 et
1282 840 1384 893 quia
1416 854 1574 882 omnes
1610 842 1684 895 qui

189 902 234 942 in
267 901 397 942 malis
430 908 476 942 et
509 902 612 943 inde
644 901 766 942 falsis
800 908 920 950 sunt,
954 916 1013 943 ex
1045 902 1228 943 infernis
1261 908 1480 955 reguntur
1515 909 1562 944 et
1599 904 1683 944 du-

187 972 373 1015 cuntur;
407 971 692 1019 quapropter·
714 965 932 1006 infernum
969 971 1040 1006 est
1078 965 1165 1006 illis
1203 965 1318 1006 sicut
1357 979 1452 1014 reX‚
1491 966 1683 1019 qui-do—

188 1029 384 1069 minatur
424 1042 556 1081 super
592 1028 708 1077 illos,
747 1034 794 1069 et
836 1029 906 1069 cui
942 1028 1252 1069 obedientiam
1291 1034 1553 1082 praestant:
1597 1029 1684 1071 hoc

187 1092 290 1145 quia
321 1091 371 1132 fit
404 1105 463 1132 ex
495 1091 680 1141 influxu,
715 1092 898 1145 quando
930 1092 974 1132 in
1006 1092 1176 1132 mundo
1207 1093 1380 1140 vivunt,
1414 1098 1460 1133 et
1492 1091 1685 1133 effluxus

187 1154 291 1195 inde
317 1154 456 1203 ducit,
484 1155 588 1196 inde
621 1169 699 1208 per
727 1155 932 1196 “habere
959 1168 1092 1208 super
1123 1168 1170 1195 se
1196 1154 1381 1208 regem”
1409 1154 1687 1208 significatur

187 1217 407 1257 influxum
435 1218 648 1271 recipere.

267 1282 404 1335 563·
444 1280 620 1321 “Nomen
641 1281 684 1321 ei
698 1281 898 1322 Hebraico
920 1281 1122 1328 abaddon,
1144 1285 1188 1321 et
1207 1281 1247 1320 in
1268 1281 1428 1321 emeca
1452 1294 1594 1322 nomen
1613 1281 1689 1321 lm-

189 1341 258 1382 bet
276 1340 701 1395 Apollyonst—Quod
732 1341 961 1394 significet
986 1341 1115 1394 quale
1138 1341 1245 1394 qjus,
1273 1341 1394 1394 quod
1412 1341 1477 1381 sit
1490 1341 1686 1394 perdens

190 1416 312 1444 omne
328 1417 479 1444 verum
496 1410 537 1443 et
559 1403 727 1452 bonum,
744 1409 929 1443 constat
948 1417 1006 1443 ex
1026 1401 1356 1455 significatione
1375 1407 1399 1422 ‘⁴
1414 1400 1686 1453 [¹]nominis,”

188 1464 310 1517 quod
333 1464 391 1505 sit
416 1464 550 1517 quale
572 1469 723 1504 status
749 1470 795 1504 et
821 1464 955 1517 quale
981 1464 1044 1504 rei
1070 1474 1124 1511 (de
1139 1483 1203 1511 qua
1218 1483 1322 1511 supra,
1340 1483 1370 1503 n.
1393 1465 1513 1515 148);
1551 1470 1597 1504 et
1624 1478 1685 1505 ex

189 1524 520 1579 significatione
561 1525 863 1566 “Abaddon’'
900 1526 943 1566 in
987 1525 1140 1579 lingua
1184 1525 1425 1575 Hebraica,
1465 1526 1586 1579 quod
1628 1527 1687 1567 sit

189 1589 398 1642 perditio,
427 1588 634 1630 similiter
662 1587 971 1642 “Apollyon’'
997 1589 1040 1628 in
1074 1588 1227 1641 lingua
1255 1588 1428 1629 Graeca
1451 1603 1459 1639 ;
1500 1589 1688 1642 proinde

189 1651 384 1705 perditio
410 1653 502 1693 veri
532 1658 578 1693 et
605 1652 726 1701 boni,
755 1652 858 1705 quia
889 1651 945 1692 de
977 1651 1064 1692 illis
1092 1653 1254 1704 agitur.
1319 1650 1454 1704 Quod
1481 1651 1688 1693 sensuale

189 1715 399 1764 hominis,
438 1715 558 1769 quod
600 1721 670 1756 est
713 1714 922 1755 ultimum
964 1716 1087 1755 vitae
1125 1712 1447 1756 intellectualis
1484 1714 1592 1767 ejus,
1630 1715 1690 1755 sit

189 1779 384 1832 perdens
410 1792 544 1820 omne
567 1791 722 1819 verum
748 1785 794 1819 et
821 1778 992 1819 bonum
1016 1777 1263 1831 spirituale,
1290 1778 1409 1831 quod
1437 1783 1507 1818 est
1533 1790 1689 1818 verum

189 1850 237 1884 et
262 1843 431 1883 bonum
458 1842 691 1891 ecclesiae,
716 1848 787 1882 est
810 1842 912 1895 quia
934 1841 1045 1882 illud
1069 1840 1276 1882 sensuale
1301 1842 1507 1894 proxime
1530 1847 1689 1882 exstat

189 1906 373 1954 mundo,
402 1911 448 1946 et
475 1905 682 1958 proxime
709 1904 931 1945 adhaeret
959 1904 1163 1957 corpori;
1203 1903 1321 1944 unde
1348 1904 1387 1945 ei
1413 1918 1471 1944 ex
1499 1909 1690 1957 utroque

190 1975 294 2010 sunt
321 1966 581 2009 affectiones
607 1974 654 2008 et
681 1967 785 2008 inde
812 1967 1136 2020 cogitationes,
1164 1980 1278 2020 quae
1305 1967 1349 2006 in
1381 1980 1429 2007 se
1456 1964 1690 2020 spe&atae

190 2046 214 2073 e
251 2032 475 2072 diametro
512 2036 618 2071 sunt
655 2036 816 2071 contra
852 2028 1113 2071 affectiones
1151 2036 1198 2070 et
1239 2029 1343 2070 inde
1381 2030 1690 2081 cogitationes

192 2094 462 2148 spirituales,
490 2107 604 2147 quae
631 2107 655 2134 e
681 2092 810 2134 caelo
837 2098 968 2133 sunt:
1009 2105 1114 2132 nam
1140 2092 1279 2132 homo
1302 2106 1362 2132 ex
1389 2091 1584 2132 sensuali
1611 2091 1691 2132 illo

191 2163 315 2198 amat
343 2170 391 2197 se
423 2162 469 2197 et
502 2156 720 2196 mundum
746 2169 879 2209 super
905 2155 1083 2205 omnia;
1122 2161 1168 2195 et
1195 2161 1414 2208 quantum
1441 2155 1485 2194 hi
1511 2167 1690 2195 amores

190 2221 495 2269 dominantur,
520 2225 701 2260 tantum
732 2219 1024 2275 dominantur
1050 2218 1169 2258 mala
1201 2224 1246 2258 et
1280 2217 1383 2257 inde
1415 2217 1541 2266 falsa,
1570 2231 1685 2271 quae

191 2297 251 2324 ex
288 2283 375 2324 illis
412 2288 461 2323 ut
497 2296 557 2323 ex
595 2282 684 2322 suis
720 2281 967 2334 originibus
1004 2281 1254 2321 scaturiunt
1293 2286 1338 2320 et
1371 2279 1572 2321 effluunt.
1635 2280 1687 2320 In

190 2346 279 2387 illis
314 2345 542 2386 amoribus
579 2351 683 2385 sunt
721 2357 880 2385 omnes
913 2344 987 2398 qui
1029 2356 1149 2384 mere
1187 2342 1417 2383 sensuales
1455 2356 1533 2395 per
1569 2342 1691 2383 mala

190 2411 313 2451 vitae
349 2415 396 2450 et
435 2409 539 2449 inde
577 2408 689 2449 falsa
724 2406 829 2448 facti
867 2413 986 2448 sunt.
1049 2406 1175 2447 Haec
1214 2407 1400 2459 quisque
1436 2412 1591 2459 potest
1629 2420 1689 2446 ex

194 2470 452 2514 intelle6ms
477 2471 710 2519 facultate,
738 2484 853 2524 quae
886 2470 1024 2511 cuivis
1051 2476 1137 2517 est,
1166 2469 1346 2518 videre;
1386 2469 1420 2508 si
1453 2469 1572 2508 enim
1604 2468 1687 2509 do-

192 2536 391 2576 minatur
426 2534 536 2575 illud
573 2534 693 2587 quod
736 2534 943 2587 proxime
985 2538 1143 2573 exstat
1181 2531 1349 2571 mundo
1391 2537 1437 2572 et
1480 2532 1687 2584 proxime

191 2598 411 2639 adhaeret
448 2598 638 2651 corpori,
677 2598 878 2651 sequitur
919 2596 1039 2650 quod
1082 2597 1177 2649 ipse
1219 2595 1411 2634 mundus
1455 2600 1501 2635 et
1543 2595 1688 2647 ipsum

192 2675 353 2715 corpus
385 2674 487 2702 cum
518 2660 725 2701 omnibus
757 2672 911 2700 eorum
938 2658 1251 2712 voluptatibus
1284 2664 1329 2698 et
1363 2657 1688 2710 concupiscen-

192 2726 280 2773 tiis,
305 2739 419 2779 quae
441 2730 663 2765 vocantur
689 2722 845 2764 “oculi
867 2728 914 2763 et
937 2721 1124 2770 carnis,''
1147 2721 1463 2770 dominentur;
1497 2726 1543 2761 et
1566 2719 1688 2773 quod

191 2787 330 2828 homo
357 2787 542 2828 omnino
567 2785 860 2826 abducendus
886 2791 932 2825 et
959 2783 1206 2825 elevandus
1233 2784 1290 2823 sit
1323 2783 1380 2823 ab
1403 2782 1471 2823 his
1497 2795 1684 2822 sensua-

193 2850 322 2899 libus,
365 2856 414 2891 ut
455 2851 499 2891 in
541 2848 798 2903 spirituales
839 2846 1101 2889 affectiones
1143 2853 1189 2887 et
1232 2846 1335 2886 inde
1378 2845 1684 2898 cogitationes

192 2914 344 2955 venire
376 2914 534 2968 possit.
598 2912 725 2954 Haec
759 2910 972 2953 abduffio
1003 2917 1049 2952 et
1082 2910 1279 2951 elevatio
1316 2909 1365 2951 fit
1399 2922 1424 2949 a
1456 2908 1554 2949 solo
1587 2908 1682 2949 Do-

1953 2436 1962 2574 3

1953 2576 1962 2629 l
