1962 3334
223 262 329 315 1526
648 273 982 308 APOCALYPsls
1014 276 1315 309 EXPLICATA.

215 383 291 424 Ex
317 385 384 425 his
403 392 613 427 constare
636 392 790 439 potest
818 387 923 441 quid
949 388 1220 443 intelligitur
1242 403 1320 442 per
1343 390 1462 444 quod
1488 391 1713 444 “angelus

214 448 446 489 sustulerit
474 462 654 490 manum
682 464 808 491 suam
834 451 890 491 ad
918 451 1107 501 caelum,
1131 459 1177 494 et
1198 452 1413 506 juraverit
1441 467 1519 506 per
1541 453 1712 495 Viven-

214 518 308 552 tem
334 513 378 552 in
405 513 585 554 saecula
611 513 893 555 saeculorum
911 515 946 566 ;’'
978 515 1183 557 similiter
1210 524 1257 557 ut
1281 517 1399 569 apud
1425 516 1668 566 Danielem,

281 608 443 640 “Audivi
460 608 585 640 Virum
606 609 770 641 indutum
788 610 918 649 linteis,
937 611 1031 652 quod
1051 611 1233 643 sustulerit
1253 612 1415 643 dextram
1437 621 1537 643 suam
1555 618 1590 643 et
1610 612 1714 643 sinis-

390 658 481 727 {ram
500 653 674 737 s,ua(m.a;l)
685 654 812 692 caelos,
827 660 862 686 et
877 654 1061 695 juraverit*
1074 665 1137 695 per
1155 655 1345 687 Viventem
1371 656 1406 686 in
1431 655 1574 687 saecula
1593 664 1714 687 saecu·

405 706 506 727 orum
568 707 626 728 xu.
688 706 694 735 ;

214 785 335 839 quod
363 799 526 838 nempe
549 786 606 826 sit
639 787 919 827 contestatio
946 800 1096 827 coram
1128 787 1302 840 angelis
1334 787 1389 827 de
1417 793 1540 828 statu
1566 787 1712 828 eccle-

214 850 320 897 siae,
344 849 464 902 quod
493 849 658 889 Divina
680 849 864 890 Veritas
890 857 1010 891 esset
1034 864 1148 904 quae
1171 851 1384 904 sequitur.

220 960 223 963 Δ
299 914 382 968 [ὺὲ]
427 914 656 967 Quoniam
680 915 877 956 ecclesia
898 916 1018 969 apud
1045 915 1161 956 filios
1189 916 1373 956 Israelis
1399 916 1614 956 instituta
1630 915 1712 956 fuit

213 976 407 1017 ecclesia
433 977 835 1029 repraesentativa,
863 977 907 1017 in
940 991 1027 1031 qua
1054 979 1205 1018 omnia
1232 992 1346 1031 quae
1379 978 1596 1018 mandata
1620 977 1712 1018 sue-

213 1046 317 1080 runt
343 1046 472 1080 erant
500 1040 723 1080 naturalia
749 1054 863 1093 quae
890 1041 1296 1094 repraesentabant
1323 1047 1369 1082 et
1397 1039 1712 1093 significabant

214 1102 474 1154 spiritualia,
503 1103 606 1144 ideo
632 1102 731 1143 filiis
765 1103 957 1152 Israelis,
984 1104 1103 1156 apud
1135 1118 1248 1157 quos
1279 1104 1355 1144 illa
1384 1103 1575 1145 ecclesia
1600 1110 1711 1152 erat,

214 1179 480 1207 concessum
512 1167 592 1208 fuit
620 1166 767 1220 jurare
800 1181 878 1220 per
910 1167 1131 1220 Jehovam
1163 1174 1209 1208 et
1243 1181 1321 1220 per
1353 1180 1519 1208 nomen
1553 1167 1711 1220 Ipsius,

214 1236 310 1270 tum
343 1243 421 1282 per
447 1229 605 1271 sancta
651 1230 900 1281 ecclesiae;
947 1244 1026 1283 per
1057 1231 1177 1284 quod
1210 1230 1636 1283 repraesentabatur
1666 1235 1713 1270 et

213 1293 317 1333 inde
344 1292 681 1346 significabatur
707 1293 991 1335 confirmatio
1018 1294 1209 1342 interna,
1239 1301 1285 1335 et
1317 1307 1494 1347 quoque
1519 1294 1712 1343 veritas;

214 1362 262 1396 ut
289 1364 499 1397 constare
532 1363 687 1410 potest
719 1371 779 1398 ex
811 1358 1104 1411 sequentibus
1137 1357 1204 1397 his
1231 1356 1567 1409 locisz—Apud
1589 1355 1709 1396 Esa-

200 1414 319 1468 'iam‚

280 1510 298 1523 “
310 1509 378 1551 Qui
393 1510 571 1541 benedicit
588 1509 656 1540 sibi
674 1509 709 1540 in
727 1516 831 1548 terra,
845 1509 1032 1541 benedicat
1050 1509 1117 1540 sibi
1138 1509 1173 1540 in
1194 1509 1272 1540 Deo
1285 1509 1446 1540 veritatis
1461 1518 1468 1546 ;
1493 1514 1528 1540 et
1545 1508 1603 1550 qui
1620 1507 1714 1549 jurat

388 1554 424 1584 in
443 1560 545 1591 terra,
562 1553 656 1594 juret
673 1554 708 1584 in
729 1553 807 1585 Deo
824 1553 985 1585 veritatis
997 1552 1014 1565 '¹
1028 1553 1111 1593 (lxv.
1128 1554 1180 1593 16)
1196 1562 1203 1591 ;

213 1629 332 1682 apud
358 1629 621 1678 Jerenzz'am,

280 1700 394 1743 “Jura
410 1711 473 1741 per
489 1701 611 1732 vivum
628 1700 803 1742 Jehovam
822 1700 858 1731 in
877 1700 1039 1739 veritate,
1058 1700 1094 1731 in
1107 1699 1241 1741 judicio
1261 1704 1296 1731 et
1314 1699 1349 1730 in
1366 1698 1504 1740 justitia
1514 1698 1532 1711 ”
1550 1698 1608 1739 (iv.
1623 1697 1676 1740 2),

214 1779 331 1832 apud
356 1778 526 1827 Mosen,

280 1850 482 1892 “Jehovam
501 1849 616 1881 Deum
634 1855 733 1881 tuum
748 1849 902 1886 timebis,
921 1848 977 1880 Illi
995 1848 1140 1886 servies,
1154 1853 1190 1879 et
1206 1847 1242 1878 in
1261 1847 1407 1878 nomine
1422 1845 1538 1887 Ipsius
1550 1845 1700 1888 jurabis’

387 1894 523 1933 (Deutr.
542 1894 586 1925 vi.
604 1902 642 1932 13
657 1903 664 1930 ;
684 1903 759 1934 cap.
774 1903 806 1924 x.
822 1893 897 1932 20);

213 1971 332 2025 apud
356 1970 561 2019 Esaiam,

280 2046 298 2059 ‘⁴
310 2044 351 2076 In
372 2044 428 2076 die
446 2044 507 2075 illo
525 2050 628 2076 erunt
645 2043 800 2084 quinque
817 2042 978 2074 civitates
1003 2042 1038 2073 in
1057 2048 1152 2074 terra
1169 2041 1353 2082 Aegypti,.
1370 2065 1376 2072 .
1391 2065 1397 2072 .
1413 2039 1587 2081 ‚jurantes
1604 2039 1713 2082 Jeho-

387 2098 453 2119 vae
471 2088 629 2119 Zebaoth
642 2087 659 2099 '¹
677 2085 797 2127 (fflxix.
817 2086 869 2126 18)
884 2096 891 2125 ;

214 2164 333 2218 apud
359 2164 621 2212 Jeremz'am,

281 2240 345 2272 “Si
370 2240 540 2271 discendo
565 2239 703 2270 discent
719 2239 795 2269 vias
820 2237 942 2278 populi
960 2238 1040 2276 mei,
1059 2237 1103 2268 ad
1126 2237 1317 2278 jurandum
1342 2246 1405 2276 per
1429 2245 1561 2267 nomen
1580 2245 1710 2273 meum,

390 2283 502 2315 Vivus
519 2283 682 2324 Jehovah
699 2282 771 2323 (xii.
789 2282 841 2322 16)
855 2291 863 2320 ;

214 2360 333 2414 apud
357 2359 592 2407 Davidem,

280 2435 298 2448 ‘⁸
311 2433 529 2465 Gloriabitur
546 2433 663 2464 omnis
680 2431 804 2472 jurans
829 2429 921 2472 per’'
940 2430 1067 2468 Deum,
1087 2430 1152 2461 “et
1175 2414 1398 2460 obturabitur
1422 2438 1462 2460 os
1487 2428 1710 2469 loquentium

390 2477 615 2508 mendacium
628 2476 646 2487 ''
663 2476 737 2516 (Ps.
754 2475 838 2507 lxiii.
855 2483 893 2506 12
907 2472 968 2516 [B.
982 2475 1026 2506 A,
1044 2471 1134 2515 11]);

215 2564 394 2618 “jurare
431 2577 509 2616 per
547 2562 724 2603 Deum’'
761 2562 830 2603 hic
869 2560 1093 2614 significat
1131 2559 1252 2613 loqui
1289 2560 1559 2610 veritatem;
1604 2572 1708 2600 nam

213 2629 426 2683 sequitur,
456 2625 793 2667 “Obturabitur
819 2639 868 2666 os
895 2624 1176 2678 loquentium
1204 2622 1526 2663 mendacium.’'

278 2717 397 2760 (Quod
414 2716 610 2757 juraverint
634 2725 696 2756 per
715 2715 842 2752 Deum,
862 2714 1025 2745 videatur
1042 2714 1148 2745 etiam
1177 2713 1255 2744 Gen.
1271 2713 1339 2744 xxi„
1353 2721 1404 2751 23,
1421 2720 1472 2751 24,
1490 2721 1529 2752 31
1546 2723 1552 2744 :
1582 2712 1656 2754 Jos.
1671 2712 1706 2744 ii.

392 2769 429 2792 12
444 2770 451 2797 ;
476 2770 549 2800 cap.
564 2760 608 2790 ix.
624 2767 683 2791 20:
714 2758 834 2801 Judic.
848 2758 917 2789 xxi.
934 2765 970 2796 7:
999 2766 1014 2788 1
1027 2758 1108 2799 Reg.
1125 2757 1146 2788 i.
1163 2757 1227 2797 17.)

215 2849 439 2903 Quoniam
458 2860 724 2889 concessum
741 2847 820 2888 fuit
839 2846 1033 2900 antiquis
1045 2845 1190 2899 jurare
1210 2858 1288 2898 per
1303 2844 1522 2898 Jehovam
1541 2844 1706 2892 Deum,

213 2913 316 2955 ideo
337 2912 536 2966 sequitur
557 2911 677 2964 quod
700 2923 883 2952 enorme
906 2908 1078 2950 malum
1104 2908 1231 2950 fuerit
1253 2907 1397 2961 jurare
1424 2907 1536 2948 falso
1562 2920 1639 2947 seu
1660 2906 1702 2946 in
