1962 3334
661 291 768 325 CAP.
790 292 855 333 x.,
877 291 1016 325 VERS.
1041 292 1188 336 3.—N.
1208 251 1376 338 6oi[b].
1417 271 1424 276 ’
1656 293 1763 337 1517

275 406 407 446 “vox
442 403 633 457 ejulatus
669 411 916 457 pastorum,
954 404 1075 459 quod
1110 411 1294 446 vastata
1328 405 1387 447 sit
1423 403 1764 459 magnificentia

273 466 465 515 eorum,’'
489 466 714 520 significat
739 467 943 518 dolorem
972 468 1236 509 docentium
1262 467 1383 521 quod
1413 467 1582 509 bonum
1613 468 1761 508 eccle-

272 529 364 570 siae
384 530 563 582 perierit
579 544 589 580 ;
623 534 648 549 ‘⁴
664 537 868 582 pastores
879 530 900 545 ”
916 531 1125 571 dicuntur
1144 531 1220 584 qui
1244 531 1412 571 docent
1436 543 1592 571 verum
1613 537 1661 571 et
1682 544 1762 583 per

271 592 317 633 id
341 593 511 634 ducunt
540 593 598 633 ad
629 593 796 633 bonum
822 594 956 641 vitae,
983 601 1030 634 et
1058 592 1466 646 “magnificentia’'
1490 600 1561 634 est
1591 593 1762 634 bonum

271 654 513 696 ecclesiae:
562 660 692 696 “vox
731 657 903 708 rugitus
941 656 1142 697 leonumv
1153 655 1385 710 juvenum,
1422 655 1543 709 quod
1578 662 1763 696 vastata
1821 690 1824 693 .

270 718 329 760 sit
346 717 484 759 elatio
498 717 748 771 Jordanis,”
760 717 986 771 significat
1005 719 1208 760 dolorem
1227 726 1412 772 propter
1425 718 1762 759 desolationem

270 780 422 822 Divini
447 780 556 822 Veri
585 781 631 821 in
661 781 878 834 ecclesiaj
922 781 1148 822 “leones”
1178 782 1388 822 dicuntur
1411 782 1486 835 qui
1516 782 1560 822 in
1586 781 1762 822 Divinis
1790 814 1794 816 .

270 844 387 884 veris
410 850 530 892 sunt,
560 845 772 897 “rugitus
782 843 803 858 ”
826 843 1051 897 significat
1075 844 1294 893 dolorem,
1319 844 1496 886 “elatio
1518 844 1761 898 Jordanis”

271 919 385 959 quae
415 912 598 947 vastata
627 905 849 959 significat
885 906 1124 948 ecclesiam
1160 907 1310 961 quoad
1342 907 1556 948 Divinum
1588 906 1761 948 Verum

270 968 575 1010 introducens.
635 969 775 1022 Apud
799 969 1007 1019 Hiobum,

337 1066 436 1099 Deus
455 1067 578 1107 “rugit
597 1077 685 1098 voce
703 1077 779 1105 sua,
799 1073 901 1098 tonat
919 1077 1007 1106 voce
1026 1067 1226 1108 majestatis
1246 1078 1342 1107 suae,
1359 1078 1426 1100 nec
1445 1075 1567 1100 tamen
1586 1069 1761 1101 subvertit

443 1120 523 1142 cum
542 1111 683 1142 auditur
700 1121 772 1142 vox
793 1111 872 1151 ejus
888 1120 896 1149 ;
924 1118 1026 1143 tonat
1046 1111 1143 1143 Deus
1162 1121 1251 1144 voce
1275 1122 1341 1144 sua
1357 1113 1567 1144 mirabiliter
1576 1111 1595 1124 ”
1613 1113 1767 1152 (xxxvii.>

442 1157 550 1194 4,5);

270 1262 351 1303 per
386 1249 600 1302 “rugire”
640 1256 686 1290 et
724 1254 921 1290 “tonare
962 1249 1115 1299 voce,”
1150 1249 1429 1304 significatur
1467 1251 1674 1304 potentia
1712 1258 1762 1293 et

269 1311 469 1354 efficacia
494 1312 642 1352 Divini
665 1312 772 1353 Veri
797 1327 875 1354 seu
896 1312 1049 1353 Verbi.

353 1381 438 1436 [b0]
480 1382 534 1423 In
563 1382 716 1426 allatis
741 1383 854 1424 locis
883 1384 929 1423 in
953 1383 1051 1424 lato
1074 1397 1211 1424 sensu
1235 1397 1316 1437 per
1339 1385 1529 1437 “rugire
1541 1384 1562 1399 ”
1586 1384 1759 1438 signifi-

270 1450 375 1486 cata
402 1451 473 1485 est
502 1444 665 1485 ardens
696 1443 872 1485 affeEtio
903 1445 1082 1486 tutandi
1112 1445 1287 1486 caelum
1318 1452 1366 1486 et
1396 1445 1650 1495 ecclesiam,
1682 1461 1762 1488 seu

269 1506 458 1560 angelos
479 1507 592 1547 caeli
613 1515 659 1547 et
683 1508 888 1548 homines
909 1507 1143 1556 ecclesiae,
1166 1508 1288 1561 quod
1309 1507 1360 1549 fit
1382 1508 1657 1549 destruendo
1678 1509 1760 1550 sal-

254 1582 322 1617 .sa
340 1569 447 1610 mali
468 1582 546 1622 per
564 1569 775 1610 Divinum
793 1569 963 1610 Verum
985 1577 1032 1612 et
1053 1570 1145 1623 ejus
1163 1571 1416 1623 potentiam
1433 1583 1443 1611 :
1476 1577 1523 1612 at
1545 1585 1626 1624 per
1648 1576 1759 1613 “ru-

272 1631 399 1685 gire'’
423 1633 467 1672 in
499 1633 711 1686 opposito
740 1646 874 1673 sensu
905 1632 1181 1686 significatur
1211 1634 1373 1674 ardens
1404 1633 1626 1686 cupiditas
1656 1647 1758 1687 per-

270 1695 407 1735 dendi
427 1702 474 1735 et
495 1695 756 1735 destruendi
774 1695 1027 1744 ecclesiam,
1045 1697 1165 1749 quod
1187 1695 1236 1737 fit
1253 1697 1530 1737 destruendo
1547 1696 1760 1738 Divinum

271 1756 443 1799 Verum
469 1771 553 1810 per
582 1757 693 1798 falsa
723 1758 841 1798 mali.
902 1758 955 1798 In
993 1758 1078 1799 hoc
1110 1772 1245 1799 sensu
1276 1759 1438 1800 dicitur
1469 1759 1685 1813 “rugire”
1715 1761 1761 1800 in

271 1821 563 1876 sequentibus
585 1820 696 1861 locis
715 1820 924 1873 2—-Apud
949 1821 1210 1870 Jeremiam,

337 1918 443 1951 “Erit
471 1919 582 1951 Babel
610 1920 646 1951 in
672 1929 831 1958 acervos,
855 1920 891 1951 in
917 1920 1158 1952 habitaculum
1183 1921 1389 1960 draconum,
1414 1927 1598 1962 stuporem
1619 1929 1656 1954 et
1677 1922 1762 1954 sibi-

444 1963 534 1995 lum.
548 1988 556 1995 .
569 1988 579 1996 .
598 1973 606 1999 ;
629 1973 703 1994 una
720 1963 811 1995 sicut
830 1964 954 1995 leones
973 1964 1126 2004 rugient,
1148 1965 1303 2004 rugitum
1324 1965 1431 1996 edent
1447 1967 1539 1997 sicut
1556 1966 1664 1998 catuli
1687 1967 1761 1997 leo·-

444 2016 553 2044 num:
580 2016 661 2038 cum
681 2007 894 2038 incaluerint
913 2005 1081 2048 fflponam
1105 2008 1429 2047 conviviasseorum,
1454 2015 1491 2040 et
1514 2009 1699 2040 inebriabo
1721 2016 1763 2041 ut

443 2051 613 2088 exultent,
630 2057 666 2082 et
681 2051 862 2082 dormiant
877 2060 1044 2082 somnum
1061 2051 1204 2089 saeculi,
1218 2061 1283 2083 nec
1300 2052 1472 2092 evigilent
1482 2051 1501 2064 ''
1516 2053 1565 2092 (li.
1582 2054 1723 2093 37-39):

206 2208 208 2210 -
270 2151 459 2193 exitium
486 2151 664 2192 Babelis
690 2158 739 2193 ut
770 2165 860 2192 non
892 2138 950 2192 sit
981 2152 1041 2193 ibi
1071 2138 1253 2206 aliquod
1278 2167 1431 2194 verum
1463 2167 1546 2195 nec
1577 2154 1760 2208 aliquod

270 2215 452 2263 bonum,
478 2214 755 2268 significatur
780 2228 858 2268 per
885 2215 1024 2256 “Erit
1050 2215 1191 2257 Babel
1221 2217 1266 2257 in
1296 2230 1498 2266 acervos,
1523 2218 1758 2258 habitacu-

271 2277 363 2319 lum
393 2278 653 2326 draconum,
686 2285 919 2331 stuporem
950 2286 997 2319 et
1029 2278 1205 2319 sibilum
1222 2279 1256 2329 ;'’
1294 2279 1503 2320 “Babel'‘
1534 2280 1759 2333 significat

270 2340 373 2382 illos
396 2342 470 2394 qui
494 2339 661 2382 sanctis
682 2341 929 2382 abutuntur
950 2342 1007 2382 ad
1034 2341 1384 2393 dominandum3
1416 2357 1570 2384 eorum
1596 2344 1759 2384 ardens

215 2398 219 2402 ’
271 2405 492 2458 cupiditas
517 2404 779 2445 destruendi
805 2404 1017 2445 Divinum
1044 2404 1215 2445 Verum
1242 2419 1322 2458 per
1346 2405 1457 2446 salsa
1483 2406 1589 2446 mali
1619 2407 1757 2459 signi·

271 2465 429 2508 ficatur
452 2479 531 2519 per
553 2466 698 2508 “Una
722 2468 836 2508 sicut
863 2467 1018 2507 leones
1040 2468 1232 2520 rugient,
1255 2469 1453 2521 rugitum
1475 2469 1614 2510 edent
1639 2471 1755 2510 sicut

271 2529 409 2571 catuli
430 2529 610 2570 leonum
629 2530 663 2580 ;”
693 2530 827 2570 ardor
852 2530 1213 2571 consociatorum
1238 2531 1296 2570 ad
1323 2532 1366 2572 id
1393 2531 1562 2572 facinus
1588 2531 1756 2584 signifi-

273 2598 399 2633 catur
419 2605 498 2645 per
515 2596 541 2612 ‘⁸
554 2605 654 2633 cum
676 2592 943 2633 incaluerint
970 2590 1175 2646 [ponam]
1191 2594 1398 2635 convivia
1412 2607 1567 2635 eorum
1584 2595 1618 2645 ;”
1636 2596 1757 2648 quod

271 2654 503 2695 insanituri
533 2656 622 2696 sint
661 2669 721 2696 ex
757 2655 878 2696 salsis
909 2655 1029 2703 mali,
1061 2655 1338 2708 significatur
1368 2670 1447 2710 per
1480 2657 1758 2698 “Inebriabo

273 2723 323 2757 ut
352 2717 563 2758 exultent
580 2717 614 2767 ;”
653 2718 772 2771 quod
811 2731 1028 2771 nusquam
1059 2717 1332 2760 intellecturi
1367 2720 1548 2774 aliquod
1584 2734 1754 2769 verum,

273 2786 320 2820 et
349 2779 453 2820 inde
478 2780 598 2834 quod
628 2793 719 2822 non
749 2781 882 2821 visuri
912 2782 1052 2822 vitam
1083 2782 1188 2830 sint,
1221 2781 1496 2835 significatur
1526 2797 1605 2836 per
1634 2783 1756 2836 quod

274 2841 536 2884 “dormient
575 2856 783 2884 somnum
820 2843 984 2884 saeculi
1026 2856 1109 2884 nec
1150 2844 1406 2897 evigilent.’‘
1465 2845 1603 2898 Apud
1645 2858 1755 2886 eun-

274 2903 392 2954 dem,
