1962 3334
305 269 411 314 1544
714 269 1047 303 APOCALYPSIS
1079 271 1379 303 EXPLICATA.

298 383 369 425 hic
395 398 572 438 quoque
600 398 677 438 per
706 385 1014 426 “comedere”
1039 392 1086 427 et
1117 386 1306 427 “bibere
1318 386 1338 402 ”
1364 385 1639 440 significatur
1664 385 1793 439 spiri-

299 447 484 488 tualiter
520 448 759 489 comedere
797 455 843 489 et
880 448 1059 500 bibere;
1102 463 1237 503 quare
1275 463 1353 502 per
1393 448 1701 490 “comedere”
1732 448 1791 489 ibi

298 510 576 563 significatur
607 525 632 551 a
670 511 868 552 Domino
905 513 1116 565 recipere,
1156 513 1385 565 percipere
1423 519 1469 553 et
1507 511 1794 565 appropriare

297 569 379 614 sibi
416 575 584 614 bonum
623 574 761 625 caeli;
804 581 850 616 et
889 588 967 628 per
1007 575 1228 616 “bibere’'
1265 574 1542 628 significatur
1579 575 1792 626 recipere,

298 638 525 690 percipere
553 644 599 678 et
626 638 913 690 appropriare
941 639 1022 679 sibi
1047 651 1201 679 verum
1228 638 1345 678 illius
1371 639 1503 688 boni;
1542 650 1646 678 nam
1674 640 1791 678 “co-

298 699 508 741 medere’‘
541 700 703 741 dicitur
736 701 791 741 de
829 701 949 741 bono
986 701 1089 754 quia
1127 701 1295 753 “panis
1310 700 1328 715 '’
1361 700 1584 754 significat
1620 700 1790 740 bonum

297 764 476 812 amoris,
509 770 555 804 et
589 763 809 804 “bibere”
837 764 998 805 dicitur
1029 764 1084 805 de
1117 778 1225 804 vero
1257 764 1359 818 quia
1393 763 1581 817 “aqua’'
1612 770 1658 804 et
1687 764 1792 803 “vi-

298 826 436 867 num''
477 826 733 880 significant
775 840 929 868 verum
971 827 1087 868 illius
1128 828 1247 868 boni.
1323 826 1476 868 Simile
1517 826 1794 880 significatur

298 890 403 931 alibi
430 891 547 942 apud
573 889 752 939 Lucam,

516 989 534 1001 ‘⁴
550 987 683 1019 Beatus
701 987 759 1028 qui
776 987 931 1018 comedit
948 997 1078 1028 panem
1097 987 1132 1018 in
1152 996 1264 1027 regno
1281 986 1348 1018 Dei
1361 985 1379 998 ”
1396 985 1480 1026 (xiv.
1501 985 1573 1026 15):

298 1074 401 1115 inde
428 1080 511 1123 est,
540 1074 660 1128 quod
689 1074 910 1114 Dominus
937 1074 995 1114 ibi
1021 1073 1336 1114 assimilaverit
1359 1086 1548 1126 regnum
1572 1072 1657 1113 Dei

363 1162 519 1204 Magnae
537 1173 655 1202 cenae,
677 1163 720 1195 ad
739 1174 843 1204 quam
865 1164 1004 1195 invitati
1026 1174 1097 1195 non
1119 1169 1304 1202 venerunt,
1326 1155 1389 1195 sed
1409 1163 1525 1195 solum
1547 1163 1606 1205 qui
1625 1174 1645 1195 e
1665 1163 1792 1205 plateis

473 1205 665 1238 introducti
683 1214 766 1238 sunt
786 1206 891 1247 (vers.
913 1208 1042 1247 16—24).

380 1303 463 1358 [lh]
507 1304 627 1344 Esus
649 1305 913 1358 spiritualis,
932 1319 991 1346 ex
1015 1319 1104 1359 quo
1127 1306 1325 1346 nutritur
1346 1306 1512 1353 anima,
1536 1305 1676 1346 etiam
1699 1305 1791 1358 sig—

297 1364 501 1407 nificatur
538 1380 616 1419 per
651 1367 822 1407 “edere
835 1366 853 1381 ⁷'
890 1368 933 1407 in
972 1367 1265 1421 sequentibus
1302 1366 1412 1407 locis
1433 1366 1643 1420 :-Apud
1673 1366 1792 1407 Esa-

297 1443 401 1478 zam,

443 1512 508 1543 “Si
524 1512 707 1544 volueritis
725 1518 760 1544 et
776 1512 1072 1551 auscultaveritis,
1090 1513 1242 1544 bonum.
1258 1511 1498 1544 ‚comedetis'’
1515 1511 1549 1551 (i.
1571 1512 1644 1552 19):

298 1621 376 1661 per
403 1607 606 1648 “bonurn
635 1607 872 1648 comedere
885 1607 904 1622 '’
930 1607 1000 1648 hic
1033 1606 1310 1660 significatur
1336 1607 1504 1648 bonum
1529 1605 1760 1659 spirituale
1782 1619 1791 1656 ;

298 1685 433 1724 quare
460 1671 633 1718 dicitur,
661 1670 743 1711 “Si
770 1670 1002 1711 volueritis
1028 1677 1074 1711 et
1100 1669 1499 1719 auscultaveritis,”
1523 1670 1608 1710 hoc
1636 1675 1720 1717 est,
1745 1668 1792 1710 Si

298 1734 517 1775 feceritis:
566 1734 735 1775 bonum
781 1734 1011 1787 spirituale
1056 1734 1175 1774 enim
1222 1733 1367 1782 datur,
1411 1732 1698 1786 conjungitur
1743 1739 1789 1772 et

297 1797 609 1850 appropriatur
645 1797 828 1847 homini,
866 1810 945 1850 per
981 1796 1098 1837 velle
1136 1796 1228 1849 ejus
1269 1803 1314 1837 et
1355 1796 1459 1837 inde
1497 1796 1642 1836 facere
1685 1793 1793 1847 ejus.

297 1860 436 1914 Apud
462 1860 697 1909 Davidem,

364 1950 526 1982 “Beatus
551 1951 669 1982 omnis
695 1951 824 1982 timens
849 1950 1018 1992 Jehovae,
1044 1951 1103 1991 qui
1127 1950 1286 1981 ambulat
1310 1950 1346 1981 in
1372 1949 1439 1981 viis
1466 1949 1604 1989 Ipsius:
1633 1948 1794 1979 laborem

473 2004 642 2026 manuum
663 2001 803 2026 tuarum
829 1995 1006 2032 comedes,
1027 1995 1151 2026 beatus
1171 2000 1209 2025 tu
1233 2001 1268 2025 et
1292 1995 1425 2025 bonum
1447 1993 1510 2024 tibi
1525 1991 1544 2004 ”
1564 1992 1636 2032 (Ps.
1654 1991 1793 2023 cxxviii.

477 2047 504 2077 1,
524 2039 574 2078 2):

271 2124 274 2127 ’
298 2140 376 2180 per
404 2126 679 2167 “comedere
707 2126 907 2166 laborem
934 2138 1146 2166 manuum
1174 2124 1383 2165 suarum‘’
1410 2122 1686 2177 significatur
1711 2122 1792 2163 bo-

299 2202 404 2230 num
428 2189 625 2230 caeleste
648 2190 768 2243 quod
794 2190 932 2230 homo
959 2202 1037 2242 per
1058 2189 1198 2229 vitam
1225 2187 1469 2228 secundum
1494 2186 1657 2226 Divina
1683 2199 1790 2226 vera

298 2267 324 2293 a
351 2253 548 2293 Domino
574 2253 747 2305 recipit,
776 2259 822 2293 et
849 2253 973 2305 quasi
1000 2265 1079 2292 suo
1107 2251 1260 2291 labore
1287 2257 1332 2291 et
1359 2250 1508 2290 studio
1535 2249 1616 2289 sibi
1642 2249 1793 2302 acqui-

298 2317 381 2366 rit;
419 2330 555 2369 quare
583 2317 744 2356 dicitur
771 2315 890 2369 quod
922 2316 958 2355 is
985 2314 1195 2356 comedet
1224 2314 1338 2367 “qui
1364 2314 1494 2353 timet
1520 2312 1719 2365 Jehovae
1745 2319 1793 2354 et

299 2379 500 2420 ambulat
533 2380 576 2419 in
609 2379 689 2418 viis
723 2379 867 2431 Ipsius
883 2378 917 2429 ;''
953 2384 999 2419 et
1032 2384 1205 2430 postea,
1236 2376 1441 2417 “Beatus
1466 2382 1515 2416 tu
1546 2382 1592 2416 et
1624 2375 1791 2416 bonum

298 2441 416 2483 tibi.‘’
472 2441 610 2494 Apud
632 2441 837 2489 Esaiam,

367 2530 631 2614 “Dicigejusgo
656 2531 750 2571 quod
775 2531 920 2568 bonum,
946 2530 1029 2571 quia
1053 2527 1205 2561 fruc'tum
1231 2538 1378 2569 operum
1404 2537 1549 2559 suorum
1574 2526 1794 2559 comedent''

489 2584 535 2605 111.
556 2583 596 2604 IO
622 2585 628 2605 ἰ

299 2676 377 2715 per
404 2660 631 2702 “fructum
665 2675 850 2714 operum
883 2661 1121 2702 comedere
1135 2660 1153 2676 ''
1187 2659 1329 2700 simile
1362 2658 1640 2712 significatur
1671 2659 1791 2712 quod

299 2739 377 2778 per
411 2725 686 2765 “comedere
725 2724 925 2764 laborem
963 2737 1174 2764 manuum
1207 2722 1423 2772 suarum,”
1455 2723 1510 2763 de
1548 2736 1637 2776 quo
1674 2735 1791 2763 nunc

300 2801 445 2840 supra.
507 2787 645 2840 Apud
671 2787 955 2836 Ezechielem,

366 2877 384 2890 “
397 2876 566 2914 Similam,
583 2876 652 2907 mel
669 2882 704 2906 et
721 2876 839 2907 oleum
857 2876 1042 2907 comedisti
1057 2885 1063 2914 ;
1088 2875 1182 2906 unde
1200 2875 1346 2915 pulchra
1362 2872 1458 2906 facta
1474 2884 1512 2905 es
1531 2873 1643 2912 valde,
1657 2879 1692 2905 et
1709 2883 1792 2914 pro-

472 2925 614 2960 sperata
630 2929 740 2960 usque
758 2920 802 2950 ad
820 2929 968 2960 regnum
980 2918 997 2930 ‘’
1015 2918 1097 2959 (xvi.
1116 2917 1226 2959 [¹113):
