1962 3334
270 246 375 298 1528
680 255 1013 290 APOCALYPSIS
1045 257 1343 290 EXPLICATA.

262 374 503 422 postquam
536 370 774 422 abrogavit
807 376 1000 411 externa
1032 371 1265 420 ecclesiae,
1299 378 1345 414 et
1377 373 1550 425 aperuit
1581 373 1760 415 interna

261 431 368 484 ejus,
397 433 498 473 ideo
530 434 667 474 etiam
700 434 928 486 prohibuit
955 433 1101 487 jurare
1134 449 1213 488 per
1239 436 1384 476 Deum
1418 443 1463 477 et
1496 450 1575 489 per
1601 434 1759 478 sancta

261 495 374 536 caeli
392 502 437 536 et
456 496 674 537 ecclesiae
693 511 700 547 ;
735 503 783 538 ut
806 504 1017 539 constare
1041 505 1194 551 potest
1217 513 1275 539 ex
1298 498 1366 539 his
1390 499 1572 540 Domini
1594 499 1757 550 verbis,

262 558 380 611 apud
405 558 701 608 Matthaeum‚

328 648 555 680 “Audivistis
573 649 667 689 quod
684 647 818 681 dictum
838 650 892 687 sit,
907 649 988 681 Non
1003 650 1149 690 jurabis,
1168 651 1287 682 solves
1301 660 1387 682 vero
1402 650 1560 682 Domino
1578 651 1760 692 juramen-

431 698 504 723 tum
531 698 651 725 tuum:
680 693 755 733 Ego
776 703 862 724 vero
880 694 958 724 dico
979 694 1092 732 vobis,
1114 704 1186 725 non
1211 694 1346 735 jurabis
1364 695 1535 731 omnino:
1561 705 1675 736 neque
1696 705 1759 736 per

435 736 572 767 caelum
606 737 687 776 quia
707 737 857 768 thronus
888 737 954 769 Dei
982 744 1046 775 est,
1072 748 1187 778 neque
1215 747 1278 778 per
1294 744 1424 769 terram
1455 739 1536 778 quia
1563 739 1757 770 scabellum

435 780 566 819 pedum
586 780 704 820 Ipsius
724 787 788 819 est,
807 791 921 822 neque
941 791 1004 821 per
1030 781 1321 822 Hierosolymam
1343 782 1425 822 quia
1447 783 1532 813 urbs
1557 789 1611 814 est
1636 782 1758 823 magni

438 823 547 863 Regis
562 833 568 861 ;
595 834 710 864 neque
727 824 861 864 jurabis
879 835 942 865 per
959 831 1064 865 caput
1081 831 1191 863 tuum,
1210 826 1292 866 quia
1308 835 1379 856 non
1399 831 1502 866 potes
1519 835 1628 857 unum
1647 826 1757 867 pilum

435 867 555 898 album
575 868 631 899 vel
650 868 791 908 nigrum
810 868 926 900 facere
938 868 956 879 '’
974 868 1019 908 (v.
1036 868 1157 909 33-37)
1173 878 1179 906 ;

260 962 569 997 memorantur
590 957 648 997 ibi
672 955 843 1006 saneta,
868 971 947 1010 per
969 972 1082 1011 quae
1106 971 1195 998 non
1214 957 1451 1011 jurandum
1470 965 1566 1010 est3
1594 972 1757 1013 nempe

261 1022 286 1040 “
300 1019 514 1068 caelum‚‘'
531 1023 555 1040 “
570 1020 728 1069 terra,''
745 1024 769 1041 ‘⁴
785 1021 1135 1074 Hierosolyma’‘
1151 1028 1197 1062 et
1215 1025 1238 1041 ‘⁴
1253 1028 1388 1074 caput
1406 1021 1439 1072 ;‘'
1454 1028 1499 1063 et
1522 1035 1603 1075 per·
1617 1026 1641 1042 ‘⁴
1655 1035 1757 1063 cae-

259 1082 350 1123 lum
366 1082 384 1098 ’'
399 1083 669 1136 intelligitur
688 1083 862 1125 caelum
881 1084 1151 1137 angelicum,
1168 1099 1304 1138 quare
1322 1091 1510 1126 vocatur
1530 1085 1756 1126 “thronus

260 1144 346 1185 Del
365 1144 400 1195 2⁹⁹
431 1155 534 1192 (quod
549 1165 606 1193 per
622 1153 802 1185 “thronum
819 1157 879 1185 Dei
893 1156 909 1165 '’
926 1157 1119 1193 intelligatur
1134 1157 1165 1185 id
1182 1157 1316 1191 caelum,
1332 1157 1478 1185 videatur
1492 1166 1597 1194 supra,
1614 1166 1644 1187 n.
1662 1156 1757 1199 253,

256 1197 353 1248 462,
373 1207 458 1250 477
471 1208 493 1247 ς)
530 1212 609 1251 per
634 1202 658 1219 “
676 1205 846 1239 terram
860 1198 880 1213 '’
906 1199 1181 1251 intelligitur
1212 1199 1406 1240 ecclesia
1432 1209 1591 1248 (videatur
1605 1219 1710 1248 supra,
1725 1220 1757 1240 n.

258 1268 325 1310 29,
344 1268 436 1309 304,
456 1269 552 1310 413.
568 1267 668 1310 417)
688 1273 696 1308 ;
729 1273 868 1312 quare
893 1265 1087 1299 vocatur
1111 1259 1403 1300 “scabellum
1427 1259 1594 1312 pedum
1617 1259 1703 1300 Dei
1722 1259 1757 1310 ;”

258 1329 362 1366 (quod
378 1326 582 1358 “scabellum
602 1331 722 1367 pedum
741 1330 801 1358 Dei
816 1330 833 1339 ''
850 1330 944 1359 etiam
961 1330 999 1358 sit
1020 1330 1163 1364 ecelesia,
1180 1339 1285 1367 supra,
1300 1339 1331 1359 n.
1347 1319 1433 1360 606
1444 1330 1467 1368 ς)
1498 1333 1578 1373 per
1602 1323 1627 1340 “
1643 1319 1755 1360 Hie-

256 1377 573 1430 rosolymam”
605 1378 882 1431 intelligitur
913 1378 1121 1419 doctrina
1151 1378 1390 1426 eeclesiae,
1423 1392 1561 1432 quare
1593 1379 1758 1420 dicitur

260 1442 285 1458 “
302 1438 407 1479 urbs
444 1439 600 1491 magni
641 1438 727 1478 Del
746 1438 780 1488 3„
810 1449 913 1486 (quod
932 1449 1008 1477 urbs
1028 1449 1066 1477 sit
1086 1448 1241 1483 dootrina,
1258 1457 1363 1486 supra¹
1384 1458 1414 1478 n.
1437 1449 1517 1490 223
1532 1449 1554 1487 ῑ)
1594 1444 1641 1479 et
1677 1452 1758 1492 pel·

260 1498 471 1551 “caput”
503 1498 782 1550 intelligitur
812 1498 1126 1551 intelligentia
1156 1498 1261 1538 inde
1285 1509 1404 1546 (supra,
1425 1518 1455 1538 n.
1481 1507 1571 1550 553,
1594 1507 1754 1551 [11577);

256 1573 392 1613 quare
421 1559 583 1600 dicitur
616 1559 758 1600 “Non
792 1566 923 1612 potes
957 1572 1092 1599 unum
1125 1559 1262 1612 pilum
1292 1559 1443 1600 album
1475 1559 1548 1600 vel
1580 1560 1757 1612 nigrum

255 1622 401 1663 facere
415 1622 433 1637 '‘
460 1636 538 1676 per
564 1623 684 1676 quod
711 1621 990 1676 significatur
1016 1622 1135 1675 quod
1162 1622 1299 1663 homo
1325 1636 1384 1663 ex
1411 1636 1459 1664 se
1486 1622 1594 1663 nihil
1620 1622 1755 1664 intel-

256 1686 396 1739 ligere
424 1686 581 1739 possit.
644 1686 795 1734 Porro,
824 1686 942 1739 apud
969 1686 1178 1735 eundem,

322 1785 426 1817 “Vae
443 1785 557 1823 vobis,
578 1785 686 1816 duces
706 1784 811 1823 caeci,
830 1784 913 1825 quia
931 1784 1057 1822 dicitis,
1073 1784 1282 1825 Quicunque
1302 1783 1473 1824 juraverit
1493 1794 1555 1825 per
1571 1784 1755 1826 templum,

431 1829 518 1860 nihil
543 1835 618 1866 est;
648 1828 848 1869 quicunque
873 1838 959 1859 vero
983 1828 1153 1868 juraverit
1177 1838 1240 1868 per
1264 1838 1388 1859 aurum
1414 1828 1546 1868 templi,
1572 1838 1654 1860 reus
1678 1834 1754 1861 est:

430 1873 530 1904 stulti
556 1878 591 1904 et
615 1873 720 1910 caeci,
747 1878 866 1903 utrum
892 1872 988 1903 enirn
1014 1871 1130 1911 majus
1156 1877 1219 1909 est,
1244 1881 1367 1903 aurum
1393 1882 1438 1903 an
1464 1872 1636 1912 templum
1662 1873 1756 1913 quod

430 1915 628 1948 sanctificat
642 1917 791 1948 aurum?
837 1915 939 1953 Tum,
956 1915 1165 1956 Quicunque
1178 1915 1351 1955 juraverit
1367 1925 1430 1955 per
1442 1915 1562 1954 altare,
1578 1916 1665 1947 nihil
1679 1922 1734 1947 est
1748 1926 1755 1954 ;

430 1961 629 2001 quicunque
647 1969 733 1990 vero
750 1959 922 1999 juraverit
939 1969 1001 1999 per
1018 1959 1151 1990 donum
1174 1958 1265 1999 quod
1293 1969 1399 1999 super
1415 1959 1476 1990 illo
1500 1965 1564 1997 est,
1582 1969 1663 1990 reus
1681 1966 1754 1992 est:

430 2004 528 2035 stulti
546 2010 581 2035 et
605 2004 708 2041 caeci,
726 2010 843 2034 utrum
863 2003 979 2043 majus
997 2009 1061 2040 est,
1082 2003 1215 2033 donum
1240 2013 1286 2033 an
1303 2003 1414 2033 altare
1439 2003 1533 2043 quod
1558 2001 1756 2035 sanctificat

430 2049 589 2080 donum?
635 2047 703 2088 Qui
718 2057 803 2078 vero
820 2046 990 2087 juraverit
1008 2056 1071 2086 per
1087 2046 1208 2084 altare,
1222 2046 1316 2086 jurat
1333 2056 1396 2086 per
1413 2046 1447 2077 id
1465 2053 1500 2077 et
1517 2056 1580 2087 per
1595 2057 1703 2078 omne
1721 2047 1756 2079 id

430 2092 524 2132 quod
542 2101 650 2131 super
666 2091 726 2122 illo
743 2097 798 2122 est
814 2100 820 2125 :
845 2096 880 2121 et
894 2090 952 2130 qui
969 2089 1140 2130 juraverit
1158 2100 1219 2130 per
1232 2090 1415 2130 templum,
1429 2089 1522 2130 jurat
1540 2100 1602 2130 per
1618 2090 1704 2122 illud
1721 2097 1756 2122 et

435 2145 498 2175 per
514 2135 634 2175 Ipsum
660 2135 718 2175 qui
743 2134 880 2166 habitat
905 2134 940 2164 in
967 2134 1049 2169 illo:
1074 2139 1109 2164 et
1134 2134 1192 2173 qui
1217 2133 1310 2174 jurat
1334 2143 1397 2173 per
1421 2133 1567 2171 caelum,
1582 2133 1676 2174 jurat
1692 2144 1756 2174 per

434 2179 602 2210 thronum
622 2176 735 2220 [Dei],
754 2184 789 2210 et
806 2187 869 2218 per
888 2177 1011 2218 Ipsum
1030 2177 1090 2218 qui
1108 2177 1208 2208 sedet
1224 2187 1331 2218 super
1348 2176 1438 2208 i110”
1455 2176 1564 2217 (xxiii.
1586 2178 1724 2217 16-22):

254 2274 375 2328 quod
404 2276 533 2314 “non
560 2272 799 2326 jurandum
832 2273 890 2313 sit
923 2286 1002 2325 per
1033 2271 1255 2324 templum
1288 2277 1334 2312 et
1367 2284 1446 2324 per
1476 2270 1652 2312 altare'’
1683 2278 1754 2314 est

253 2338 356 2391 quia
382 2335 528 2390 jurare
562 2350 640 2389 per
665 2336 742 2377 illa
774 2342 871 2377 erat
892 2335 1039 2388 jurare
1075 2349 1154 2388 per
1180 2335 1440 2383 Dominum,
1468 2348 1547 2387 per
1578 2335 1754 2376 caelum

253 2407 300 2442 et
333 2413 412 2454 per
437 2400 702 2450 ecclesiam;
741 2412 845 2440 nam
878 2413 956 2453 per
984 2398 1278 2452 “templum’'
1303 2399 1347 2438 in
1380 2412 1589 2451 supremo
1621 2412 1755 2440 sensu

252 2463 522 2515 intelligitur
554 2464 776 2504 Dominus
809 2462 957 2516 quoad
995 2462 1207 2502 Divinum
1240 2461 1425 2510 Verum,
1460 2469 1506 2503 et
1543 2463 1586 2503 in
1619 2476 1753 2503 sensu

252 2525 505 2580 respectivo
533 2527 707 2567 caelum
735 2533 781 2567 et
808 2525 1000 2566 ecclesia
1026 2525 1174 2578 quoad
1206 2525 1329 2573 illud,
1358 2531 1454 2565 tum
1482 2526 1626 2566 omnis
1659 2525 1753 2566 cul-

252 2595 326 2629 tus
361 2602 421 2628 ex
453 2588 622 2628 Divino
654 2587 780 2628 Vero
812 2597 973 2636 (videatur
992 2606 1098 2634 supra,
1119 2606 1151 2627 n.
1176 2597 1303 2636 220);
1344 2592 1391 2626 et
1421 2599 1501 2639 per
1534 2585 1720 2627 “altare
1733 2585 1754 2600 ''

251 2649 530 2703 significatur
562 2650 783 2690 Dominus
815 2648 964 2702 quoad
998 2649 1210 2688 Divinum
1245 2647 1434 2696 Bonum,
1466 2654 1511 2688 et
1543 2648 1587 2688 in
1620 2661 1753 2688 sensu

251 2711 504 2766 respective
531 2713 703 2753 caelum
732 2719 779 2753 et
806 2711 998 2753 ecclesia
1025 2711 1173 2765 quoad
1205 2711 1330 2760 illud,
1359 2718 1455 2752 tum
1483 2711 1632 2752 omnis
1658 2709 1751 2751 cul-

251 2780 326 2815 tus
357 2788 417 2814 ex
450 2774 618 2814 Divino
651 2773 781 2814 Bono
811 2783 1232 2825 (etiamsupra,n.391):
1265 2778 1312 2812 et
1344 2772 1447 2825 quia
1479 2785 1559 2825 per
1590 2771 1751 2811 Domi-

251 2849 357 2877 num
383 2835 700 2888 intelliguntur
728 2836 879 2876 omnia
912 2835 1077 2875 Divina
1108 2848 1222 2888 quae
1255 2834 1508 2887 procedunt
1540 2833 1597 2874 ab
1629 2833 1750 2885 Ipso,

251 2905 321 2943 est
348 2899 466 2940 enim
495 2899 597 2952 Ipse
624 2900 668 2940 in
695 2899 782 2939 illis
809 2905 854 2940 et
884 2898 961 2939 illa
987 2905 1091 2940 sunt
1119 2898 1279 2951 Ipsius,
1307 2897 1409 2938 ideo
1435 2897 1506 2951 qui
1527 2895 1646 2950 jurat
1673 2908 1752 2948 per
