1962 3334
616 284 721 316 CAP.
744 284 827 325 xt,
850 283 988 316 VERs.
1017 275 1187 315 18.—N.
1209 273 1371 328 695[c].
1452 265 1456 268 ’
1631 275 1738 327 1849

251 396 444 438 ‘ecclesia
465 396 542 438 illa
563 411 622 438 ex
641 395 876 438 affectione
894 397 986 437 veri
1003 396 1221 450 spirituali
1238 402 1383 445 erunt,
1402 391 1449 437 et
1472 409 1551 449 per
1570 399 1596 416 “
1608 395 1735 436 labo-

251 473 346 500 rem
357 459 377 474 ”
390 459 668 512 significatur
682 473 834 513 pugna
851 459 1035 500 Domini
1048 466 1210 500 contra
1226 459 1398 500 inferna
1415 465 1462 500 et
1479 458 1737 511 subjugatio

250 521 443 571 illorum,
470 528 519 563 ut
550 536 668 563 nova
693 522 886 563 ecclesia
910 523 1210 562 instauretur:
1244 522 1365 575 quod
1397 535 1515 562 nova
1543 521 1737 562 ecclesia

251 584 573 626 instaurabitur
594 584 696 625 loco
721 584 815 637 ejus
840 598 953 638 quae
976 586 1184 638 perierat,
1209 583 1488 637 significatur
1514 597 1593 637 per
1615 583 1736 637 quod

252 650 279 666 ‘⁴
290 653 578 688 revertentur
593 661 618 688 e
635 653 754 688 terra
771 647 956 695 hostis,'‘
974 654 1020 688 et
1037 646 1158 700 quod
1178 650 1205 667 “
1218 647 1277 688 sit
1294 661 1398 700 spes
1412 646 1737 695 extremitati,''

249 715 347 749 tum
377 710 496 763 quod
524 713 847 750 “revertentur
871 710 947 750 filii
977 711 1022 750 in
1051 710 1293 750 terminum
1320 723 1448 750 suum
1465 709 1502 760 ;'’
1534 710 1737 750 “reverti

249 785 275 812 e
294 777 416 812 terra
436 772 582 813 hostis
593 772 612 787 ''
634 771 858 825 significat
881 773 1010 813 educi
1035 786 1095 812 ex
1119 772 1318 822 inserno;
1353 775 1495 824 “spes
1517 772 1735 812 extremi-

248 835 335 874 tati
346 834 367 849 ''
387 834 611 887 significat
632 834 946 888 finemprioris
968 834 1190 875 ecclesiae
1212 841 1258 875 et
1280 827 1544 888 principium
1563 847 1734 884 novae;

253 901 577 938 “revertentur
602 896 678 937 filii
708 898 752 937 in
778 898 1021 938 terminum
1032 897 1051 912 ”
1077 896 1303 950 significat
1335 897 1455 950 quod
1487 896 1736 950 spiritualia

249 973 358 1000 vera
386 961 505 1013 apud
542 959 645 1000 illos
676 960 749 1013 qui
785 974 810 1000 e
846 972 965 1000 nova
1001 959 1079 1000 illa
1111 959 1306 1000 ecclesia
1337 965 1483 1009 erunt,
1516 959 1733 1000 existent.

249 1020 388 1075 Apud
412 1021 615 1071 Esaiam,

314 1116 422 1157 “Ego
444 1117 528 1154 dixi,
547 1116 589 1147 In
609 1127 740 1148 vanum
759 1117 931 1154 laboravi,
950 1116 986 1147 in
1011 1116 1220 1148 inanitatem
1244 1123 1280 1148 et
1303 1117 1500 1148 vanitatem
1521 1117 1616 1148 vires
1636 1126 1735 1148 meas

421 1160 595 1200 insumpsi
609 1171 616 1191 z
636 1170 759 1191 verum
778 1167 898 1191 tamen
914 1160 1084 1200 judicium
1102 1170 1221 1191 meum
1238 1161 1332 1200 apud
1347 1159 1534 1201 Jehovam,
1546 1166 1582 1191 et
1598 1169 1735 1191 merces

419 1204 539 1244 operis
555 1204 626 1235 mei
642 1204 736 1244 apud
753 1203 869 1235 Deum
886 1213 1005 1234 meum
1016 1203 1035 1215 '¹
1046 1203 1145 1243 (xlix.
1162 1205 1215 1243 4):

247 1305 386 1346 etiam
411 1304 524 1345 haec
556 1305 613 1345 de
644 1319 762 1345 nova
785 1304 979 1345 ecclesia
1009 1319 1035 1345 a
1066 1304 1265 1345 Domino
1290 1305 1583 1346 instauranda
1613 1303 1734 1346 dicta

248 1374 353 1409 sunt
370 1382 380 1418 ;
412 1368 533 1422 quod
564 1381 655 1408 non
681 1369 921 1408 instaurari
952 1369 1097 1421 possit
1122 1368 1241 1421 apud
1266 1374 1453 1421 gentem
1482 1368 1731 1421 Judaicam,

248 1432 351 1485 quia
375 1445 482 1472 vera
503 1444 594 1471 non
616 1430 764 1484 aliqua
786 1429 1021 1471 affectione
1044 1431 1263 1484 spirituali
1285 1432 1422 1484 recipi
1445 1432 1503 1471 ab
1528 1431 1606 1472 illa
1627 1438 1731 1485 pot—

248 1494 433 1542 uissent,
460 1494 730 1546 intelligitur
754 1507 833 1547 per
861 1493 1003 1546 “Ego
1029 1494 1138 1542 dixi,
1168 1494 1219 1534 In
1249 1507 1414 1534 vanum
1441 1494 1658 1544 laboravi,
1686 1497 1731 1536 in

248 1557 516 1597 inanitatem
538 1563 585 1596 et
607 1557 857 1596 vanitatem
879 1557 995 1596 vires
1013 1569 1137 1596 meas
1155 1557 1371 1610 insumpsi
1388 1557 1422 1596 :”
1447 1557 1567 1610 quod
1590 1571 1731 1611 usque

248 1619 537 1673 provideatur
572 1633 599 1659 a
634 1619 833 1659 Domino
870 1619 1064 1659 ecclesia
1105 1620 1362 1672 spiritualis,
1405 1634 1568 1673 nempe
1613 1622 1730 1674 apud

247 1688 426 1735 gentes,
459 1681 737 1734 significatur
772 1695 850 1734 per
890 1682 1010 1735 quod
1044 1681 1290 1734 “judicium
1322 1696 1471 1722 meum
1513 1684 1570 1723 sit
1611 1685 1731 1736 apud

244 1745 507 1798 Jehovam,”
528 1751 574 1785 et
600 1758 678 1797 per
700 1745 819 1797 quod
844 1748 1055 1785 “merces
1078 1746 1224 1797 operis
1247 1746 1333 1785 mei
1355 1746 1413 1785 sit
1435 1746 1554 1798 apud
1582 1746 1730 1787 Deum

246 1806 437 1857 meum;”
457 1821 536 1861 per
564 1808 855 1848 “mercedem
869 1808 888 1822 ’'
913 1808 986 1848 hic
1016 1807 1295 1860 significatur
1319 1808 1512 1848 ecclesia
1536 1820 1651 1860 quae
1679 1806 1724 1846 in

245 1866 482 1910 affeffione
503 1870 595 1909 veri
616 1870 835 1922 spirituali
857 1877 927 1910 est
946 1885 955 1920 ;
982 1884 1060 1923 per
1084 1870 1323 1911 “laborem
1334 1869 1353 1885 ”
1375 1877 1422 1911 et
1447 1884 1526 1923 per
1545 1867 1727 1923 “opus”

244 1931 521 1985 significatur
556 1945 709 1985 pugna
751 1931 933 1972 Domini
973 1940 1134 1973 contra
1173 1933 1346 1973 inferna
1382 1941 1428 1974 et
1469 1933 1727 1987 subjugatio

244 1994 436 2044 illorum,
469 2008 548 2048 per
588 2008 722 2047 quam
764 1994 987 2034 Dominus
1023 1996 1222 2036 restituit
1262 1996 1570 2049 aequilibrium
1611 1998 1729 2038 inter

244 2057 419 2098 caelum
450 2063 497 2098 et
528 2057 764 2105 infernum,
793 2058 837 2096 in
869 2071 957 2110 quo
987 2057 1127 2097 homo
1158 2058 1356 2111 recipere
1388 2066 1542 2112 potest
1573 2074 1726 2102 verum

243 2123 292 2158 et
308 2117 402 2158 fieri
423 2117 684 2171 SPil‘ltualiS.
734 2128 799 2165 (De
809 2137 875 2165 quo
883 2129 1071 2166 aequilibrio
1081 2129 1225 2158 videatur
1237 2130 1269 2158 in
1278 2139 1375 2167 opere
1389 2131 1439 2159 De
1451 2132 1541 2160 Caelo
1549 2135 1580 2160 et
1591 2133 1727 2170 Inserno,

243 2190 275 2211 n.
287 2181 448 2266 {94⁰3}
468 2186 499 2210 et
517 2182 551 2210 in
565 2181 722 2218 opusculo
737 2182 788 2210 De
809 2182 926 2211 Ultimo
942 2181 1086 2221 Judicio,
1102 2191 1133 2211 n.
1147 2191 1197 2219 33,
1213 2191 1262 2220 34,
1278 2191 1328 2220 73,
1343 2184 1409 2221 74.)
1466 2173 1607 2226 Apud
1629 2174 1727 2215 Da-

244 2239 290 2266 vt
346 2239 401 2274 m,

310 2313 429 2346 “Ecce
439 2315 619 2346 hereditas
634 2314 794 2356 Jehovae
813 2314 884 2352 filii,
895 2324 1030 2346 merces
1047 2313 1183 2346 fruetus
1198 2316 1333 2347 ventris
1348 2326 1355 2353 ;
1379 2317 1470 2349 sicut
1483 2318 1554 2349 tela
1566 2319 1601 2349 in
1619 2329 1728 2350 manu

415 2358 580 2398 potentis,
598 2359 648 2389 sic
665 2358 727 2388 filii
744 2358 1005 2389 adolescentiae
1019 2368 1027 2395 ;
1052 2359 1177 2390 beatus
1194 2359 1248 2390 vir
1264 2360 1322 2400 qui
1342 2360 1504 2400 implevit
1524 2362 1726 2401 pharetram

415 2411 516 2432 suam
533 2411 578 2432 ex
594 2401 673 2438 illis,
686 2411 757 2431 non
776 2401 956 2440 pudefient
972 2411 1051 2432 cum
1065 2402 1254 2442 loquentur
1266 2413 1346 2434 cum
1362 2404 1525 2436 hostibus
1543 2405 1578 2436 in
1597 2406 1727 2446 porta'’

415 2443 487 2483 (Ps.
504 2445 629 2475 cxxvii.
648 2453 677 2482 3,
693 2443 742 2485 4[,
762 2442 830 2485 5]):

242 2541 347 2595 quid
377 2540 450 2582 hic
482 2555 561 2594 per
594 2545 619 2561 ‘¹
638 2541 792 2589 filios,''
825 2540 1052 2582 “fructum
1083 2543 1294 2592 ventris,”
1324 2545 1495 2593 “tela,’‘
1524 2546 1725 2599 “phare-

243 2603 399 2652 tram,’'
424 2610 471 2644 et
502 2617 581 2656 per
608 2604 803 2644 “hostes
837 2605 880 2644 in
912 2604 1073 2657 porta”
1099 2605 1390 2658 significatur,
1418 2608 1623 2649 videatur
1649 2623 1724 2649 su-

242 2677 324 2718 pra
345 2675 390 2712 (n.
408 2674 581 2716 357[b]);
612 2671 659 2704 et
684 2665 805 2717 quod
832 2678 911 2717 per
930 2667 1262 2707 “mercedem‘'
1283 2669 1424 2708 etiam
1450 2669 1523 2709 hic
1550 2670 1723 2710 intelli-

242 2732 376 2778 gatur
401 2725 590 2766 felicitas
615 2739 728 2779 quae
755 2733 823 2766 est
856 2726 941 2766 illis
967 2728 1040 2780 qui
1071 2728 1115 2768 in
1146 2729 1289 2769 caelo.
1351 2729 1489 2783 Apud
1514 2730 1723 2784 Evange-

243 2787 389 2835 listas,

314 2874 570 2906 “Beati..cum
596 2875 733 2915 probris
757 2875 942 2908 affecerint
965 2887 1041 2914 vos,
1066 2884 1101 2909 et
1133 2880 1308 2918 persecuti
1333 2880 1475 2917 fuerint,
1500 2888 1534 2911 et
1566 2881 1722 2914 dixerint

417 2927 522 2949 omne
540 2919 670 2950 malum
689 2919 834 2950 verbum
854 2927 978 2951 contra
997 2930 1072 2958 vos,
1090 2923 1303 2954 mentientes
1323 2924 1495 2964 propter'’
1514 2924 1695 2957 Christum
1711 2937 1717 2956 z
