1962 3334
645 306 751 339 CAP.
774 306 859 347 1x.,
881 306 1019 340 VERs.
1048 306 1219 350 19.—N.
1245 298 1337 351 580.
1454 288 1462 294 ’
1629 307 1735 351 1453

246 419 493 471 ecclesiae;
524 425 572 461 et
597 418 684 460 hoc
710 417 761 460 fit
787 433 867 473 per
888 419 1097 473 cogitata
1121 426 1168 461 et
1193 418 1434 460 ratiocinia
1459 433 1520 460 ex
1543 418 1736 460 fallaciis

245 482 304 525 de
323 496 459 524 sensu
478 489 526 524 et
546 480 783 523 intellectu
800 481 966 525 Verbi:
998 482 1181 536 quando
1199 483 1318 523 enim
1335 482 1476 523 homo
1493 495 1584 523 non
1606 482 1734 535 cogi-

246 551 319 587 tat
348 546 432 587 nisi
462 559 523 587 ex
548 545 751 595 fallaciis,
778 546 956 599 cogitat
988 545 1136 587 solum
1166 559 1227 587 ex
1259 545 1347 586 illis
1378 559 1493 600 quae
1524 546 1568 585 in
1599 558 1736 586 sensu

243 609 427 651 ‘litterae
447 609 505 649 ad
530 609 722 663 primum
744 609 888 650 visum
914 615 1120 658 exstant,
1144 615 1192 650 et
1217 621 1308 650 non
1335 622 1395 650 ex
1420 608 1573 662 aliquo
1598 621 1735 649 sensu

245 671 432 714 litterali
452 672 677 713 interiori:
710 672 815 713 inde
838 672 1086 713 admodum
1107 685 1283 713 crassas
1305 678 1352 713 et
1374 672 1510 713 duras
1529 672 1655 712 ideas
1677 671 1735 712 de

245 735 368 775 omni
397 733 650 784 doctrinali,
682 735 803 789 quod
839 749 900 776 ex
937 735 1109 783 Verbo,
1142 741 1328 788 captat;
1370 735 1487 784 sicut
1522 734 1580 775 de
1616 734 1733 783 Deo,
1798 741 1802 743 ’

245 797 366 851 quod
390 797 623 846 irascatur,
650 798 822 852 puniat,
850 798 894 839 in
919 797 1140 839 infernum
1166 797 1394 851 conjiciat,
1422 804 1590 846 tentet,
1613 797 1735 851 quod
1785 838 1787 841 ,

246 859 399 913 Ipsum
430 861 680 914 paeniteat,
707 867 755 902 et
786 860 915 914 plura
944 860 1121 909 similia,
1154 867 1334 915 praeter
1364 861 1485 915 quod
1517 873 1735 914 corporee

240 929 292 964 et
322 923 618 964 materialiter
647 923 703 964 de
740 923 928 976 singulis
964 937 1080 977 quae
1114 924 1160 964 in
1192 923 1348 965 Verbo
1384 924 1512 977 legit,
1545 930 1592 964 et
1624 923 1735 964 nihil

245 985 550 1039 spiritualiter,
574 987 778 1040 cogitem
815 987 920 1028 inde
949 993 1020 1028 est
1047 987 1168 1040 quod
1201 1000 1323 1028 mere
1354 986 1648 1038 sensualiter;
1686 993 1735 1027 et

245 1060 348 1089 cum
373 1061 495 1090 mere
517 1049 799 1098 sensualiter,
824 1056 932 1091 tunc
955 1049 1102 1091 solum
1123 1064 1184 1091 ex
1206 1063 1360 1092 amore
1386 1051 1453 1091 sui
1478 1057 1526 1091 et
1551 1050 1734 1100 mundi;

245 1117 292 1152 et
317 1124 419 1152 cum
450 1126 510 1153 ex
539 1112 623 1161 his,
651 1112 798 1153 solum
824 1127 884 1154 ex
911 1113 1042 1154 malis
1073 1119 1120 1155 et
1146 1113 1283 1154 salsis.
1345 1112 1497 1166 Quare
1523 1126 1625 1154 cum
1651 1113 1736 1154 sibi

244 1172 426 1216 reliftus
456 1188 517 1216 ex
549 1188 630 1216 suo
666 1176 823 1229 spiritu
855 1177 1046 1229 cogitat,
1081 1183 1189 1218 tunc
1227 1190 1287 1218 ex
1319 1176 1499 1217 illorum
1529 1189 1736 1217 amorum

245 1235 481 1280 affectione
502 1239 693 1291 cogitat,
717 1252 830 1292 quos
851 1238 939 1280 illis
959 1253 1075 1293 quae
1097 1240 1142 1280 in
1165 1239 1320 1281 Verbo
1342 1239 1734 1292 sunt-conjungit3

244 1306 293 1342 et
322 1313 425 1342 cum
457 1301 621 1342 Divina
652 1301 793 1342 Verbi
824 1301 1161 1355 conjunguntur
1191 1302 1373 1352 talibus,
1407 1309 1516 1344 tunc
1553 1302 1734 1343 adulte-

246 1369 402 1405 rantur
425 1370 473 1405 et
497 1363 791 1406 falsificantur
815 1365 968 1405 omnia
993 1379 1108 1419 quae
1140 1365 1226 1416 ibi;
1264 1379 1371 1407 nam
1402 1366 1569 1407 Divina
1593 1365 1738 1407 Verbi

245 1439 466 1480 nusquam
492 1426 704 1480 conjungi
731 1434 922 1481 possunt
948 1441 1084 1482 quam
1115 1441 1219 1469 cum
1250 1442 1405 1471 amore
1437 1429 1625 1470 caelesti
1656 1442 1736 1469 seu

246 1502 348 1530 cum
374 1487 610 1530 affectione
636 1490 883 1543 spirituali;
915 1491 951 1531 si
977 1504 1080 1532 cum
1106 1491 1195 1532 alio
1217 1505 1386 1541 amore,
1414 1505 1494 1533 seu
1519 1505 1622 1532 cum
1647 1492 1737 1532 alia

178 1584 182 1585 γ
246 1550 497 1601 affectione,
540 1559 647 1594 tunc
693 1553 919 1594 clauditur
963 1567 1091 1595 mens
1135 1556 1350 1608 superior,
1393 1569 1507 1609 quae
1546 1562 1738 1596 vocatur

246 1627 374 1656 mens
390 1615 646 1669 spiritualis,
666 1622 712 1657 et
735 1616 873 1657 modo
890 1618 1088 1670 aperitur
1106 1630 1235 1658 mens
1253 1617 1445 1666 inferior,
1465 1631 1580 1671 quae
1596 1631 1736 1658 voca-

246 1684 319 1720 tur
339 1691 468 1719 mens
490 1679 734 1730 naturalis;
766 1680 905 1720 immo
927 1681 1046 1733 apud
1068 1680 1171 1721 illos
1193 1681 1266 1734 qui
1289 1676 1571 1734 conjungunt
1594 1680 1737 1722 Verbi

245 1755 353 1784 vera
373 1755 475 1784 cum
496 1740 732 1783 affectione
754 1744 919 1783 amoris
941 1744 1021 1792 sui,
1041 1743 1266 1785 clauditur
1288 1745 1426 1785 etiam
1449 1758 1577 1785 mens
1600 1753 1735 1786 natu-

246 1804 365 1854 ralis,
392 1811 440 1846 et
464 1805 661 1858 aperitur
681 1805 823 1846 modo
850 1806 1057 1847 ultimum
1083 1806 1212 1859 hujus
1244 1808 1425 1856 mentis,
1451 1808 1572 1861 quod
1597 1821 1736 1849 voca-

246 1875 320 1910 tur
348 1868 571 1916 sensuale,
599 1868 719 1922 quod
751 1870 959 1922 proxime
990 1869 1199 1911 inhaeret
1230 1871 1420 1924 corpori,
1449 1877 1496 1912 et
1527 1872 1736 1924 proxime

246 1937 405 1972 exstat
430 1931 630 1981 mundo;
667 1931 771 1972 inde
798 1938 868 1972 est
894 1932 1015 1985 quod
1041 1933 1222 1986 spiritus
1248 1933 1443 1974 hominis
1468 1933 1548 1975 fiat
1573 1947 1736 1988 corpo—

246 2007 363 2043 reus,
394 1994 468 2047 qui
499 1993 670 2034 nullam
702 2001 873 2035 sortem
906 1994 1072 2036 habere
1103 2002 1260 2049 potest
1301 2009 1402 2037 cum
1438 1996 1629 2050 angelis,
1662 1998 1756 2051 qui

145 2060 148 2063 '
224 2104 226 2106 v
246 2062 353 2098 sunt
378 2057 646 2110 spirituales.

325 2117 463 2171 580.
493 2127 599 2166 [Vm.
618 2128 680 2166 19.]
710 2117 838 2157 “llam
847 2122 1036 2171 potestas
1049 2119 1209 2160 illorum
1223 2120 1263 2160 in
1282 2121 1527 2161 omissorum
1547 2121 1738 2162 emist—

248 2176 383 2232 Quod
404 2178 626 2231 significet
643 2179 924 2232 cogitatianes
940 2181 1166 2222 sensuales
1186 2189 1229 2222 et
1247 2183 1349 2223 inde
1363 2183 1733 2232 ratiocinationes,

248 2240 367 2294 quod
384 2240 477 2281 illis
498 2241 690 2282 maxime
712 2242 923 2291 valerent,
952 2250 1136 2285 constat
1162 2259 1222 2286 ex
1255 2245 1586 2298 significatione
1615 2250 1735 2300 “po-

249 2304 431 2344 testatis
457 2303 675 2352 illorum,”
700 2305 820 2358 quod
853 2306 911 2346 sit
943 2306 1108 2354 valere,
1136 2307 1208 2348 hic
1243 2309 1442 2349 maxime
1467 2308 1650 2359 valere;
1687 2317 1736 2351 et

248 2379 308 2406 ex
343 2365 672 2419 significatione
712 2368 878 2416 “oris,'’
915 2369 1034 2422 quod
1071 2370 1131 2410 sit
1171 2371 1394 2423 cogitatio
1430 2371 1650 2412 sensualis
1686 2379 1735 2413 et

247 2427 351 2469 inde
376 2429 688 2470 ratiocinatio:
722 2444 802 2484 per
829 2431 949 2471 “os’'
971 2432 1091 2472 enim
1117 2439 1164 2473 et
1190 2446 1269 2486 per
1293 2447 1347 2474 ea
1371 2448 1486 2487 quae
1512 2436 1601 2475 oris
1627 2442 1733 2476 sunt

250 2490 560 2544 significantur
589 2492 668 2533 illa
703 2494 818 2546 quae
855 2492 1114 2535 intelle&us
1145 2502 1191 2536 et
1228 2496 1331 2537 inde
1363 2498 1656 2550 cogitationis
1688 2505 1735 2539 et

187 2588 198 2595 ,
249 2551 456 2606 loquelae
488 2561 608 2602 sunt,
636 2555 749 2596 haec
782 2556 901 2596 enim
933 2559 1292 2612 correspondent
1319 2560 1408 2610 ori;
1446 2573 1551 2601 nam
1583 2562 1736 2601 omnia

249 2628 421 2668 organa
445 2630 560 2670 quae
587 2631 675 2658 una
699 2632 812 2659 voce
839 2619 1049 2660 dicuntur
1074 2621 1177 2670 oris,
1205 2622 1320 2664 sicut
1348 2622 1526 2675 larynx,
1554 2623 1732 2677 glottiS,

249 2685 419 2732 guttur,
444 2679 610 2732 lingua,
635 2694 699 2735 os,
725 2681 857 2729 labia,
882 2689 987 2723 sunt
1014 2697 1186 2736 organa
1210 2685 1501 2727 inservientia
1525 2686 1733 2727 intellec-

249 2741 315 2782 tui
336 2754 416 2795 pro
438 2744 749 2785 enuntiatione
771 2751 818 2785 et
841 2745 1123 2797 elocutione3
1155 2748 1259 2788 inde
1282 2755 1351 2789 est
1375 2749 1494 2802 quod
1516 2763 1595 2803 per
1615 2754 1703 2790 “os
1714 2749 1734 2765 '’

250 2803 527 2856 significetur
552 2807 774 2859 cogitatio
800 2814 846 2848 et
874 2808 976 2849 inde
1002 2810 1316 2851 ratiocinatio:
1355 2819 1403 2852 at
1429 2813 1531 2866 quia
1557 2814 1733 2866 cogita-

250 2866 316 2906 tio
353 2865 547 2908 hominis
587 2876 658 2910 est
698 2870 883 2911 interior
927 2877 973 2912 et
1014 2873 1228 2921 exterior,
1271 2887 1434 2928 nempe
1474 2876 1731 2929 spiritualis,

251 2930 466 2971 naturalis
492 2938 539 2973 et
564 2932 796 2982 sensualis,
825 2933 927 2974 ideo
958 2947 1036 2988 per
1063 2935 1183 2976 “os”
1208 2936 1485 2990 significatur
1511 2939 1733 2992 cogitatio
