1962 3334
594 296 701 329 cAP.
722 294 805 336 XL,
826 293 967 326 vens.
993 284 1163 326 18.—N.
1183 281 1353 337 695[b].
1415 292 1418 293 ⁷
1460 267 1463 270 ’
1608 282 1713 334 1843

227 409 308 452 illo
342 422 508 459 amore,
541 423 621 450 seu
654 408 699 449 in
734 407 811 449 illa
840 404 1091 455 affectione,
1128 411 1175 447 et
1206 418 1308 446 cum
1340 403 1539 445 Domino
1574 403 1713 445 etiam

229 472 429 513 caelum:
466 472 511 513 id
542 472 692 525 itaque
722 470 947 524 gaudium,
975 483 1055 510 seu
1085 468 1128 509 id
1154 467 1414 521 jucundum,
1440 467 1635 508 faustum
1666 473 1714 507 et

226 534 425 583 beatum,
467 541 537 575 est
578 533 698 588 quod
738 533 914 587 proprie
954 531 1223 584 intelligitur
1262 543 1341 583 per
1379 530 1714 578 “mercedem,”

227 610 362 650 quam
386 597 613 650 accepturi
637 595 701 637 illi
730 596 805 649 qui
828 595 997 636 bonum
1020 594 1190 634 faciunt
1220 599 1268 634 et
1292 605 1446 633 verum
1473 591 1715 645 loquuntur

227 673 288 700 ex
323 673 474 700 amore
510 666 558 700 et
593 657 828 700 affectione
859 658 966 698 boni
1002 664 1050 698 et
1084 657 1192 703 veri,
1225 656 1289 696 ita
1324 669 1384 696 ex
1420 655 1635 703 Domino,
1665 662 1715 696 at

227 735 510 776 nequaquam
545 736 606 763 ex
642 728 817 772 semet;
862 727 910 761 et
946 721 1049 774 quia
1088 734 1149 760 ex
1186 719 1399 767 Domino,
1437 725 1484 759 et
1526 732 1617 759 non
1653 732 1713 759 ex

227 791 387 833 semet,
410 798 501 826 non
532 791 603 826 est
628 797 799 825 merces
820 784 967 824 meriti
992 782 1072 823 sed
1097 788 1168 823 est
1193 794 1365 822 merces
1390 781 1578 833 gratiae.
1637 779 1713 820 Ex

226 846 296 888 his
325 854 534 888 constare
565 853 718 900 potest
749 846 868 900 quod
899 846 972 900 qui
1003 846 1087 886 scit
1119 845 1223 898 quid
1254 844 1467 897 gaudium
1499 843 1711 890 caeleste,

226 908 370 948 etiam
400 909 515 949 sciat
550 908 656 962 quid
692 920 892 948 merces:
935 917 1027 954 (quid
1045 917 1200 954 gaudium
1220 916 1356 945 meleste
1378 915 1410 944 in
1428 924 1487 944 sua
1505 915 1650 948 essentia,
1669 915 1716 943 vi-

225 971 340 1000 daetm·
351 971 384 1000 in
399 980 495 1008 opere
512 972 561 1000 De
580 972 670 1001 Caelo
683 975 715 1000 et
730 971 866 1010 Inferna.
882 979 914 999 n.
930 970 1105 1007 395—4142)
1134 959 1221 999 hoc
1253 959 1408 1011 ltaque
1432 957 1714 1010 significatur

226 1034 306 1074 per
332 1022 655 1062 “mercedem”
680 1035 794 1075 quae
820 1027 890 1062 est
920 1021 1007 1061 illis
1032 1021 1104 1074 qui
1135 1021 1179 1060 in
1204 1020 1321 1060 veris
1346 1033 1407 1059 ex
1433 1019 1555 1059 bono
1580 1025 1712 1068 sunt;

226 1090 276 1125 at
294 1097 403 1125 vero
423 1097 503 1137 per
526 1083 848 1125 “mercedem'’
869 1097 983 1137 quae
1004 1090 1075 1124 est
1096 1083 1183 1123 illis
1204 1083 1277 1136 qui
1302 1083 1346 1123 in
1368 1082 1489 1122 salsis
1510 1096 1570 1122 ex
1593 1081 1713 1122 malo

226 1152 345 1195 sunt,
374 1153 444 1188 est
475 1148 700 1200 gaudium,
727 1160 805 1187 seu
836 1145 1093 1199 jucundum,
1131 1145 1325 1186 faustum
1362 1151 1410 1185 et
1446 1144 1630 1185 beatum
1668 1145 1713 1184 in

227 1208 410 1257 mundo,
437 1210 516 1249 sed
547 1209 767 1250 infernum
791 1215 895 1262 post
920 1209 1093 1249 abitum
1118 1222 1143 1249 e
1173 1208 1355 1248 mundo.

308 1275 392 1330 [b.]
434 1276 511 1316 Ex
537 1276 606 1317 his
635 1277 792 1330 paucis
817 1282 949 1330 patet
978 1276 1086 1330 quid
1111 1289 1191 1329 per
1215 1275 1546 1316 “mercedem”
1570 1275 1615 1315 in
1639 1288 1712 1316 se·

227 1337 468 1391 quentibus
492 1337 603 1378 locis
629 1337 905 1391 significatur
920 1337 1130 1390 t—Apud
1152 1336 1354 1385 Esaiam,

292 1430 411 1463 “Ecce
426 1431 602 1463 Dominus
614 1431 766 1474 Jehovih
783 1433 819 1464 in
836 1432 919 1464 forti
932 1433 1058 1470 venit„
1072 1458 1080 1464 .
1093 1457 1101 1464 .
1116 1442 1213 1464 .ecce
1230 1442 1366 1464 merces
1384 1432 1502 1474 Ipsius
1518 1443 1599 1464 cum
1618 1433 1713 1474 Ipso,

400 1481 437 1506 et
451 1475 603 1515 pretium
620 1475 739 1516 operis
757 1475 874 1516 Ipsius
891 1474 1046 1507 1¹lcoram
1066 1475 1150 1517 Ipso
1161 1475 1180 1487 ''
1196 1476 1255 1516 (xl.
1275 1476 1328 1516 10)
1342 1485 1351 1514 ;

230 1557 348 1610 apud
372 1557 580 1606 eundem,
637 1591 642 1594 .

293 1633 313 1647 ‘⁴
322 1632 436 1664 Dicite
449 1633 540 1664 filiae
553 1633 683 1671 Zionis,
700 1633 790 1665 Ecce
805 1634 901 1665 salus
914 1639 975 1665 tua
987 1634 1096 1671 venit,
1112 1632 1208 1675 [ecce
1222 1644 1359 1666 merces
1374 1634 1491 1674 Ipsius
1504 1644 1584 1666 cum
1600 1632 1712 1676 Ipso‚]

398 1682 435 1707 et
450 1677 601 1716 pretium
618 1677 739 1717 operis
757 1676 874 1718 Ipsius
891 1675 1046 1708 1²lcoram
1067 1677 1152 1718 Ipso
1163 1677 1181 1689 ’'
1202 1677 1287 1717 (lxii.
1307 1678 1379 1718 11);

228 1769 277 1806 et
300 1764 345 1805 in
370 1763 655 1817 Apocalypsi,

293 1839 415 1871 “Ecce
434 1840 539 1871 venio
559 1841 640 1878 cito,
660 1847 695 1872 et
714 1851 850 1873 merces
869 1851 951 1873 mea
969 1840 1123 1878 Mecum.
1144 1848 1182 1873 ut
1205 1842 1287 1873 dem
1307 1842 1496 1884 unicuique
1515 1842 1606 1875 sicut
1623 1853 1714 1884 opus

400 1883 478 1924 ejus
498 1883 594 1915 erit’'
610 1884 707 1924 (xxii.
725 1885 799 1924 12):

230 1977 391 2018 “Ecce
427 1977 646 2019 Dominus
680 1978 870 2031 Jehovih
905 1979 950 2019 in
986 1979 1089 2020 sorti
1119 1979 1285 2028 venit,”
1316 1986 1363 2021 et
1397 1980 1557 2021 “Ecce
1593 1981 1714 2022 salus

230 2045 310 2081 tua
338 2040 501 2089 venit,”
533 2047 629 2082 tum
663 2041 821 2082 “Ecce
858 2042 982 2082 venit
1014 2042 1144 2090 cito,”
1175 2042 1430 2095 significant
1465 2044 1713 2086 adventum

229 2102 412 2143 Domini
442 2103 630 2156 primum
668 2110 715 2144 et
750 2104 967 2144 alterum:
1012 2108 1222 2145 “merces
1259 2105 1403 2158 Ipsius
1438 2119 1539 2147 cum
1576 2107 1714 2160 Ipso”

230 2164 453 2218 significat
489 2165 662 2206 caelum
703 2173 751 2207 et
787 2167 938 2207 omnia
978 2166 1084 2219 ejus,
1122 2174 1171 2208 ut
1211 2181 1357 2220 supra,
1395 2169 1604 2222 quoniam
1639 2170 1714 2211 ubi

230 2226 451 2268 Dominus
490 2228 549 2268 ibi
590 2228 790 2278 caelum;
833 2229 1007 2269 caelum
1048 2230 1167 2270 enim
1204 2243 1294 2270 non
1331 2238 1401 2272 est
1442 2232 1615 2273 caelum
1652 2247 1711 2274 ex

228 2289 402 2342 angelis
432 2290 504 2338 ibi,
537 2291 616 2331 sed
652 2305 712 2331 ex
750 2291 947 2331 Domino
977 2292 1096 2344 apud
1127 2293 1344 2345 angelos:
1388 2295 1507 2347 quod
1538 2295 1712 2337 caelum

228 2353 455 2405 accepturi
485 2353 575 2394 sint
606 2354 852 2394 secundum
889 2367 1087 2394 amorem
1125 2361 1171 2395 et
1207 2354 1488 2397 affectionem
1524 2358 1629 2398 boni
1665 2366 1711 2400 et

228 2414 321 2454 veri
342 2427 368 2454 a
389 2414 600 2463 Domino,
620 2415 888 2468 intelligitur
910 2429 988 2469 per
1008 2416 1127 2469 quod
1147 2419 1375 2469 “pretium
1398 2420 1544 2471 operis
1567 2420 1711 2473 Ipsius

228 2487 379 2516 coram
410 2476 553 2529 Ipso,”
578 2484 625 2518 et
657 2490 735 2529 per
765 2478 885 2530 quod
919 2479 1036 2519 “det
1067 2479 1301 2533 unicuique
1332 2481 1446 2522 sicut
1477 2496 1588 2534 opus
1619 2483 1711 2535 ejus

228 2538 313 2579 erit
328 2538 362 2588 ;”
397 2551 476 2591 per
502 2540 693 2592 “opus,‘'
719 2541 788 2581 cui
819 2540 993 2581 caelum
1026 2548 1074 2582 ut
1100 2555 1286 2592 merces,
1315 2557 1404 2585 non
1431 2545 1550 2586 aliud
1576 2546 1710 2587 intel—

228 2599 382 2652 ligitur
411 2614 542 2653 quam
575 2615 686 2654 opus
721 2617 780 2643 ex
816 2616 969 2643 amore
1005 2617 1083 2644 seu
1113 2604 1347 2647 affectione
1379 2607 1484 2647 boni
1520 2615 1566 2648 et
1603 2610 1708 2657 veri,

229 2674 333 2702 nam
358 2675 491 2703 omne
517 2677 640 2716 opus,
664 2678 723 2704 ex
749 2678 838 2718 quo
863 2665 1051 2714 caelum,
1076 2667 1179 2708 inde
1204 2668 1287 2709 erit
1313 2670 1430 2721 apud
1453 2670 1708 2721 hominem;

230 2737 334 2764 nam
359 2738 470 2777 opus
491 2739 625 2766 omne
650 2739 777 2766 suum
800 2727 937 2768 trahit
962 2742 1021 2768 ex
1046 2742 1198 2770 amore
1224 2737 1300 2772 aut
1322 2730 1570 2780 affectione,
1595 2733 1710 2774 sicut

228 2784 410 2826 effectus
445 2800 578 2828 omne
615 2801 739 2828 suum
781 2802 807 2829 a
847 2802 982 2830 causa
1016 2790 1266 2842 efficiente;
1311 2794 1415 2834 inde
1456 2794 1599 2847 qualis
1639 2802 1709 2837 est

230 2860 357 2888 amor
395 2855 471 2889 aut
515 2848 688 2890 affectio
733 2851 824 2891 tale
868 2858 938 2892 est
977 2865 1117 2904 opus;
1162 2855 1265 2895 inde
1307 2863 1515 2896 constare
1555 2863 1708 2908 potest

229 2909 335 2962 quid
366 2909 630 2964 intelligitur
661 2925 738 2965 per
766 2917 914 2966 “opus
943 2916 1188 2957 secundum
1214 2918 1332 2971 quod
1363 2919 1594 2971 unicuique
1626 2919 1705 2960 da-
