1962 3334
281 245 295 274 I
304 234 388 286 760
689 244 1021 278 APOCALYPSIS
1053 246 1353 279 EXPLICATA.

275 355 319 395 in
343 354 400 397 Se
422 358 753 410 repraesentari
777 364 947 399 statum
966 359 1210 400 nefandum
1231 359 1451 402 ecclesiae
1474 361 1614 402 istius.
1664 361 1766 404 Hoc

275 432 453 472 quoque
479 419 758 472 significatur
783 435 862 474 per
887 422 945 471 id,

525 520 631 561 Quod
649 522 846 561 portaverit
863 522 1070 563 iniquitates
1091 533 1215 555 eorum
1233 523 1344 562 (Esai.
1362 524 1421 556 liii.
1442 523 1515 564 11);

276 628 381 655 nam
404 628 644 657 commune
667 617 762 665 fuit,
782 623 831 658 ut
853 618 1078 671 propheta
1098 620 1345 672 susciperet
1369 620 1412 660 in
1435 633 1482 660 se
1505 634 1767 673 repraesen—

277 679 500 719 tationem
542 679 838 720 nefandorum
876 681 1122 732 ecclesiae;
1166 683 1281 723 sicut
1315 683 1434 736 quod
1473 682 1631 723 Esaias
1665 697 1768 737 pro-

277 742 417 795 pheta
458 742 606 794 jussus
649 743 706 806 sjt
752 743 813 783 ire
855 744 999 784 nudus
1041 750 1086 785 et
1132 745 1433 786 discalceatus
1475 752 1567 786 tres
1608 759 1767 794 annos,

276 806 709 858 repraesentationis
732 819 868 846 causa
891 807 1010 860 quod
1038 807 1231 848 ecclesia
1254 808 1423 861 absque
1445 809 1566 849 bono
1593 814 1638 849 et
1661 823 1768 849 vero

277 874 398 908 esset
441 867 585 921 (Esaz'.
619 883 700 909 XX.
735 880 772 920 3,
799 869 873 923 4):
922 870 1042 923 quod
1083 870 1307 923 propheta
1344 871 1559 912 Ezechiel
1601 871 1768 924 ligatus

276 930 452 971 funibus
480 931 709 972 obsideret
737 932 942 981 laterem,
971 933 1040 973 cui
1071 933 1298 986 insculpta
1327 934 1407 974 fuit
1435 933 1769 986 Hierosolyma,

278 1006 329 1034 ac
359 994 515 1034 ederet
548 994 810 1047 placentam
842 995 1113 1036 hordeorum
1145 994 1309 1036 factam
1337 1010 1437 1037 curn
1465 997 1771 1050 excrementis

278 1057 422 1104 bovis,
443 1058 875 1110 repraesentationis
894 1072 1029 1098 causa
1047 1059 1167 1112 quod
1186 1073 1338 1099 verum
1362 1066 1408 1100 et
1432 1059 1599 1100 bonum
1618 1059 1766 1101 eccle-

277 1120 369 1159 siae
405 1133 430 1160 a
465 1119 588 1159 falsis
625 1121 688 1160 ita
725 1121 976 1169 obsessum,
1010 1127 1056 1162 et
1096 1135 1121 1161 a
1158 1121 1288 1161 malis
1327 1122 1390 1162 ita
1422 1129 1772 1175 conspurcatum

277 1188 399 1222 esset
435 1181 612 1235 (Ezech.
640 1184 695 1223 iv.
729 1182 882 1237 1—13):
926 1184 1046 1237 quod
1090 1184 1330 1224 Hoscheas
1368 1184 1592 1237 propheta
1624 1184 1772 1238 jussus

281 1245 339 1286 sit
366 1246 570 1298 accipere
593 1253 793 1287 scortum
818 1247 900 1287 sibi
926 1247 970 1287 in
994 1247 1239 1295 mulierem,
1261 1261 1311 1288 ac
1340 1247 1504 1288 liberos
1531 1249 1771 1288 scortatio-

278 1321 398 1357 num,
423 1309 479 1348 ad
505 1310 939 1362 repraesentandum
962 1310 1106 1363 qualis
1129 1317 1235 1351 tunc
1260 1310 1453 1351 ecclesia
1478 1310 1559 1351 fuit
1589 1309 1770 1364 (Hosclc.

277 1371 302 1411 i.
337 1371 488 1425 1—11):
533 1379 713 1425 praeter
739 1372 900 1412 similia
925 1372 1042 1413 alibi.
1106 1372 1239 1425 Quod
1271 1373 1357 1414 hoc
1384 1373 1515 1414 fuerit
1550 1377 1769 1427 “portare

277 1435 539 1488 iniquitates
577 1435 738 1475 domus
781 1435 998 1483 Israelis‚”
1032 1449 1110 1476 seu
1150 1435 1384 1484 ecclesiae,
1419 1442 1574 1489 aperte
1613 1436 1775 1477 dicitur

280 1497 457 1549 (Ezech.
482 1511 578 1551 cap.
602 1498 657 1538 iv.
684 1507 719 1550 5,
744 1498 805 1551 6).
868 1498 942 1538 Ex
966 1498 1034 1538 his
1058 1504 1267 1539 constare
1290 1505 1444 1552 potest
1472 1499 1591 1552 quod
1621 1501 1773 1540 omnia

277 1574 392 1614 quae
415 1561 471 1602 de
492 1562 701 1614 passione
726 1561 910 1601 Domini
933 1568 1252 1609 memorantur,
1272 1561 1434 1602 fuerint
1453 1569 1772 1615 repraesenta-

278 1625 372 1664 tiva
398 1630 544 1665 status
571 1624 792 1665 ecclesiae
824 1630 932 1665 tunc
966 1624 1085 1677 apud
1118 1630 1306 1677 gentem
1331 1624 1577 1676 Judaicam.
1640 1624 1767 1665 Haec

278 1687 334 1727 de
372 1701 519 1740 poena
554 1688 899 1740 “suspensionis
936 1701 1068 1740 super
1105 1687 1259 1740 ligno''
1292 1701 1369 1728 seu
1396 1687 1774 1728 “crucifixionis”

279 1749 413 1802 Quod
451 1750 596 1791 altera
635 1764 797 1804 poena,
839 1764 953 1803 quae
998 1750 1078 1790 fuit
1120 1750 1417 1803 “lapidatio,''
1454 1750 1773 1803 significaverit

278 1813 708 1854 condemnationem
754 1820 801 1854 et
848 1811 1217 1854 maledictionem
1263 1820 1447 1866 propter
1492 1811 1772 1854 destructum

277 1890 431 1916 verum
459 1877 693 1925 ecclesiae,
723 1890 815 1917 non
847 1876 975 1929 hujus
1007 1876 1095 1917 loci
1121 1883 1191 1916 est
1218 1890 1276 1916 ex
1305 1876 1460 1916 Verbo
1489 1875 1772 1922 confirmare,

277 1940 356 1980 sed
383 1953 522 1992 usque
555 1946 767 1980 constare
801 1946 956 1993 potest
989 1953 1049 1980 ex
1082 1939 1194 1980 locis
1226 1953 1249 1979 e
1276 1939 1431 1979 Verbo
1463 1939 1536 1979 ubi
1561 1937 1773 1991 “lapida-

277 2002 374 2043 tio'’
400 2009 701 2043 memoratur:

345 2099 394 2131 Ut
411 2100 521 2131 Exod.
542 2100 612 2132 xxi.
639 2100 765 2138 28-33:
795 2099 904 2130 Levz't.
924 2099 1018 2130 xxiv.
1046 2106 1164 2137 10-17,
1186 2107 1246 2137 23:
1276 2099 1387 2130 Num.
1408 2108 1465 2129 xv.
1492 2105 1618 2137 32-37:
1650 2098 1773 2130 Deutr.

450 2144 523 2175 xiii.
546 2152 582 2174 11
598 2142 658 2185 [B.
677 2145 722 2174 A.
742 2140 797 2183 10]
813 2152 820 2181 ;
845 2153 920 2183 cap.
939 2143 1020 2174 xvii.
1040 2150 1123 2181 5-7;
1148 2152 1223 2182 cap.
1241 2142 1325 2174 xxii.
1343 2150 1394 2180 20,
1410 2150 1460 2180 21,
1477 2150 1538 2180 24:
1562 2142 1682 2173 Ezech.
1704 2142 1774 2173 xvi.

451 2195 556 2228 39-41
575 2197 582 2224 ;
607 2197 683 2227 cap.
700 2187 798 2219 xxiii.
820 2194 948 2225 45—47:
974 2187 1103 2217 Matth.
1123 2186 1221 2217 xxiii.
1243 2193 1303 2224 37:
1337 2186 1420 2217 Luc.
1437 2186 1510 2217 xiii.
1531 2194 1593 2225 345
1617 2195 1694 2226 cap.
1715 2195 1773 2217 xx.

453 2232 491 2263 6:
521 2231 602 2273 Joh.
620 2231 693 2262 viii.
712 2238 751 2270 7;
781 2240 857 2270 cap.
874 2239 907 2261 x.
929 2238 979 2269 31,
998 2238 1056 2268 32:
1082 2236 1117 2261 et
1134 2229 1227 2261 alibi.

893 2396 1030 2420 VERSUS
1047 2399 1078 2429 9,
1097 2397 1148 2421 10.

357 2461 495 2514 6⁵6·
534 2475 594 2501 ”Et
611 2474 748 2501 videbunt
763 2481 799 2500 ex
814 2474 930 2506 populls
949 2475 980 2500 et
995 2474 1129 2500 tribubus
1148 2475 1179 2500 et
1196 2474 1302 2506 [Inym's
1321 2475 1352 2499 et
1369 2473 1504 2506 gentibus
1522 2480 1645 2505 corpora
1662 2473 1774 2500 illorum

276 2514 340 2540 dies
354 2515 418 2540 tres
432 2516 463 2540 et
477 2514 642 2546 dimidium;
662 2516 693 2541 et
707 2521 828 2546 corpora
841 2514 953 2540 illorum
969 2522 1025 2541 non
1038 2514 1209 2546 permittent
1223 2514 1291 2545 pom·
1303 2514 1332 2539 Ῐη
1349 2513 1551 2539 monumenn's.
1589 2513 1610 2538 Ε
1612 2515 1624 2539 t
1638 2513 1775 2539 habitan-

275 2554 323 2579 tes
339 2559 427 2584 super
445 2555 526 2579 terra
544 2553 709 2585 yaudebunt
726 2560 816 2584 super
834 2553 894 2579 illis
913 2554 943 2578 et
961 2553 1156 2582 laetabuntur,
1173 2553 1204 2578 et
1222 2559 1341 2577 munera
1360 2552 1480 2577 mlttent
1494 2551 1624 2582 inula-em,
1641 2550 1773 2583 quonlam

275 2592 319 2618 ῘΙΙῘ
337 2592 391 2618 duo
409 2592 569 2624 prophetae
585 2592 787 2618 cruciaverunt
801 2591 969 2617 habitantes
985 2598 1074 2623 super
1090 2590 1205 2617 terra.''

320 2687 352 2719 9.
387 2677 449 2710 “ft
466 2676 623 2710 videbunt
635 2687 676 2710 ex
686 2676 824 2719 populls
841 2679 876 2710 et
891 2675 1047 2710 tribubus
1065 2678 1100 2709 et
1115 2675 1240 2718 linquis
1257 2674 1490 2718 etyentibus,’'
1504 2674 1666 2716 significat
1683 2674 1776 2715 apud

453 2733 563 2752 omnes
575 2722 635 2762 qui
650 2722 686 2752 in
694 2722 798 2763 falsis
814 2726 844 2752 et
856 2721 953 2752 malis
966 2721 1149 2762 religionis,
1162 2721 1335 2751 doarinae
1350 2725 1381 2751 et
1395 2721 1487 2750 vitae
1501 2724 1582 2750 sunt
1599 2718 1648 2762 [n.
1665 2718 1747 2760 657]
1762 2730 1772 2756 ;

454 2771 618 2808 “corpora
635 2765 768 2798 illorum
786 2764 860 2798 dses
877 2767 950 2798 tres
967 2767 1004 2797 et
1021 2764 1222 2801 dimidium,”
1239 2763 1402 2805 significat
1418 2764 1614 2805 plenariam
1632 2764 1771 2794 exstinc-

452 2811 573 2841 tionem
586 2810 718 2841 Divini
740 2810 816 2841 Veri
829 2820 868 2840 ac
880 2810 1013 2841 Dz'vinz‘
1023 2809 1117 2840 Boni
1135 2809 1185 2851 [n.
1197 2807 1280 2850 958]
1293 2819 1301 2845 ;
1329 2810 1386 2840 “et
1397 2817 1540 2849 cot-pom
1553 2807 1688 2839 illorum
1705 2815 1771 2839 non

451 2853 652 2897 permiffent
662 2853 746 2896 poni
758 2853 791 2886 Ῐη
806 2853 1060 2891 monuments-‘sl'
1073 2852 1233 2894 significat
1251 2853 1455 2895 rcykc'lionem
1473 2856 1504 2882 et
1517 2852 1768 2882 damnationem

454 2899 589 2930 illorum
611 2898 661 2941 [n.
680 2897 778 2940 659].
