1962 3334
217 272 325 316 1520
628 267 960 311 APOCALYPSIS
993 280 1292 315 EXPLICATA.

212 384 424 426 “hostis’'
442 386 667 440 significat
690 389 856 431 malum
881 391 937 432 ab
958 392 1145 443 inferno,
1167 393 1504 437 “sanctuarium
1517 397 1535 412 ’‘
1557 388 1703 439 eccle-

209 449 334 496 siam,
363 455 409 489 et
438 450 638 491 “festum
653 451 671 466 ”
699 452 897 505 cultum3
935 456 1038 496 inde
1065 464 1192 508 patet
1220 459 1325 511 quid
1357 472 1436 511 per
1461 459 1538 500 illa
1567 461 1705 501 verba

208 511 252 550 in
293 512 405 552 serie
447 513 737 565 significatur.
799 515 933 569 Quod
973 520 1217 572 “rugitus”
1253 521 1476 573 significet
1518 536 1703 575 gravem

208 573 583 616 lamentationem
621 591 680 617 ex
718 579 873 620 dolore
906 581 1068 630 cordis,
1102 590 1286 623 constat
1319 597 1377 624 ex
1409 585 1477 624 his
1509 585 1706 626 locis:—

208 636 346 689 Apud
371 637 606 688 Davidem,

274 726 575 809 “Cutnfconticui,
587 730 787 813 in)veterata
807 741 890 764 sunt
908 743 992 764 ossa
1009 744 1099 773 mea,
1113 745 1176 775 per
1193 735 1348 775 rugitum
1367 746 1485 768 meum
1504 738 1602 769 omni
1618 737 1704 770 die’'

427 782 453 803 s.
471 782 576 804 xxxu.
596 782 614 812 3
642 783 649 811 ;

209 853 328 905 apud
355 855 563 904 eundem,

274 929 291 942 “
304 928 518 961 Debilitatus
532 941 610 962 sum
625 938 659 963 et
673 933 847 964 contritus
865 942 975 975 usque
989 935 1102 974 valde,
1112 936 1227 976 rugivi
1242 947 1325 977 prae
1339 938 1457 978 rugitu
1471 938 1588 970 cordis
1602 940 1673 971 mei
1685 939 1704 952 ''

381 973 452 1012 (Ps.
471 975 615 1007 xxxviii.
636 985 656 1016 9
675 974 734 1017 [B.
748 978 792 1008 A.
810 975 859 1018 8])
878 987 885 1016 ;

209 1060 255 1095 et
281 1056 401 1107 apud
426 1056 634 1107 Hz'obum,

273 1130 539 1216 “Anti—pane?
558 1133 751 1174 suspirium
770 1144 900 1173 meum,
916 1142 950 1167 et
967 1136 1199 1169 effunduntur
1213 1138 1302 1169 sicut
1319 1148 1431 1180 aquae
1451 1140 1587 1180 rugitus
1606 1140 1675 1172 mei
1685 1139 1704 1153 ''

400 1185 445 1206 111.
460 1184 501 1214 24
517 1200 524 1207 .

286 1282 421 1324 602.
460 1283 539 1323 “Et
564 1296 655 1323 cum
685 1283 887 1331 clamavit,
916 1284 1055 1324 locuta
1083 1287 1181 1324 sunt
1205 1287 1361 1336 septem
1390 1284 1568 1324 tonitrua
1596 1297 1697 1325 suas

209 1341 564 1395 voces.''—Quod
600 1343 827 1396 significet
862 1343 1201 1384 instrchz'onem
1234 1357 1256 1383 e
1292 1343 1407 1384 caelo
1440 1349 1482 1383 et
1513 1350 1694 1396 percep-

206 1401 363 1442 tionem
398 1403 452 1443 de
480 1410 602 1444 statu
632 1404 785 1445 ultimo
815 1404 1025 1454 ecclesiae,
1058 1410 1243 1445 constat
1274 1419 1333 1445 ex
1365 1404 1695 1458 significatione

209 1463 368 1518 “loqui
394 1466 570 1515 voces,”
596 1467 716 1520 quod
743 1468 801 1507 sit
827 1467 1062 1515 instruere,
1088 1466 1158 1507 hic
1186 1481 1210 1507 e
1236 1466 1378 1515 caelo,
1405 1468 1508 1520 quia
1534 1467 1697 1508 dicitur

210 1528 330 1580 quod
357 1535 534 1580 septem
567 1530 766 1569 tonitrua
800 1529 991 1570 “locuta
1022 1531 1110 1570 sint
1129 1530 1161 1579 ;'‘
1202 1538 1249 1570 et
1281 1545 1339 1570 ex
1373 1529 1702 1583 significatione

210 1596 426 1643 “septem
467 1592 754 1641 tonitruum,”
794 1593 914 1646 quod
957 1594 1046 1633 sint
1090 1593 1301 1633 Divinum
1345 1593 1515 1634 Verum
1556 1593 1704 1646 quoad

207 1652 496 1693 intellectum
532 1659 579 1694 et
615 1655 961 1707 perceptionem
998 1665 1052 1702 (de
1072 1674 1137 1702 qua
1155 1674 1259 1702 supra,
1282 1674 1312 1694 n.
1334 1665 1458 1706 273):
1501 1655 1705 1695 tonitrua

210 1714 419 1755 dicuntur
447 1715 702 1768 “septem,‘’
720 1717 823 1769 quia
846 1729 923 1768 per
943 1716 1190 1768 “septem’'
1209 1715 1518 1768 significantur
1540 1717 1703 1765 omnia,

209 1781 256 1814 et
278 1775 480 1828 plenum,
501 1783 547 1816 et
570 1776 784 1817 dicuntur
801 1777 985 1830 quando
1008 1778 1160 1829 agitur
1178 1777 1234 1817 de
1258 1777 1392 1817 rebus
1414 1776 1584 1818 sanctis
1607 1788 1707 1826 (vide-

207 1850 278 1873 atur
296 1854 402 1883 supra‚
423 1855 453 1876 n.
472 1846 536 1881 20.
555 1847 619 1887 24.
638 1846 732 1888 257,
749 1836 898 1888 [¹¹300).
958 1836 1094 1889 Quod
1121 1837 1178 1876 sit
1205 1837 1261 1876 de
1288 1843 1414 1877 statu
1442 1837 1605 1876 ultimo
1630 1850 1704 1877 ec-

209 1896 371 1937 clesiae
399 1898 454 1938 de
482 1912 569 1951 quo
593 1898 823 1951 Johannes
849 1913 872 1938 e
901 1898 1027 1938 caelo
1055 1911 1133 1950 per
1158 1912 1293 1938 voces
1319 1899 1433 1939 sicut
1457 1899 1704 1939 tonitruum

208 1959 451 2001 instruetus
478 1968 561 2009 est,
591 1969 659 2002 est
692 1962 794 2015 quia
820 1962 875 2002 de
902 1961 980 2002 illo
1011 1968 1135 2002 statu
1167 1962 1210 2001 in
1243 1962 1328 2002 hoc
1362 1962 1510 2014 capite
1542 1962 1703 2014 agitur,

208 2030 257 2063 ut
289 2031 472 2064 constat
505 2038 565 2064 ex
603 2025 670 2064 his
707 2026 751 2064 in
784 2025 1093 2078 sequentibus,
1129 2024 1219 2064 “In
1258 2025 1414 2064 diebus
1446 2025 1568 2064 vocis
1604 2037 1705 2076 sep-

208 2087 306 2127 timi
342 2087 507 2140 angeli,
547 2088 728 2141 quando
765 2087 935 2128 futurus
973 2088 1199 2140 clangere,
1238 2095 1283 2128 et
1322 2088 1706 2128 consummabitur

209 2151 474 2202 mysterium
506 2151 604 2199 Dei,
638 2152 753 2192 sicut
785 2150 1118 2204 evangelizavit
1151 2152 1288 2191 servis
1321 2152 1409 2190 suis
1440 2151 1671 2203 prophetis
1686 2149 1705 2165 ‘’

212 2212 345 2266 (vers.
373 2213 446 2267 7):
481 2221 527 2254 et
560 2215 678 2267 quod
712 2228 850 2268 usque
877 2215 1114 2254 docebitur
1145 2215 1188 2254 in
1222 2213 1426 2262 ecclesia,
1460 2217 1703 2266 antequam

208 2276 282 2317 ille
314 2283 474 2325 status,
508 2278 581 2330 qui
619 2283 688 2318 est
721 2277 833 2326 finis,
866 2284 1096 2325 venturus,
1129 2276 1396 2329 intelligitur
1433 2289 1511 2328 per
1546 2276 1706 2316 ultima

208 2339 346 2379 verba
368 2339 494 2391 hujus
521 2341 695 2392 capitis,
725 2339 963 2392 “Oportet
995 2347 1041 2380 te
1074 2340 1235 2380 iterum
1268 2339 1542 2391 prophetare
1575 2352 1707 2391 super

208 2402 399 2455 populos
431 2410 477 2443 et
509 2410 674 2455 gentes
706 2409 752 2443 et
786 2403 964 2456 linguas
997 2410 1042 2443 et
1069 2413 1199 2455 reges
1227 2401 1424 2442 multos'‘
1454 2400 1588 2455 (vers.
1621 2400 1704 2455 11).

209 2465 284 2505 Ex
329 2466 396 2505 his
437 2474 646 2506 constare
685 2474 839 2518 potest
871 2466 992 2520 quod
1029 2479 1107 2518 per
1140 2465 1355 2505 “Locuta
1388 2472 1492 2504 sunt
1529 2471 1705 2517 septem

208 2529 408 2568 tonitrua
433 2542 567 2568 voces
594 2543 695 2569 suas
709 2529 727 2543 ”
753 2529 1029 2582 significetur
1055 2526 1289 2568 instructio
1316 2541 1338 2568 e
1366 2527 1493 2568 caelo
1525 2534 1571 2568 et
1604 2540 1704 2580 per-

209 2592 360 2644 ceptio
386 2592 442 2631 de
469 2599 591 2631 statu
618 2592 778 2632 ultimo
804 2592 1037 2633 ecclesiae.

290 2663 428 2715 603.
477 2673 582 2711 [Vers.
600 2674 644 2712 4.]
677 2663 758 2703 “ft
785 2677 877 2704 cum
906 2664 1045 2703 locuta
1073 2665 1171 2703 sunt
1195 2665 1349 2714 septem
1379 2661 1555 2701 tonitrua
1587 2673 1707 2701 voces

209 2735 325 2769 suas,
348 2723 512 2763 futurus
527 2736 616 2763 sum
633 2722 1057 2775 seribere.”—Quod
1080 2721 1306 2775 significet
1328 2721 1448 2774 quod
1463 2720 1591 2761 illum
1608 2727 1703 2761 sta-

209 2792 301 2826 tum
316 2785 607 2836 manifestare
621 2784 761 2834 vellet,
779 2791 961 2825 constat
979 2798 1038 2824 ex
1054 2783 1380 2836 significatione
1399 2787 1422 2802 “
1437 2795 1536 2822 cum
1553 2782 1705 2822 locuta

209 2854 315 2887 sunt
357 2855 534 2900 septem
576 2848 776 2888 tonitrua
811 2860 947 2888 voces
986 2846 1126 2895 suas,”
1157 2846 1277 2899 quod
1315 2846 1372 2885 sit
1410 2843 1646 2885 instruffio
1680 2858 1703 2884 e

209 2908 338 2949 caelo
364 2915 410 2949 et
437 2909 674 2961 perceptio
700 2909 756 2949 de
783 2914 910 2949 statu
935 2907 1098 2948 ultimo
1116 2906 1340 2948 ecclesiae
1359 2917 1414 2955 (de
1429 2925 1493 2953 qua
1508 2925 1583 2945 mox
1598 2924 1703 2953 supra,
