1962 3334
267 257 370 311 1632
675 267 1009 300 APOCALYPSIS
1041 268 1342 300 EXPLICATA.

240 405 242 407 ¹
259 395 311 420 tur
325 391 456 421 Arcana
476 391 637 426 Caelestia,
653 391 708 420 ubi
723 391 777 420 illa
792 391 948 429 explicata
963 391 1061 430 sunt.)
1108 380 1185 420 EX
1211 379 1547 433 Significatione
1578 379 1752 420 numeri

262 441 631 495 “quadraginta”
654 442 777 483 ducit
803 455 984 483 causam
1013 443 1123 483 haec
1151 442 1227 482 lex
1256 441 1374 494 apud
1398 440 1567 489 Mosen,

333 538 437 579 Quod
459 538 587 578 impius
608 538 845 579 quadraginta
863 538 978 578 plagis
998 538 1224 578 percutietur,
1242 544 1277 569 et
1297 548 1369 568 non
1390 537 1479 578 plus,
1499 538 1572 568 “ne
1593 537 1673 568 vilis
1692 537 1753 568 ha-

433 582 558 613 beatur
575 582 685 613 frater
701 587 782 613 tuus
800 582 835 613 in
853 582 963 613 oculis
981 583 1051 613 tuis
1065 581 1082 593 ''
1100 582 1234 622 (Deutr.
1253 591 1333 612 xxv.
1353 581 1385 621 3)
1402 593 1408 613 :

259 678 433 730 punitio
458 677 660 730 plenaria
683 691 762 731 per
789 677 1158 731 “quadraginta‘'
1181 691 1321 731 aeque
1348 677 1613 717 describitur
1637 676 1752 716 sicut

262 742 473 789 vastatio,
492 754 596 781 nam
619 741 792 793 punitio
810 747 880 781 est
902 755 1043 794 aeque
1066 736 1397 781 co‘nsummatio
1419 740 1549 789 mali;
1582 745 1628 780 et
1650 740 1752 792 quia

260 810 363 856 post
406 805 687 857 punitionem
728 804 989 845 reformatio
1032 804 1247 852 succedit,
1289 803 1392 844 ideo
1432 803 1593 843 dicitur
1633 802 1752 855 quod

260 870 389 907 “non
421 867 619 919 pluribus
652 866 799 919 plagis
832 867 1124 920 percutietur,
1152 880 1207 907 ne
1239 866 1338 906 vilis
1369 866 1588 906 habeatur
1618 865 1752 906 frater

257 931 302 970 in
336 930 477 970 oculis
514 931 601 970 tuis
619 929 652 980 ;'’
694 943 798 970 nam
831 943 909 982 per
942 929 1312 983 “quadraginta''
1344 928 1622 982 significatur
1652 927 1751 969 finis

258 993 377 1041 mali,
405 1000 452 1034 et
484 1007 661 1047 quoque
688 993 952 1045 principium
978 993 1112 1042 boni;
1150 1006 1286 1045 quare
1312 993 1348 1032 si
1380 991 1751 1046 pluribus-plagis

257 1069 391 1110 quam
418 1057 722 1110 quadraginta
753 1062 1076 1108 percuteretur,
1105 1069 1196 1096 non
1228 1054 1557 1108 significaretur
1587 1055 1750 1107 princi-

257 1119 377 1171 pium
409 1118 515 1159 boni
547 1133 625 1159 seu
656 1119 929 1159 reformatio.
990 1119 1206 1160 Vastatio
1237 1118 1455 1159 ecclesiae
1488 1118 1606 1170 apud
1637 1117 1751 1158 filios

255 1182 412 1234 Jacobi
446 1195 524 1234 per
555 1182 989 1235 quadringentorum
1021 1195 1240 1222 annorum
1274 1181 1541 1222 servitutem
1579 1181 1622 1221 in
1655 1180 1750 1221 Ae-

258 1251 416 1298 gypto,
445 1244 724 1298 significatur
746 1258 824 1298 per
847 1245 1046 1297 Jehovae
1069 1245 1206 1285 verba
1231 1244 1288 1284 ad
1311 1244 1637 1292 Abrahamum,

324 1343 451 1375 “Scias
472 1343 566 1384 quod
584 1343 811 1383 peregrinum
829 1343 897 1374 erit
914 1352 1036 1374 semen
1055 1348 1155 1373 tuum
1173 1342 1209 1372 in
1231 1347 1324 1372 terra
1341 1351 1414 1372 non
1435 1341 1589 1378 illorum,
1603 1339 1662 1371 ubi
1680 1350 1752 1372 ser-

433 1387 536 1418 vituti
554 1386 744 1427 subjicient
762 1386 858 1418 illos.
874 1411 881 1418 .
895 1411 902 1418 .
917 1386 1203 1427 ,quadringentis
1220 1385 1353 1416 annis’'
1372 1384 1467 1424 (Gen.
1484 1395 1540 1416 xv.
1561 1384 1634 1424 13);

261 1489 340 1529 per
363 1475 734 1528 “quadringenta
748 1474 766 1489 ”
789 1474 932 1515 simile
965 1473 1241 1527 significatur
1266 1473 1386 1527 quod
1418 1486 1495 1526 per
1519 1472 1748 1526 “quadra-

261 1538 428 1591 ginta,'’
460 1539 574 1579 sicut
611 1537 754 1578 simile
791 1551 870 1590 per
903 1537 1094 1578 “mille’'
1137 1538 1256 1591 quod
1294 1550 1373 1589 per
1405 1536 1664 1585 “centum’‘
1697 1549 1748 1577 ac

259 1601 402 1642 simile
429 1614 507 1654 per
534 1600 787 1642 “centum’'
812 1600 932 1654 quod
959 1614 1037 1653 per
1065 1600 1298 1641 “decem.”
1358 1599 1573 1640 Vastatio
1604 1599 1748 1640 eccle-

257 1665 367 1713 siae,.
395 1671 442 1705 et
483 1678 659 1718 quoque
698 1665 894 1704 tentatio
935 1663 1147 1716 plenaria,
1186 1664 1323 1704 etiam
1362 1662 1636 1715 significatur
1672 1676 1751 1715 per

261 1728 703 1768 “commorationem
722 1726 910 1767 filiorum
936 1726 1113 1767 Israelis
1131 1726 1431 1779 quadraginta
1453 1726 1580 1766 annis
1603 1726 1646 1765 in
1670 1726 1749 1767 de-

258 1790 421 1839 sert0‚”
444 1791 500 1831 de
526 1803 613 1844 qua
638 1791 702 1831 ita
726 1791 770 1830 in
797 1790 1088 1843 sequentibus
1115 1789 1225 1831 locis
1243 1803 1312 1830 2—-

326 1887 347 1900 “
359 1886 438 1918 Filii
456 1886 565 1917 vestri
583 1891 687 1917 erunt
704 1892 892 1926 pascentes
910 1886 944 1917 in
963 1885 1106 1917 deserto
1124 1885 1360 1926 quadraginta
1376 1885 1491 1923 annis,
1505 1891 1540 1916 et
1557 1885 1751 1925 portabunt

437 1930 676 1961 scortationes
693 1936 841 1967 vestras,
860 1940 971 1970 usque
996 1930 1080 1961 dum
1099 1927 1392 1960 fflconsumantur
1408 1939 1559 1970 corpora
1574 1935 1695 1960 vestra
1714 1929 1749 1959 in

432 1972 604 2005 deserto’'
618 1973 743 2013 (Num.
761 1973 830 2005 xiv.
850 1982 900 2012 33,
919 1973 995 2012 34);

325 2017 487 2057 “Vagati
512 2017 594 2048 fecit
614 2027 676 2048 eos
702 2017 736 2047 in
762 2017 905 2048 deserto
923 2017 1159 2058 quadraginta
1174 2017 1290 2054 annis,
1308 2026 1420 2057 usque
1437 2017 1519 2047 dum
1538 2022 1751 2055 consumpta

431 2067 486 2092 est
506 2061 624 2092 omnis
641 2061 826 2100 generatio
847 2071 936 2102 quae
961 2060 1044 2092 fecit
1061 2061 1194 2091 malum
1220 2060 1255 2091 in
1280 2061 1392 2091 oculis
1416 2059 1605 2102 Jehovae’'
1625 2059 1749 2100 (Num.

433 2105 539 2136 xxxii.
561 2105 634 2143 13);

324 2147 530 2189 “Jehovah.
546 2173 552 2179 .
567 2172 574 2179 .
590 2148 774 2188 .cognovit
788 2148 971 2179 ambulare
982 2154 1080 2179 tuum
1093 2157 1156 2188 per
1165 2148 1343 2178 desertum
1357 2157 1526 2187 magnum
1537 2147 1592 2178 his
1602 2146 1750 2190 quadra-

433 2192 534 2231 ginta
558 2192 672 2229 annis,
697 2191 860 2233 Jehovah
886 2191 984 2223 Deus
1009 2198 1090 2223 tuus
1116 2198 1243 2229 tecum,
1268 2197 1307 2222 ut
1327 2201 1400 2222 non
1426 2191 1616 2222 destitutus
1641 2190 1750 2222 fueris

433 2235 507 2266 ulla
523 2245 560 2266 re
574 2234 592 2246 '’
612 2235 749 2274 (Deutr.
766 2235 799 2266 ii.
819 2235 871 2274 7);

326 2279 344 2292 ¹⁴
356 2278 566 2309 Recorderis
581 2279 698 2309 omnis
713 2280 792 2309 viae
807 2289 875 2319 qua
888 2279 988 2310 duxit
1005 2284 1039 2310 te
1056 2278 1219 2319 Jehovah
1235 2278 1332 2309 Deus
1347 2284 1427 2309 tuus
1445 2278 1499 2309 his
1514 2277 1751 2318 quadraginta

433 2323 536 2353 annis
551 2323 586 2353 in
602 2323 755 2359 deserto,
768 2328 806 2353 ut
819 2323 991 2362 affligeret
1003 2328 1048 2360 te,
1063 2329 1098 2353 et
1112 2328 1265 2353 tentaret
1279 2328 1312 2352 te
1328 2331 1350 2357 :.
1366 2346 1373 2353 .
1387 2346 1394 2353 .
1410 2322 1556 2353 .cibavit
1570 2329 1603 2352 te
1617 2331 1751 2352 manna

506 2366 565 2397 ,ad
583 2366 813 2405 affligendum
831 2372 875 2403 te,
893 2366 938 2396 ad
959 2367 1169 2397 tentandum
1191 2372 1235 2402 te,
1253 2372 1288 2396 et
1308 2366 1352 2396 ad
1373 2365 1668 2396 benefaciendum
1687 2365 1750 2396 tibi

433 2409 645 2449 postremo”
663 2409 800 2448 (Deutr.
822 2410 892 2440 viii.
911 2417 940 2447 2,
959 2418 988 2448 3,
1010 2417 1058 2447 15,
1078 2410 1151 2448 16);

325 2452 553 2484 “Tentarunt
587 2453 647 2484 Me
680 2459 799 2493 patres
831 2453 951 2491 vestri,
983 2455 1179 2493 probarunt
1208 2452 1305 2488 Me2.
1365 2453 1618 2493 quadraginta
1645 2452 1750 2483 annis

432 2496 590 2527 fastidivi
612 2497 647 2527 in
665 2496 898 2536 generatione
915 2497 990 2534 hac,
1008 2497 1161 2537 dixique,
1182 2496 1337 2536 Populus
1356 2503 1439 2527 sunt
1456 2503 1615 2527 errantes
1633 2496 1750 2534 corde,

434 2540 612 2580 iidemque
630 2550 702 2571 non
723 2546 970 2579 cognoverunt
987 2541 1064 2571 vias
1083 2539 1199 2571 meas'
1204 2539 1371 2578 '(Psalm.
1389 2549 1465 2571 xcv.
1484 2549 1514 2579 9,
1535 2539 1608 2579 10);

325 2583 431 2623 “Ego
448 2584 640 2614 ascendere
660 2584 727 2614 feci
745 2594 809 2615 vos
827 2594 846 2614 e
865 2590 959 2615 terra
974 2583 1141 2624 Aegypti,
1155 2590 1189 2614 et
1206 2584 1289 2614 duxi
1307 2593 1372 2614 vos
1391 2584 1425 2614 in
1444 2583 1585 2614 deserto
1601 2583 1751 2623 quadra-

431 2627 531 2667 ginta
547 2627 653 2658 annis
670 2627 714 2658 ad
735 2627 991 2668 possidendum
1010 2634 1140 2658 terram
1160 2626 1371 2658 Emorraei''
1389 2628 1508 2666 (Amos
1524 2627 1556 2658 ii.
1578 2627 1650 2666 10):

257 2733 317 2762 ex
344 2719 496 2760 allatis
524 2725 707 2760 constat
735 2719 854 2773 quod
882 2733 961 2772 per
989 2719 1331 2773 “quadraginta
1356 2733 1499 2760 annos
1514 2718 1532 2734 ”
1559 2732 1649 2759 non
1676 2732 1749 2760 so-

258 2783 350 2823 lum
382 2781 658 2835 significetur
683 2783 882 2823 vastatio
908 2782 1127 2823 ecclesiae
1158 2783 1277 2835 apud
1309 2782 1422 2823 filios
1450 2781 1641 2830 Israelis,
1669 2782 1749 2822 sed

257 2846 395 2886 etiam
425 2844 625 2897 plenaria
643 2846 866 2895 te‘ntati03
899 2851 994 2886 tum
1013 2858 1091 2898 per
1110 2844 1279 2885 “finem
1303 2845 1477 2885 illorum
1500 2857 1717 2885 annorum
1730 2843 1749 2859 ”

258 2908 523 2962 principium
551 2921 694 2948 novae
721 2907 953 2949 ecclesiae.
1025 2907 1229 2949 Vastatz'o
1255 2907 1454 2948 ecclesiae
1483 2908 1748 2949 describitur
