1962 3334
312 268 415 311 1732
721 266 1055 300 APOCALYPSIS
1086 268 1386 301 EXPLICATA.

305 380 541 423 affeffione
565 382 798 435 spirituali,
824 381 1103 435 significatur
1130 397 1208 436 per
1233 383 1554 436 “Aegyptum,
1581 383 1729 426 Cusch
1754 391 1802 426 et

306 443 471 485 Sebam
490 445 522 495 ;”
555 444 859 497 intelligentia
885 459 1039 486 eorum
1066 446 1184 494 inde,
1209 445 1486 499 significatur
1512 460 1591 499 per
1619 447 1802 488 “homi-

307 508 450 555 nem‚’'
477 515 522 548 et
549 508 742 548 ecclesia
769 522 827 548 ex
855 508 942 549 illis
970 522 1048 561 per
1077 509 1372 562 “populum.”

389 568 472 622 [fi]
517 568 748 621 Quoniam
780 583 859 622 per
892 570 1237 623 “Aegyptum’'
1268 569 1551 623 significatur
1581 571 1802 612 naturalis

304 629 455 679 homo,
485 637 531 671 et
564 631 709 670 omnis
741 631 1046 684 intelligentia
1078 631 1322 683 spiritualis
1354 631 1549 672 hominis
1574 631 1724 673 finitur
1756 639 1803 675 et

303 692 514 733 fundatur
550 693 593 733 in
632 694 823 734 naturali
861 694 1056 743 homine,
1091 695 1224 748 inque
1261 694 1355 747 ejus
1388 694 1724 747 cognitionibus
1755 701 1802 736 et

305 756 574 805 scientificis‚
614 770 750 810 quare
789 757 926 798 homo
963 757 1132 811 absque
1175 757 1261 797 illis
1304 772 1394 798 non
1437 764 1506 799 est
1543 757 1804 811 intelligens

304 825 350 859 et
383 820 576 871 sapiens,
605 826 651 860 et
684 833 738 860 ne
771 820 952 873 quidem
979 820 1227 869 rationalis,
1256 834 1360 861 nam
1393 821 1636 873 spiritualis
1667 820 1804 861 homo

304 895 441 922 unum
473 889 581 935 aget
613 896 715 923 cum
747 883 940 924 naturali
971 884 1154 924 homine
1186 885 1302 925 sicut
1334 898 1468 925 causa
1500 897 1600 925 curn
1627 883 1801 933 effectu,

304 952 350 986 et
377 959 512 985 unum
539 947 634 998 agit
661 959 739 998 per
765 947 1204 999 correspondentias,
1233 947 1337 988 inde
1364 954 1434 988 est
1461 947 1581 1000 quod
1607 948 1803 1000 antiquis

303 1008 596 1060 temporibus,
625 1009 806 1062 quando
837 1010 1030 1050 ecclesia
1055 1011 1442 1062 repraesentativa
1468 1010 1605 1056 etiam
1638 1010 1681 1049 in
1708 1009 1802 1050 Ae-

306 1078 453 1124 gypto
478 1072 572 1121 fuit,

379 1167 455 1199 Rex
473 1168 629 1209 Aegypti
650 1179 712 1200 seu
735 1169 875 1201 Pharao
893 1168 1009 1201 dictus
1030 1170 1075 1201 sit
1093 1170 1213 1202 “filius
1234 1169 1466 1210 sapientum‚’'
1484 1176 1519 1202 et
1539 1169 1659 1201 “filius
1681 1179 1802 1210 regum

481 1213 702 1253 antiquitatis
715 1213 732 1224 '’
750 1213 862 1252 (Esai.
880 1214 950 1245 xix.
971 1213 1045 1253 11);

379 1255 433 1286 Ac
450 1255 648 1297 Aegyptus,
664 1257 872 1297 “angularis
890 1258 981 1298 lapis
999 1258 1153 1288 tribuum
1166 1256 1184 1269 ‘¹
1201 1257 1305 1296 (vers.
1324 1257 1396 1297 13);

306 1363 386 1402 per
414 1350 593 1390 “tribus
605 1350 624 1365 ‘’
650 1351 769 1391 enim
796 1351 1106 1404 significantur
1132 1353 1282 1392 omnia
1308 1365 1414 1392 vera
1439 1357 1484 1392 et
1511 1351 1631 1392 bona
1657 1351 1802 1392 eccle-

305 1414 396 1453 siae
422 1413 464 1453 in
489 1413 747 1466 complexu,
773 1420 818 1455 et
845 1428 924 1467 per
949 1414 1250 1467 “angularem
1275 1414 1503 1467 lapidem”
1526 1413 1803 1466 significatur

304 1476 650 1517 fundamentum
677 1490 845 1517 eorum.
908 1477 1018 1518 Ideo
1051 1491 1228 1531 quoque
1261 1478 1424 1518 dicitur
1455 1477 1511 1518 de
1544 1476 1801 1525 Salomone,

303 1553 382 1592 per
409 1553 542 1593 quem
569 1547 938 1592 repraesentatus
964 1547 1034 1581 est
1062 1541 1283 1595 Dominus
1305 1541 1453 1594 quoad
1481 1553 1670 1593 regnum
1697 1554 1799 1581 cae-

304 1603 419 1643 leste
446 1609 493 1644 et
519 1603 668 1656 quoad
694 1617 884 1656 regnum
911 1603 1157 1656 spirituale,

381 1703 487 1744 Quod
511 1703 687 1743 sapientia
711 1703 803 1734 illius
829 1703 935 1734 fuerit
955 1704 1072 1743 “prae
1093 1703 1269 1743 sapientia
1289 1703 1449 1734 omnium
1470 1702 1622 1733 filiorum
1643 1701 1801 1739 orientis,

478 1753 514 1778 et
530 1757 614 1787 prae
633 1747 731 1777 omni
749 1747 926 1787 sapientia
943 1746 1204 1787 Aegyptiorum
1217 1746 1235 1758 ''
1253 1746 1282 1786 (1
1302 1747 1382 1788 Reg.
1397 1756 1428 1778 v.
1446 1754 1486 1777 10
1505 1744 1564 1787 [B.
1579 1746 1623 1777 Α.
1642 1746 1686 1777 iv.
1705 1743 1799 1786 30]):

302 1854 385 1894 per
419 1841 570 1882 “filios
603 1841 819 1882 orientis’'
851 1841 1167 1894 intelliguntur
1199 1854 1357 1882 omnes
1396 1841 1468 1894 qui
1506 1854 1560 1881 eo
1597 1846 1802 1892 tempore

302 1906 347 1945 in
371 1904 707 1958 cognitionibus
730 1905 822 1944 veri
849 1911 895 1944 et
922 1904 1028 1944 boni
1054 1904 1246 1952 suerunt,
1271 1910 1316 1944 et
1344 1917 1423 1956 per
1448 1903 1547 1944 illas
1574 1903 1802 1955 sapientes

302 1967 407 2009 faeti
443 1974 573 2018 sunt;
617 1981 667 2008 ac
707 1981 786 2020 per
820 1967 1150 2020 “Aegyptios''
1182 1966 1498 2019 intelliguntur
1535 1979 1691 2006 omnes
1728 1965 1802 2019 qui

304 2031 466 2071 eruditi
492 2044 550 2070 ex
585 2031 798 2079 scientiis,
827 2031 1041 2083 imprimis
1074 2044 1132 2070 ex
1165 2030 1354 2070 scientia
1379 2027 1800 2081 correspondentia-

303 2107 415 2143 rum,
434 2100 480 2134 et
499 2094 602 2134 inde
625 2094 666 2133 in
686 2093 1001 2146 intelligentia.
1054 2092 1202 2145 Quare
1221 2094 1358 2133 etiam
1377 2092 1590 2133 scientiae
1609 2091 1800 2144 Aegyp-

304 2157 468 2197 tiorum
501 2163 722 2197 vocantur
756 2156 1029 2197 “recondita
1060 2156 1151 2196 auri
1184 2162 1230 2196 et
1263 2154 1480 2208 argenti,''
1511 2161 1556 2196 et
1586 2154 1800 2195 “deside-

303 2219 500 2269 rabilia,’'
526 2219 644 2273 apud
671 2219 914 2268 Danielem,

378 2315 456 2346 Rex
473 2316 728 2355 septentrionis
747 2315 892 2346 “mittet
909 2325 1036 2346 manus
1057 2325 1140 2346 suas
1161 2315 1196 2345 in
1218 2320 1340 2352 terras,
1359 2323 1424 2345 nec
1443 2320 1538 2345 terra
1555 2313 1714 2354 Aegypti
1734 2313 1800 2344 erit

479 2359 515 2390 in
536 2360 754 2395 evasionem,
775 2359 804 2390 si
822 2359 963 2399 quidem
982 2359 1224 2390 dominabitur
1244 2358 1279 2388 in
1301 2357 1486 2389 recondita
1505 2357 1580 2388 auri
1595 2364 1629 2388 et
1649 2357 1799 2396 argenti,

478 2409 513 2434 et
531 2403 566 2433 in
585 2403 708 2434 omnia
724 2403 972 2434 desiderabilia
989 2402 1145 2443 Aegypti
1158 2402 1176 2413 ’'
1193 2402 1252 2441 (xi.
1269 2409 1321 2440 42,
1339 2402 1405 2441 43).

304 2495 415 2536 Ideo
447 2509 624 2548 quoque
658 2495 923 2536 mandatum
955 2501 1026 2536 est
1057 2494 1157 2535 filiis
1185 2494 1376 2542 Israelis,
1406 2507 1506 2534 cum
1533 2494 1712 2534 exirent
1739 2506 1799 2533 ex

303 2558 540 2611 Aegypto,

378 2653 427 2685 Ut
444 2659 568 2684 mutuo
582 2659 744 2693 peterent
758 2654 802 2684 ab
816 2652 1004 2693 Aegyptiis
1019 2662 1106 2683 vasa
1118 2652 1193 2683 auri
1211 2658 1246 2683 et
1259 2661 1346 2683 vasa
1358 2651 1496 2692 argenti
1514 2656 1549 2683 et
1566 2656 1694 2689 vestes,
1709 2660 1798 2691 quae

468 2696 527 2728 'sic
545 2697 750 2736 eripuerunt
767 2697 935 2737 Aegypto
952 2696 1074 2736 (Exod.
1094 2696 1152 2728 xii.
1171 2703 1222 2735 35,
1241 2696 1316 2735 36):

303 2806 382 2845 per
415 2794 564 2832 “vasa
597 2792 689 2832 auri
721 2798 767 2832 et
800 2791 1008 2844 argenti''
1040 2797 1086 2832 et
1124 2804 1202 2844 per
1236 2790 1456 2831 “vestes'‘
1489 2789 1797 2844 significantur

302 2855 518 2895 scientiae
537 2861 582 2895 et
601 2855 885 2907 cognitiones
903 2855 994 2895 veri
1016 2860 1062 2895 et
1085 2854 1204 2902 boni,
1225 2867 1339 2907 quae
1357 2859 1539 2906 ereptae
1558 2852 1794 2906 Aegypto,

303 2919 406 2974 quia
442 2918 541 2959 illas
578 2918 891 2971 applicuerunt
928 2918 985 2959 ad
1018 2917 1325 2959 confirmanda
1357 2917 1476 2957 mala
1512 2923 1558 2958 et
1590 2916 1714 2966 falsa,
1748 2923 1794 2957 et
