1962 3334
591 304 700 338 CAP.
719 304 783 346 x„
802 303 942 337 VERS.
967 302 1108 335 1.—N.
1132 292 1298 348 594[b].
1455 289 1463 295 ’
1573 302 1685 346 :1491

289 415 376 470 [b.]
406 415 496 469 Qui
525 429 617 457 non
645 416 732 457 scit
761 414 887 469 quod
918 417 1003 468 per'
1031 412 1271 454 “nubem”
1298 412 1344 454 in
1373 410 1518 453 Verbi
1553 424 1691 452 sensu

207 476 427 531 spirituali
455 475 739 530 intelligatur
762 475 970 518 Verbum
998 476 1043 516 in
1074 475 1243 524 littera,
1267 487 1359 515 non
1390 473 1505 514 scire
1535 479 1691 527 potest

206 552 420 581 arcanum
444 539 565 594 quod
589 539 796 588 involvit,

276 627 383 670 Quod
397 627 436 660 in
452 627 764 660 consummatione
777 627 911 660 saeculi
924 627 1063 658 “visuri
1079 626 1154 658 sint
1170 625 1301 658 filium
1313 625 1473 657 hominis
1485 624 1692 656 venientem

381 670 419 703 in
442 672 599 703 nubibus
621 671 711 702 caeli
734 680 816 702 cum
840 671 972 702 virtute
994 676 1031 702 et
1051 669 1364 711 gloria’'(1}{attlz.
1378 669 1474 701 xxiv·
1490 676 1556 708 30:
1579 668 1692 700 Marc.

379 714 454 747 xiii.
470 715 534 753 26;
557 723 633 755 cap.
650 715 720 747 xiv.
737 714 791 752 61,
807 714 868 747 62:
890 714 975 746 Luc.
991 714 1062 746 xxi.
1079 714 1156 754 27);

210 800 309 838 tum
328 796 375 837 in
398 795 688 849 Apocalypsi,

274 869 425 903 “Eece'’
446 869 553 912 Joeus
576 870 743 903 Christus
758 870 886 903 “venit
909 879 990 902 cum
1013 870 1180 909 nubibus,
1204 875 1241 902 et
1263 869 1401 901 videbit
1425 868 1549 910 Ipsum
1572 867 1693 901 omnis

378 913 504 946 oculus
513 913 532 925 '¹
547 914 585 954 (i.
602 915 656 954 7);

208 994 257 1031 et
281 987 401 1038 alibi,

273 1064 395 1149 “Vidii
411 1071 447 1115 et
466 1075 548 1149 ecc?
566 1067 680 1098 nubes
698 1066 789 1104 alba,
806 1072 843 1098 et
860 1075 968 1107 super
983 1066 1078 1098 nube
1093 1065 1225 1098 sedens
1244 1065 1372 1097 similis
1392 1063 1480 1096 Filio
1499 1065 1660 1097 hominis
1671 1063 1694 1077 '⁸

392 1118 463 1140 xiv.
484 1117 526 1148 14
553 1119 561 1146 ;
1286 1117 1291 1138 ι

154 1245 163 1250 Ν
200 1187 256 1225 ⁴et
280 1183 399 1238 apud
422 1184 666 1233 Danielem,

251 1255 417 1292 “Videns
432 1256 484 1292 fui
507 1260 544 1292 in
564 1261 766 1293 visionibus
790 1259 919 1300 noetis,
943 1267 980 1293 et
1003 1271 1085 1293 ecce
1108 1271 1189 1293 cum
1214 1261 1372 1293 nubibus
1395 1260 1578 1292 caelorum
1602 1261 1694 1293 sicut

380 1302 491 1336 Filius
510 1305 668 1336 hominis
683 1305 834 1336 veniens
850 1305 946 1337 fuit”
963 1305 1036 1346 (vii.
1057 1305 1127 1345 13):

195 1390 282 1449 ⁷qui
310 1390 491 1445 ignorat
522 1393 642 1446 quod
676 1393 856 1434 “nubes
887 1393 1032 1434 caeli'’
1057 1392 1314 1447 significent
1343 1407 1452 1434 vera
1475 1392 1617 1434 Verbi
1648 1393 1692 1433 in

209 1467 344 1495 sensu
364 1453 559 1503 litterae,
583 1456 673 1496 no'n
699 1456 812 1496 scire
837 1455 971 1497 aliter
991 1462 1147 1510 potest
1172 1469 1307 1510 quam
1329 1456 1450 1510 quod
1472 1455 1694 1496 Dominus

206 1515 251 1556 in
277 1518 669 1561 consummatione
693 1518 876 1567 saeculi,
904 1519 991 1560 hoc
1018 1525 1103 1567 est,
1130 1519 1175 1559 in
1206 1518 1295 1560 fine
1320 1518 1555 1566 ecclesiae,
1581 1531 1692 1559 ven-

208 1580 424 1625 turus'sit
455 1580 501 1620 in
536 1580 727 1621 nubibus
757 1581 886 1630 caeli,
919 1588 966 1622 et
1005 1581 1064 1622 Se
1095 1581 1264 1622 mundo
1295 1581 1691 1630 manifestaturus;

207 1646 258 1682 at
281 1647 440 1683 notum
460 1649 532 1683 est
557 1643 678 1696 quod
704 1650 945 1697 postquam
966 1644 1170 1685 Verbum
1195 1644 1353 1685 datum
1375 1650 1446 1685 est
1469 1643 1691 1684 Dominus

209 1716 290 1758 per
311 1704 356 1744 id
382 1704 530 1745 solum
555 1704 614 1746 Se
640 1706 913 1753 manifestet,
940 1719 1046 1747 nam
1071 1706 1290 1755 Verbum,
1317 1707 1439 1760 quod
1464 1713 1535 1747 est
1562 1706 1687 1746 Divi-

206 1776 314 1807 num
339 1766 528 1816 Verum,
555 1774 626 1809 est
663 1768 766 1822 Ipse
798 1768 1019 1809 Dominus
1048 1770 1094 1810 in
1125 1769 1254 1810 caelo
1284 1776 1331 1810 et
1367 1769 1589 1810 ecclesia:
1632 1783 1693 1811 ex

198 1824 296 1869 *hoc
326 1829 517 1882 primum
549 1837 761 1872 constare
792 1838 947 1884 potest
978 1832 1099 1885 quod
1130 1832 1437 1872 manifestatio
1467 1832 1527 1872 ibi
1563 1845 1693 1885 prae-

206 1879 328 1932 dicta
348 1891 572 1944 significet
595 1893 1007 1935 manifestationem
1031 1894 1212 1948 Ipsius
1201 1908 1245 1935 1n
1267 1894 1448 1945 Verb03
1480 1901 1527 1936 et
1550 1895 1694 1935 mani-

199 1952 393 1995 ·sestatio
423 1954 568 2008 Ipsius
598 1956 643 1996 in
674 1955 830 1997 Verbo
860 1955 978 1997 facta
1014 1963 1084 1998 est
1120 1971 1200 2010 per
1235 1957 1355 2011 quod
1391 1958 1614 2010 aperuerit
1645 1963 1693 1998 et

201 2015 473 2058 revelaverit
494 2031 678 2059 sensum
699 2019 926 2060 internum
952 2033 1031 2060 seu
1052 2019 1331 2073 spiritualem
1355 2019 1511 2068 Verbi,
1534 2020 1579 2060 in
1604 2020 1691 2060 hoc

200 2078 328 2119 enim
353 2092 488 2120 sensu
511 2087 581 2121 est
609 2081 753 2152 ipsum
780 2081 992 2122 Divinum
1018 2081 1191 2122 Verum
1215 2082 1348 2136 quale
1373 2089 1445 2123 est
1475 2083 1520 2123 in
1546 2082 1690 2130 caelo,

199 2153 260 2182 -ac
291 2141 504 2183 Divinum
530 2142 702 2184 Verum
732 2144 776 2184 in
802 2143 931 2184 caelo
956 2150 1027 2185 est
1059 2144 1162 2198 Ipse
1189 2144 1411 2186 Dominus
1442 2145 1514 2186 ibi.
1576 2145 1689 2186 Inde

206 2216 324 2245 nunc
349 2210 480 2257 patet
505 2206 624 2259 quod
650 2219 729 2259 per
755 2206 1044 2247 “adventum
1070 2206 1256 2247 Domini
1287 2208 1331 2247 in
1357 2207 1547 2248 nubibus
1572 2207 1687 2248 caeli

208 2279 309 2308 cum
335 2265 510 2320 gloria’'
535 2267 812 2321 significetur
838 2268 983 2322 Ipsius
1013 2269 1233 2310 revelatio
1262 2271 1308 2310 in
1338 2284 1473 2311 sensu
1504 2270 1687 2312 litterae

196 2328 351 2370 verbi
379 2342 440 2370 ex
471 2343 606 2370 sensu
636 2330 855 2384 spirituali
886 2331 1004 2383 ejus;
1044 2332 1224 2373 “nubes
1254 2333 1399 2374 caeli”
1429 2332 1688 2386 significant

206 2388 287 2433 illa
317 2404 432 2445 quae
462 2399 567 2433 sunt
598 2406 756 2434 sensus
788 2393 983 2442 litterae,
1015 2400 1063 2434 et
1097 2394 1309 2448 “gloria’'
1334 2395 1414 2436 illa
1442 2410 1556 2450 quae
1587 2402 1694 2436 sunt
1748 2395 1757 2405 '

206 2464 365 2492 sensus
394 2452 641 2504 spiritualis
671 2464 831 2500 (vidoemr
849 2465 881 2493 in
896 2474 994 2502 opere
1014 2465 1065 2494 De
1081 2466 1174 2495 Caelo
1186 2470 1217 2495 et
1234 2467 1371 2505 lnfemo.
1387 2476 1419 2497 n.
1436 2468 1483 2505 1),
1510 2469 1562 2497 ac
1594 2457 1695 2509 ipsa

207 2510 430 2552 revelatio
459 2524 620 2552 sensus
649 2513 895 2566 spiritualis
925 2525 972 2562 (in
991 2525 1149 2562 opuseu10
1171 2527 1223 2555 De
1241 2527 1334 2564 Equo
1351 2527 1473 2566 Aaou
1511 2516 1693 2556 “Filius
1734 2528 1738 2531 ·

94 2591 107 2601 »
141 2610 145 2612 ,
206 2569 434 2611 hominis”
462 2572 600 2612 etiam
630 2572 856 2625 significat
887 2573 1135 2614 Dominum
1164 2575 1315 2628 quoad
1350 2576 1564 2616 Divinum
1597 2576 1694 2616 Ve-

207 2640 305 2671 rum
327 2630 619 2682 (utsupra‚n.63.
640 2641 747 2684 151).
805 2632 941 2684 Quod
974 2633 1190 2674 “nubes‘’
1218 2634 1445 2687 significet
1477 2635 1692 2677 Divinum

201 2688 378 2731 ‘Verum
399 2692 444 2732 in
465 2692 647 2740 ultimis,
667 2692 853 2746 proinde
877 2692 1080 2734 Verbum
1101 2695 1145 2734 in
1170 2708 1303 2736 sensu
1326 2695 1520 2743 litterae,
1545 2697 1692 2738 adhuc

209 2765 269 2794 ex
293 2755 586 2808 sequentibus
612 2754 723 2796 locis
749 2762 960 2796 constare
986 2763 1141 2810 potest
1158 2757 1367 2812 z—Apud
1392 2758 1597 2808 Esaiam,

274 2841 394 2874 “Ecce
408 2841 571 2884 Jehovah
588 2844 753 2884 equitans
773 2854 881 2884 super
900 2845 994 2876 nube
1013 2845 1095 2883 levi,
1113 2852 1148 2877 et
1167 2846 1267 2878 venit
1286 2847 1323 2878 in
1344 2848 1447 2888 Aeg)
1450 2855 1572 2888 ptum:
1596 2850 1692 2881 unde

382 2894 654 2918 commoventur
670 2887 766 2918 idola
779 2888 937 2928 Aegypti
953 2898 1074 2920 coram
1095 2888 1189 2929 1,pso
1203 2897 1238 2921 et
1254 2900 1316 2922 cor
1333 2889 1472 2932 1¹¹Aegy
1477 2893 1539 2932 ptii
1557 2893 1693 2934 liquefit

381 2928 419 2960 in
436 2929 554 2960 medio
571 2929 667 2970 ejus
671 2930 778 2970 ’(xix.
800 2932 852 2970 1):
