1962 3334
543 283 649 316 CAP.
673 284 755 324 x1.,
778 282 916 315 VERs.
945 282 1114 327 19.—N.
1137 272 1297 327 700[c],
1447 267 1449 269 ’
1559 273 1666 325 1879

242 394 398 437 Joschua
416 402 451 428 et
467 406 592 428 omnes
609 396 670 428 filii
691 395 834 427 Israelis
853 396 1055 427 “venerunt
1073 395 1119 426 ad
1134 395 1327 437 Jordanem
1345 404 1456 435 usque
1471 403 1479 431 ;
1504 400 1539 425 et
1555 404 1578 424 a
1595 393 1664 425 fine

351 441 457 471 trium
481 441 634 471 dierum.
647 465 656 471 .
669 464 676 471 .
692 439 959 479 ‚praecipiebat.
974 438 1154 480 .Joschua,
1177 439 1337 476 dicendo,
1363 438 1481 479 Quum
1505 437 1665 468 videritis

351 493 468 515 arcam
484 483 639 514 foederis
657 482 831 524 Jehovae.
846 507 854 514 .
867 507 891 520 .‚
910 489 946 514 et
968 482 1170 513 sacerdotes
1189 481 1331 512 Levitas
1352 486 1536 521 portantes
1555 481 1664 518 illam,

353 537 416 558 vos
432 527 540 558 etiarn
557 526 827 566 proficiscemini
846 536 866 557 e
885 526 965 556 loco
982 532 1112 563 vestro,
1127 531 1163 556 et
1178 525 1273 556 ibitis
1287 531 1368 564 post
1381 534 1461 555 eam
1476 534 1483 561 ;
1508 525 1571 555 sed
1584 534 1665 564 spa-

351 571 440 601 tium
457 570 523 601 erit
536 570 628 601 inter
640 579 705 600 vos
717 576 752 600 et
764 570 857 601 inter
865 579 944 600 eam
956 570 1056 609 quasi
1070 569 1124 599 bis
1138 569 1234 599 mille
1247 568 1410 599 ulnarum
1427 577 1434 603 ;
1454 577 1527 598 non
1538 577 1665 607 appro-

351 613 567 654 pinquabitis
577 614 622 645 ad
634 612 749 644 eam.”
757 638 765 644 .
780 638 787 644 .
801 637 808 644 .
823 637 830 644 .
841 612 884 644 Et
897 613 1100 643 sacerdotes
1112 613 1131 626 “
1140 612 1359 643 sustulerunt
1370 621 1487 642 arcam
1498 611 1663 648 foederis,

351 664 388 688 et
403 657 543 688 iverunt
552 666 671 688 coram
684 656 816 696 populo
831 655 862 692 ;”
878 662 913 687 et
925 656 1013 687 dixit
1029 655 1194 697 Joschua,
1208 657 1227 669 ‘⁴
1237 655 1354 695 Quum
1367 654 1536 686 veneritis
1554 664 1665 695 usque

351 701 397 732 ad
420 700 679 732 extremitatem
702 709 873 740 aquarum
897 699 1075 740 Jordanis,
1096 699 1131 730 in
1156 698 1314 740 Jordane
1338 697 1574 729 subsistetis.”
1621 697 1666 729 Et

351 744 439 775 dixit
455 744 500 775 ad
520 744 700 784 populum,
713 745 732 757 ‘⁴
743 743 832 774 Ecce
848 753 930 774 arca
942 742 1097 774 foederis
1112 742 1258 773 Domini
1273 742 1382 773 totius
1396 748 1521 778 terrae,
1536 741 1666 772 transi-

352 797 417 818 ens
434 797 554 818 coram
575 787 678 818 vobis
697 787 732 817 in
752 786 957 828 Jordanem,
975 793 1010 817 et
1029 786 1159 817 sumite
1175 786 1278 817 vobis
1297 785 1484 816 duodecim
1504 785 1601 816 viros
1620 785 1665 815 de

351 831 512 862 tribubus
533 830 675 861 Israelis
690 839 714 867 ;.
727 854 736 862 .
749 854 757 862 .
771 836 822 862 ,et
841 830 984 870 quando
1008 829 1208 870 quieverint
1227 829 1370 869 plantae
1394 828 1524 868 pedum
1549 837 1665 860 sacer-

351 874 473 904 dotum
498 874 714 913 portantium
737 883 855 904 arcam
875 872 1034 914 Jehovae
1059 873 1205 904 Domini
1229 873 1338 903 totius
1362 879 1478 903 terrae
1501 872 1537 902 in
1563 872 1664 912 aquis

350 916 528 958 Jordanis,
545 927 657 957 aquae
675 916 842 958 Jordanis
861 917 1122 954 exscindentur,
1140 922 1176 947 et
1194 926 1307 956 aquae
1326 915 1587 946 descendentes
1606 915 1666 946 de-

350 969 457 1001 super
469 961 666 991 consistent
681 960 822 991 cumulo
838 970 911 991 uno
924 970 932 991 :
957 966 992 991 et
1008 958 1142 990 factum
1159 966 1223 997 est,
1237 969 1315 990 cum
1328 959 1346 970 ”
1360 959 1563 990 sacerdotes
1578 960 1596 972 “
1606 968 1665 989 ve-

350 1010 480 1035 nerunt
498 1004 543 1034 ad
561 1003 765 1044 Jordanem,
785 1010 821 1034 et
845 1003 953 1043 pedes
977 1004 1202 1034 sacerdotum
1224 1003 1443 1042 portantium
1468 1012 1586 1033 arcam
1612 1002 1666 1032 in·

350 1045 452 1078 tincti
469 1054 591 1078 essent
606 1047 642 1078 in
659 1047 882 1078 extremitate
894 1056 1075 1087 aquarum,
1090 1053 1125 1077 et
1136 1046 1272 1088 Jordan
1286 1047 1413 1086 plenus
1430 1052 1515 1083 erat,
1530 1052 1568 1076 ut
1584 1055 1665 1076 esse

350 1091 720 1122 solebat...omnibus
747 1091 872 1121 diebus
900 1091 1037 1126 messis,
1062 1096 1237 1121 steterunt
1263 1099 1376 1130 aquae
1403 1090 1664 1120 descendentes

351 1134 503 1174 desuper
518 1134 659 1165 cumulo
676 1144 757 1171 uno,
774 1134 979 1173 elongando
996 1143 1034 1165 se
1050 1133 1155 1164 valde
1171 1134 1216 1164 ab
1232 1133 1348 1164 Adam
1366 1134 1479 1169 urbe..
1494 1157 1501 1164 .
1515 1157 1523 1164 .
1538 1138 1589 1164 ,et
1604 1132 1666 1163 de-

352 1178 564 1208 scendentes
588 1187 694 1217 super
717 1187 814 1208 mare
838 1177 1006 1217 planitiei,
1031 1187 1128 1207 mare
1152 1176 1248 1214 salis,
1269 1183 1501 1216 consumptae
1525 1176 1665 1207 excisae

350 1227 444 1258 sunt,
462 1221 510 1252 ita
525 1227 564 1252 ut
580 1221 731 1261 populus
747 1221 897 1252 transire
914 1227 1037 1260 posset
1053 1230 1179 1251 versus
1195 1220 1449 1261 Jericbuntem.
1496 1219 1541 1250 Et
1558 1226 1667 1250 stete-

350 1270 432 1295 runt
456 1264 673 1296 sacerdotes.
687 1289 695 1295 .
709 1289 717 1296 .
731 1264 782 1296 ‚in
806 1264 899 1295 sicco
923 1264 959 1295 in
984 1264 1102 1295 medio
1120 1263 1297 1305 Jordanis,
1307 1288 1314 1295 .
1329 1288 1336 1295 .
1350 1288 1358 1295 .
1372 1270 1423 1295 ‚et
1447 1263 1635 1294 universus
1646 1262 1665 1274 ’⁹

349 1308 503 1348 populus
521 1307 713 1338 “transivit
729 1307 764 1338 in
784 1308 887 1338 sicco.
919 1332 926 1339 .
941 1332 948 1338 .
963 1332 970 1338 .
984 1307 1093 1339 ‚Dein
1113 1308 1201 1338 dixit
1217 1307 1380 1348 Jehovah
1398 1307 1442 1338 ad
1459 1306 1664 1348 Joschuam,

350 1351 509 1391 Accipite
528 1352 646 1383 vobis.
660 1376 668 1382 .
682 1351 883 1382 ,duodecim
907 1351 1014 1388 viros,
1033 1361 1160 1382 unum.
1175 1351 1234 1382 ‚de
1259 1351 1361 1387 tribu,
1382 1357 1432 1381 et.
1447 1375 1454 1381 .
1468 1375 1476 1381 .
1491 1350 1621 1381 .tollite
1645 1360 1665 1381 e

349 1395 468 1425 medio
486 1394 653 1436 Jordanis
673 1395 716 1426 de
736 1395 891 1426 statione
915 1395 1044 1435 pedum
1064 1395 1287 1426 sacerdotum
1308 1394 1495 1425 duodecim
1516 1393 1664 1433 lapides,

350 1447 439 1478 quos
463 1438 685 1469 transferetis
709 1438 903 1475 vobiscum,
928 1445 963 1469 et
987 1438 1193 1478 relinquetis
1218 1438 1254 1468 in
1278 1438 1357 1468 loco
1382 1435 1665 1476 pernoctationis

355 1506 364 1513 .
377 1506 386 1512 .
399 1506 407 1512 .
421 1492 447 1512 .:
476 1481 636 1512 fecerunt
655 1482 706 1512 sic
730 1481 792 1512 filii
814 1481 966 1519 Israelis,
987 1487 1022 1512 et
1041 1482 1261 1512 sustulerunt
1279 1481 1467 1512 duodecim
1487 1480 1624 1520 lapides
1644 1490 1664 1511 e

350 1525 467 1556 medio
484 1524 667 1566 Jordanis.
682 1550 690 1556 .
703 1550 711 1556 .
725 1525 840 1565 ‚juxta
859 1534 1045 1555 numerum
1070 1525 1224 1556 tribuum
1248 1524 1399 1561 Israelis,
1419 1530 1454 1555 et
1475 1524 1666 1555 transtule-

350 1575 431 1599 runt
458 1578 520 1599 eos
548 1569 584 1599 in
610 1568 726 1599 locum
753 1567 1046 1608 permetationis.
1086 1568 1270 1600 ....Tunc
1296 1575 1484 1608 postquam
1511 1567 1667 1599 absolvit

348 1612 537 1643 universus
561 1612 711 1651 populus
737 1612 897 1649 transire,
915 1612 1090 1642 transibat
1113 1621 1195 1642 arca
1219 1611 1377 1652 Jehovae
1401 1617 1436 1642 et
1460 1611 1665 1642 sacerdotes

356 1678 365 1685 .
379 1679 387 1685 .
400 1679 408 1686 .
423 1666 448 1686 .:
474 1661 510 1686 et
525 1653 658 1685 fanum
676 1662 731 1686 est
743 1665 822 1686 cum
836 1655 1062 1686 ascenderint
1075 1655 1305 1692 sacerdotes„
1321 1679 1328 1686 .
1342 1679 1349 1685 .
1365 1661 1414 1685 ,et
1427 1654 1667 1685 avellerentur

350 1698 492 1738 plantae
516 1699 644 1738 pedum
657 1698 675 1709 ”
694 1699 850 1730 illorum.
864 1723 872 1730 .
887 1723 910 1735 .,
932 1699 1139 1729 “redierunt
1167 1708 1278 1738 aquae
1297 1697 1465 1739 Jordanis
1485 1698 1522 1728 in
1546 1697 1664 1728 locum

351 1751 465 1772 suum.
495 1766 503 1773 .
518 1766 525 1773 .
539 1766 546 1773 .
561 1766 568 1773 .
579 1741 622 1772 Et
639 1741 794 1782 Joschua
810 1742 996 1772 duodecim
1014 1742 1159 1781 lapides,
1174 1751 1263 1782 quos
1281 1747 1510 1781 sumpserunt
1527 1751 1571 1772 ex
1586 1740 1667 1782 Jor-

351 1784 454 1822 dane,
470 1785 583 1816 erexit
600 1785 635 1816 in
654 1784 792 1825 Gilgale
806 1785 823 1796 ''
847 1785 939 1827 (Jos.
958 1785 1003 1816 iii.
1025 1793 1128 1823 1-17;
1152 1795 1226 1825 cap.
1244 1785 1289 1816 iv.
1309 1785 1417 1824 1-20).

177 1907 342 1949 Omnia
362 1908 577 1950 historica
594 1909 748 1958 Verbi,
768 1924 909 1963 aeque
931 1923 982 1951 ac
1006 1909 1274 1963 prophetica
1298 1910 1405 1963 ejus,
1424 1911 1666 1952 continent

178 1984 359 2012 sensum
386 1972 679 2024 spiritualem,
706 1974 750 2013 in
782 1987 870 2026 quo
902 1986 992 2013 non
1023 1974 1173 2025 agitur
1203 1973 1259 2013 de
1290 1972 1390 2013 filiis
1417 1973 1595 2014 Israelis
1620 1981 1667 2015 et

177 2034 234 2074 de
259 2034 473 2087 gentibus
498 2048 550 2075 ac
577 2035 767 2088 populis,
796 2036 874 2075 sed
906 2036 963 2076 de
989 2035 1181 2076 ecclesia
1212 2042 1258 2076 et
1290 2036 1346 2076 de
1377 2035 1469 2088 ejus
1495 2037 1667 2077 instau-

176 2097 352 2136 ratione
378 2103 425 2137 et
451 2099 793 2150 progressione;
832 2111 935 2138 nam
968 2098 1054 2138 hoc
1081 2098 1311 2151 spirituale
1337 2098 1478 2139 Verbi
1509 2106 1594 2148 est,
1622 2106 1668 2140 et

176 2159 441 2200 historicum
465 2167 534 2200 est
558 2160 764 2201 naturale
786 2162 1026 2201 continens
1049 2161 1293 2213 spirituale.
1355 2161 1465 2202 Inde
1491 2176 1668 2216 quoque

177 2222 329 2262 omnia
359 2222 574 2263 miracula
605 2237 718 2276 quae
750 2224 794 2263 in
826 2223 981 2263 Verbo
1013 2223 1339 2271 describuntur,
1374 2231 1422 2264 ut
1454 2225 1669 2266 miracula

176 2284 224 2324 in
255 2284 478 2338 Aegypto
508 2292 556 2326 et
590 2292 752 2339 postea
788 2287 832 2326 in
870 2293 990 2326 terra
1021 2285 1234 2327 Canaane
1264 2285 1395 2334 sacta,
1429 2287 1667 2330 involvunt

177 2346 288 2388 talia
311 2361 426 2401 quae
457 2348 571 2389 caeli
602 2355 648 2389 et
679 2349 899 2389 ecclesiae
931 2355 1065 2399 sunt;
1104 2363 1182 2402 per
1213 2350 1256 2390 id
1288 2351 1426 2390 etiam
1453 2352 1668 2393 miracula

176 2409 255 2450 illa
291 2417 395 2450 sunt
434 2410 609 2451 Divina.
673 2412 755 2452 Per
791 2411 877 2452 hoc
916 2412 1178 2452 miraculum
1215 2412 1493 2465 significatur
1523 2415 1667 2455 intro-

174 2471 326 2514 ductio
355 2473 552 2514 fidelium
583 2475 626 2514 in
656 2474 913 2523 ecclesiam,
942 2481 987 2515 et
1020 2488 1098 2528 per
1130 2475 1368 2516 ecclesiam
1397 2477 1441 2516 in
1473 2477 1663 2518 caelum.

175 2535 258 2576 Per
296 2535 447 2577 “filios
488 2536 698 2577 Israelis'’
735 2537 794 2577 ibi
835 2538 879 2577 in
921 2551 1054 2577 sensu
1091 2538 1310 2591 spirituali
1347 2539 1667 2591 intelliguntur

174 2597 344 2647 fideles,
371 2599 444 2651 qui
475 2605 717 2652 postquam
744 2600 1028 2640 tentationes
1054 2601 1173 2653 passi
1204 2608 1323 2650 sunt,
1352 2615 1466 2655 quae
1495 2601 1665 2654 signifi-

174 2666 334 2701 cantur
364 2674 442 2713 per
470 2665 682 2702 “errores
714 2661 890 2702 illorum
923 2663 967 2702 in
999 2662 1222 2711 deserto‚”
1247 2664 1596 2706 introducuntur
1621 2667 1666 2706 in

174 2722 439 2773 ecclesiam;
475 2737 554 2776 per
581 2728 787 2765 “terram
800 2724 819 2739 ''
845 2726 966 2765 enim
992 2724 1330 2773 “Canaanem,''
1357 2728 1400 2767 in
1428 2742 1561 2781 quam
1589 2727 1664 2769 filii

175 2785 354 2826 Israelis
379 2784 622 2827 introducti
648 2794 767 2835 sunt,
792 2787 1070 2840 significatur
1095 2788 1313 2840 ecclesia;
1348 2797 1393 2831 et
1421 2805 1499 2843 per
1523 2791 1663 2843 “Jor-

178 2847 374 2888 danem”
413 2848 690 2902 significatur
730 2851 896 2904 primus
941 2851 1169 2904 ingressus
1214 2853 1257 2892 in
1303 2853 1456 2902 illam;
1496 2860 1542 2893 et
1587 2866 1665 2906 per

178 2914 355 2964 “aquas
393 2911 633 2964 Jordanis’'
669 2912 980 2966 significantur
1017 2928 1123 2956 vera
1162 2916 1511 2965 introducentia,
1551 2929 1665 2969 quae
