1962 3334
0 146 27 371 ἓ
206 340 222 357 .
574 299 681 332 CAP.
703 298 786 339 lx„
809 297 949 330 VERs.
977 297 1147 340 14.-N.
1173 286 1338 342 569[a].
1441 286 1448 291 ’
1595 298 1696 339 1421

213 411 430 452 sentabat
455 410 854 463 regenerationem
883 408 1095 457 hominis,
1121 421 1202 461 per
1230 419 1366 460 quam
1397 406 1536 447 homo
1566 413 1700 447 natu-

213 473 320 514 ralis
349 473 654 513 introducitur
683 472 727 512 in
758 471 1016 520 ecclesiam,
1047 476 1095 510 et
1125 469 1174 510 fit
1205 469 1468 522 spiritualis.
1526 468 1602 508 Ex
1633 469 1702 508 his

211 541 426 576 constare
456 540 612 588 potest
646 534 753 587 quid
789 540 882 574 tres
915 533 981 573 illi
1010 532 1131 573 fluvii
1165 532 1210 572 in
1242 531 1400 572 Verbo
1429 530 1701 584 significant.

213 596 381 637 Omnia
410 598 550 638 etiam
579 596 659 636 illa
693 610 807 649 quae
843 601 979 636 extra
1009 601 1178 635 terram
1211 593 1475 634 Canaanem
1505 592 1700 639 suerunt,

213 658 533 711 significabant
571 658 683 699 talia
721 671 837 711 quae
875 664 982 698 sunt
1020 656 1243 697 naturalis
1274 655 1498 706 hominis;
1541 661 1590 695 at
1624 654 1704 694 illa

212 736 328 775 quae
353 723 472 762 intra
493 728 660 762 terram
682 720 947 762 Canaanem
968 718 1290 773 significabant
1316 718 1429 758 talia
1453 731 1570 771 quae
1595 724 1702 757 sunt

212 784 475 838 spiritualis,
506 785 570 824 ita
603 797 719 836 quae
754 789 861 823 sunt
891 782 1009 823 caeli
1043 788 1091 822 et
1121 781 1360 822 ecclesiae.
1418 780 1520 820 Bini
1548 781 1702 833 itaque

212 846 347 894 fluvii,
385 859 550 899 nempe
588 845 783 886 “fluvius
822 843 1065 898 Aegypti”
1103 857 1183 884 seu
1222 843 1371 891 Nilus,
1409 856 1462 883 ac
1505 842 1703 882 “fluvius

212 909 432 961 Assyriae
445 909 465 923 '¹
490 922 568 949 seu
594 907 872 961 Euphrates,
898 906 1222 960 significabant
1248 906 1599 946 terminationes
1623 918 1700 945 ec-

214 970 396 1019 clesiae,
419 978 466 1011 et
486 984 665 1024 quoque
690 968 1054 1010 introductiones
1075 970 1118 1009 in
1141 968 1400 1009 ecclesiam.
1459 967 1701 1021 Cognitio-

213 1046 294 1073 nes
329 1034 483 1081 etiam,
515 1040 562 1074 et
596 1033 830 1080 scientiae,
867 1045 982 1085 quae
1017 1030 1332 1084 significantur
1366 1044 1446 1084 per
1483 1030 1703 1070 “fluvium

213 1095 463 1148 Aegypti,’'
487 1095 800 1142 introducunt,
827 1107 932 1135 nam
967 1095 1136 1148 absque
1166 1093 1509 1146 cognitionibus
1539 1099 1586 1133 et
1615 1093 1702 1133 sci-

213 1158 348 1198 entiis
373 1170 464 1198 non
495 1163 651 1210 potest
681 1157 840 1210 aliquis
870 1157 1099 1197 introduci
1128 1157 1171 1196 in
1203 1156 1461 1205 ecclesiam,
1488 1169 1571 1196 nec
1597 1162 1702 1209 pot-

210 1225 284 1259 est
321 1220 555 1272 percipere
597 1219 677 1259 illa
719 1232 834 1272 quae
872 1218 1095 1259 ecclesiae
1131 1225 1267 1269 sunt;
1312 1231 1418 1258 nam
1456 1218 1703 1271 spiritualis

213 1281 353 1322 homo
391 1295 471 1334 per
508 1281 783 1322 rationalem
821 1282 948 1321 videt
986 1281 1239 1334 spiritualia
1277 1294 1358 1321 sua
1396 1281 1441 1321 in
1484 1281 1702 1328 scientiis,

212 1345 327 1385 sicut
357 1344 497 1384 homo
527 1357 575 1384 se
606 1344 650 1384 in
675 1343 879 1397 speculo,
906 1350 953 1384 et
982 1344 1027 1384 in
1057 1343 1146 1383 illis
1172 1343 1385 1396 agnoscit
1411 1357 1474 1392 se,
1501 1343 1587 1383 hoc
1614 1349 1700 1390 est,

213 1419 293 1447 sua
316 1420 424 1447 vera
453 1413 500 1447 et
530 1406 679 1456 bona;
716 1412 899 1459 praeter
927 1406 1050 1459 quod
1074 1405 1314 1447 confirmet
1345 1419 1426 1446 sua
1450 1405 1703 1458 spiritualia

213 1482 293 1522 per
321 1469 610 1521 cognitiones
640 1474 687 1509 et
718 1467 982 1517 scientifica,
1014 1475 1111 1508 tam
1141 1482 1256 1521 quae
1287 1482 1347 1508 ex
1378 1467 1536 1509 Verbo
1566 1481 1703 1521 quam

213 1544 329 1584 quae
353 1544 413 1571 ex
439 1531 609 1571 mundo
634 1531 774 1571 novit.
835 1530 1095 1571 ‘fFluvius''
1117 1537 1271 1570 autem
1299 1530 1601 1582 “Assyriae,’‘
1623 1544 1700 1571 seu

214 1591 490 1645 Euphrates,
514 1591 801 1645 significabat
823 1592 1065 1640 rationale,
1088 1593 1192 1645 quia
1214 1592 1353 1632 homo
1375 1606 1454 1645 per
1476 1592 1703 1632 rationale

213 1655 516 1695 introducitur
540 1655 585 1694 in
610 1655 883 1695 ecclesiam:
922 1668 1001 1707 per
1026 1654 1251 1695 rationale
1276 1655 1551 1707 intelligitur
1575 1656 1701 1708 cogi-

213 1717 330 1757 tatio
351 1717 570 1757 naturalis
592 1717 787 1757 hominis
813 1730 872 1756 ex
898 1717 1239 1769 cognitionibus
1265 1723 1311 1757 et
1334 1717 1563 1767 scientiis;
1596 1730 1702 1757 nam

213 1779 354 1819 homo
379 1779 453 1832 qui
478 1779 678 1819 imbutus
703 1785 774 1819 est
801 1779 1003 1819 scientiis
1028 1785 1184 1831 potest
1215 1792 1286 1818 res
1316 1779 1361 1818 in
1391 1780 1506 1819 serie
1531 1779 1700 1827 videre,

213 1854 240 1881 a
277 1841 432 1894 primis
470 1847 516 1881 et
560 1841 718 1881 mediis
761 1841 986 1888 ultimum,
1018 1841 1140 1894 quod
1176 1847 1368 1881 vocatur
1405 1841 1701 1892 conclusum;

213 1903 405 1956 proinde
427 1903 658 1958 analytice
676 1903 933 1956 disponere,
952 1916 1147 1951 versare,
1166 1916 1391 1955 separare,
1409 1903 1701 1956 conjungere,

213 1971 261 2005 et
291 1965 478 2005 tandem
509 1964 782 2005 concludere
814 1978 900 2013 res,
932 1978 1072 2017 usque
1103 1965 1160 2004 ad
1190 1964 1326 2005 finem
1357 1965 1622 2006 ulteriorem
1654 1973 1701 2007 et

213 2027 403 2067 tandem
427 2027 484 2067 ad
510 2027 732 2074 ultimum,
761 2027 835 2080 qui
860 2033 931 2067 est
957 2040 1062 2067 usus
1084 2039 1218 2079 quem
1244 2033 1367 2067 amat
1388 2040 1397 2066 ε
1435 2027 1521 2068 hoc
1545 2028 1699 2081 itaque

213 2094 285 2129 est
309 2088 547 2136 rationale,
570 2089 691 2142 quod
718 2080 937 2128 unicuivis
961 2088 1134 2128 homini
1158 2089 1295 2129 datur
1320 2089 1570 2129 secundum
1597 2104 1702 2130 usus

213 2151 289 2204 qui
309 2157 414 2191 sunt
435 2150 546 2191 fines
567 2165 679 2204 quos
701 2157 839 2191 amat.
899 2150 1016 2203 Quia
1039 2151 1266 2191 rationale
1289 2151 1429 2191 cuivis
1451 2153 1701 2192 secundum
1756 2185 1758 2187 .

214 2226 320 2253 usus
356 2214 431 2267 qui
470 2219 575 2254 sunt
614 2214 780 2254 amoris
819 2212 883 2261 fit,
925 2213 1027 2253 ideo
1063 2213 1107 2253 id
1146 2220 1216 2253 est
1255 2214 1478 2267 cogitatio
1514 2215 1703 2255 interior

214 2275 432 2315 naturalis
453 2275 650 2316 hominis
672 2290 731 2316 ex
758 2275 929 2315 influxu
956 2275 1068 2315 lucis
1091 2276 1232 2326 caeli;
1263 2283 1310 2316 et
1335 2277 1439 2329 quia
1462 2276 1601 2317 homo
1623 2291 1702 2330 per

214 2338 544 2389 cogitationem
566 2338 838 2378 rationalem
860 2337 1164 2378 introducitur
1189 2339 1233 2378 in
1255 2339 1587 2392 cogitationem
1610 2341 1700 2392 spi-

213 2399 438 2448 ritualem,
466 2406 512 2440 et
543 2399 592 2441 fit
622 2400 831 2448 ecclesia,
862 2400 965 2440 ideo
995 2413 1075 2453 per
1104 2400 1229 2440 illum
1261 2400 1442 2441 fluvium
1473 2402 1701 2454 significa-

214 2467 287 2502 tur
316 2461 560 2503 [¹¹na'turale
591 2463 900 2503 introducens.
958 2462 1101 2502 Aliud
1131 2470 1201 2503 est
1233 2463 1470 2504 rationalis
1508 2478 1622 2511 esse,
1654 2471 1701 2504 et

213 2523 335 2564 aliud
369 2525 615 2577 spiritualis
650 2539 776 2575 esse;
818 2525 965 2565 omnis
999 2524 1138 2565 homo
1174 2526 1419 2578 spiritualis
1454 2533 1524 2567 est
1559 2528 1699 2568 etiam

213 2586 463 2634 rationalis,
486 2587 566 2627 sed
592 2587 730 2627 homo
752 2586 987 2627 rationalis
1012 2600 1102 2627 non
1125 2601 1305 2641 semper
1328 2595 1398 2629 est
1424 2589 1669 2641 spiritualis
1690 2604 1698 2638 ;

214 2660 352 2688 causa
381 2655 451 2689 est
481 2650 584 2702 quia
613 2649 836 2690 rationale
867 2656 938 2689 est
968 2650 1011 2689 in
1042 2650 1235 2690 naturali
1266 2650 1464 2699 homine,
1492 2651 1578 2691 hoc
1610 2659 1697 2698 est,

214 2711 438 2763 cogitatio
473 2711 594 2764 ejus;
636 2718 683 2752 at
717 2711 952 2764 spirituale
988 2718 1058 2752 est
1095 2725 1228 2765 supra
1260 2713 1499 2761 rationale,
1532 2726 1583 2753 ac
1622 2727 1701 2766 per

214 2773 437 2814 rationale
459 2775 623 2814 transit
649 2774 692 2814 in
719 2773 927 2814 naturale
952 2774 995 2814 in
1021 2773 1115 2826 ejus
1141 2775 1386 2815 memoriae
1409 2776 1699 2828 cognitiones

215 2842 261 2875 et
282 2834 542 2876 scientifica.
601 2835 667 2876 At
690 2836 924 2876 sciendum
949 2842 1020 2876 est
1044 2837 1164 2890 quod
1189 2837 1414 2877 rationale
1437 2850 1526 2877 non
1554 2838 1698 2877 intro-

216 2897 352 2939 ducat
382 2898 578 2951 aliquem
610 2899 652 2938 in
684 2898 931 2951 spirituale,
963 2899 1042 2939 sed
1073 2900 1192 2952 quod
1224 2900 1361 2940 modo
1392 2900 1568 2940 dicatur
1598 2901 1702 2953 quia
