1962 3334
272 330 376 374 1452
680 331 1014 366 APOCALYPSIS
1046 334 1346 366 EXPLICATA.

265 443 386 484 bona
412 457 592 497 prorsus
619 444 871 486 destruunt.
934 445 1152 488 Similiter
1183 447 1301 500 apud
1329 446 1534 496 Hiobnm,

398 535 620 576 “Spargetur
640 545 749 576 super
768 536 1058 568 habitationem'’
1079 537 1181 578 impii
1203 538 1379 578 “sulphur
1389 537 1406 548 ’'
1427 536 1536 577 (xviii.
1557 538 1628 577 15);

265 637 346 677 per
370 627 394 644 “
412 623 628 677 sulphur”
651 624 770 664 enirn
796 624 889 665 tale
915 624 1076 665 falsum
1104 625 1210 666 mali
1236 624 1510 678 intelligitur
1534 624 1654 679 quod
1682 625 1761 666 de-

267 687 400 728 struit
428 700 562 727 omne
585 687 806 728 ecclesiae
834 688 952 741 apud
984 687 1230 736 hominem,
1259 689 1379 742 quod
1412 694 1481 729 est
1514 688 1676 729 falsum
1703 702 1762 730 ex

269 750 391 791 malo
418 751 583 790 amoris
610 751 690 798 sui,
719 750 853 804 quale
880 751 960 791 suit
988 751 1074 792 illis
1101 752 1174 805 qui
1201 752 1244 792 in
1272 751 1472 793 Sodoma
1499 758 1545 792 et
1572 751 1760 800 Amora,

271 814 327 854 de
354 827 442 867 quo
469 814 646 862 dicitur,

342 902 447 944 Quod
466 912 538 933 non
561 902 670 934 modo
689 903 860 934 everterit
876 904 983 935 urbes
1005 910 1040 935 et
1059 903 1293 941 habitatores,
1312 903 1376 935 sed
1396 904 1506 935 etiam
1525 903 1712 944 planitiem
1729 907 1763 934 et

439 955 589 986 germen
608 946 684 986 agri
703 946 799 985 (Gen.
817 947 886 978 xix.
906 948 980 986 25):

271 1036 495 1085 “germen
534 1033 629 1086 agri
645 1033 664 1048 ”
701 1032 929 1086 significat
966 1046 1121 1074 verum
1164 1033 1385 1075 ecclesiae
1427 1047 1633 1075 nascens.
1696 1032 1764 1076 Si·

269 1095 392 1136 milia
410 1109 488 1148 per
505 1099 529 1115 ‘⁴
543 1096 696 1148 ignem
708 1095 727 1110 ‘’
742 1103 788 1137 et
807 1099 830 1116 “
845 1096 1032 1149 sulphur
1046 1096 1065 1111 '’
1081 1095 1394 1150 significantur
1410 1098 1454 1137 in
1473 1097 1766 1150 sequentibus

270 1158 316 1199 in
341 1158 382 1198 A
385 1158 627 1211 pocahfpsz‘,

336 1248 354 1261 “
364 1247 432 1289 Qui
443 1248 596 1299 bestiam
609 1248 744 1286 adorat,
758 1254 793 1280 et
806 1248 1002 1289 imaginem
1018 1248 1105 1289 ejus,
1115 1274 1122 1281 .
1138 1274 1144 1281 .
1159 1274 1166 1281 .
1181 1249 1412 1281 ,cruciabitur
1425 1249 1595 1290 sulphure
1606 1255 1641 1281 et
1654 1249 1766 1290 igne’'

459 1301 527 1323 xiv.
598 1300 638 1322 10
669 1302 675 1308 ·

337 1291 491 1366 “Best(ia
507 1292 891 1376 etqpsegd’opropheta.
906 1361 913 1367 .
929 1361 935 1367 .
950 1336 1132 1367 .viventes
1150 1334 1305 1376 conjecti
1323 1342 1408 1367 sunt
1428 1336 1465 1367 in
1485 1342 1655 1377 stagnum
1673 1336 1766 1377 ignis

445 1379 575 1410 ardens
592 1379 792 1419 sulphure”
811 1379 894 1418 (xix.
914 1379 992 1419 20);

337 1423 356 1436 ‘⁴
366 1421 559 1454 Diabolus.
574 1447 581 1454 .
596 1447 603 1454 .
618 1421 819 1462 „conjectus
834 1429 891 1454 est
907 1423 942 1453 in
961 1429 1129 1463 stagnum
1148 1423 1241 1463 ignis
1260 1430 1296 1454 et
1314 1423 1507 1463 sulphuris,
1522 1423 1582 1454 ubi
1599 1423 1715 1455 bestia
1731 1430 1766 1455 et
1814 1438 1816 1441 ·

446 1466 762 1506 pseudopropheta
775 1466 791 1477 '¹
812 1466 881 1504 (xx.
906 1465 958 1505 10)
973 1475 979 1503 ;

339 1510 358 1524 “
372 1509 588 1547 Homicidis,
609 1510 870 1540 scortatoribus
891 1516 927 1540 et
947 1510 1235 1541 incantatoribus
1257 1516 1292 1541 et
1317 1510 1518 1542 idololatris
1543 1516 1579 1542 et
1598 1510 1768 1542 omnibus

445 1553 677 1584 mendacibus
696 1563 777 1593 pars
796 1554 862 1584 erit
877 1553 913 1584 in
931 1559 1063 1593 stagno
1083 1554 1231 1584 ardente
1250 1554 1333 1594 igne
1351 1560 1387 1585 et
1403 1554 1575 1594 sulphure
1587 1553 1605 1565 ’¹
1623 1553 1706 1594 (xxi.
1725 1555 1768 1593 8),

350 1665 484 1710 579⁷.
515 1666 621 1704 [Vers.
640 1666 702 1704 18.]
735 1655 790 1695 “A
813 1655 943 1696 tribus
963 1655 1026 1696 his
1047 1648 1187 1696 οσοίζςα
1209 1659 1276 1696 est
1296 1656 1419 1696 tentia
1435 1670 1538 1709 pars
1556 1656 1768 1703 hominum,

271 1729 327 1756 ex
344 1716 436 1769 igne
458 1719 502 1756 et
519 1728 571 1756 ex
596 1716 704 1756 fumo
727 1719 771 1755 et
792 1729 847 1756 ex
867 1715 1060 1768 sulphure
1084 1719 1258 1756 exeunte
1282 1729 1337 1756 ex
1357 1716 1494 1756 oribus
1516 1716 1770 1756 ''Horum''—

273 1776 410 1830 Quod
453 1776 677 1830 significet
719 1777 837 1830 quod
872 1777 1013 1817 omnis
1049 1777 1292 1817 z’ntellec‘zus
1329 1777 1430 1817 veri
1463 1784 1506 1818 et
1540 1778 1640 1818 inde
1674 1778 1770 1818 vita

272 1840 528 1892 spiritualis
560 1854 615 1880 ex
645 1840 737 1880 z'llis
768 1840 989 1880 exstz'nffz'a
1019 1840 1093 1888 sit,
1128 1846 1313 1881 constat
1346 1854 1404 1881 ex
1437 1839 1768 1893 significatione

274 1904 476 1944 “tertiae
517 1904 657 1956 partis
700 1902 975 1950 hominum,’'
1014 1903 1135 1956 quod
1176 1903 1234 1943 sit
1276 1904 1423 1943 omnis
1464 1902 1770 1956 intelligentia

272 1980 350 2007 seu
381 1965 639 2008 intellectus
666 1967 773 2013 veri,
803 1972 850 2007 et
882 1966 986 2019 quia
1019 1966 1123 2007 inde
1156 1972 1225 2007 est
1252 1967 1348 2007 vita
1379 1966 1638 2020 spiritualis,
1666 1966 1769 2007 ideo

271 2030 410 2070 etiam
447 2030 559 2070 haec
599 2029 870 2079 involvitur;
913 2043 972 2070 ex
1012 2028 1346 2082 significatione
1387 2028 1612 2077 “occidi,”
1648 2029 1769 2082 quod

272 2093 331 2133 sit
355 2093 602 2146 exstingui,
628 2106 733 2133 narn
758 2105 859 2133 cum
887 2090 1146 2133 intellectus
1169 2093 1261 2133 veri
1286 2093 1607 2145 exstinguitur,
1631 2091 1770 2132 homo

271 2154 570 2206 spiritualiter
595 2154 816 2194 occiditur
842 2164 1118 2202 (videatursupra‚
1135 2173 1165 2193 n.
1185 2163 1391 2205 315[a,b]>:
1428 2153 1570 2206 (quod
1595 2154 1770 2194 “tertia

273 2213 418 2269 pars,'‘
437 2227 537 2254 cum
556 2214 612 2253 de
631 2214 763 2261 veris,
783 2214 839 2253 sit
859 2226 1009 2262 omne,
1033 2212 1205 2266 [supra]
1227 2226 1266 2253 n.
1286 2212 1367 2265 506
1385 2227 1393 2262 ;
1426 2219 1471 2253 et
1490 2213 1611 2266 quod
1629 2212 1768 2252 homo

274 2275 332 2314 sit
357 2273 619 2313 intellectus
645 2274 738 2313 veri
763 2279 809 2313 et
836 2274 1070 2326 perceptio
1096 2273 1217 2320 boni,
1246 2286 1287 2312 n.
1315 2273 1412 2320 280,
1431 2272 1551 2324 [⁸546
1568 2272 1599 2324 ;)
1638 2278 1684 2312 et
1710 2286 1769 2312 ex

272 2335 603 2388 significatione
624 2338 648 2354 “
665 2335 798 2387 ignis,
816 2334 923 2374 fumi
947 2340 992 2375 et
1012 2333 1236 2387 sulphuris
1255 2334 1526 2374 exeuntium
1542 2347 1601 2374 ex
1621 2334 1769 2374 oribus

272 2397 491 2446 illorum‚’‘
514 2398 633 2451 quod
661 2398 751 2438 sint
775 2398 981 2450 cogitata
1007 2403 1053 2438 et
1079 2397 1183 2437 inde
1209 2396 1445 2437 ratiocinia
1472 2396 1768 2436 scaturientia

273 2476 332 2501 ex
364 2474 517 2501 amore
550 2460 670 2509 mali,
700 2475 759 2500 ex
792 2474 945 2501 amore
977 2460 1090 2508 falsi,
1119 2466 1165 2500 et
1198 2474 1257 2500 ex
1289 2459 1661 2512 concupiscentia
1687 2459 1766 2499 de-

273 2522 477 2562 struendi
502 2535 610 2562 vera
639 2528 685 2562 et
712 2522 832 2561 bona
856 2535 936 2574 per
960 2521 1074 2561 falsa
1099 2520 1206 2560 mali
1231 2531 1286 2567 (de
1301 2539 1366 2567 qua
1381 2539 1456 2559 mox
1471 2539 1576 2568 supra,
1593 2539 1623 2560 n.
1643 2520 1765 2571 578):

273 2597 333 2623 ex
356 2583 424 2623 his
447 2583 587 2623 videri
610 2589 766 2635 potest
793 2583 899 2635 quid
922 2596 1000 2635 per
1026 2582 1104 2622 illa
1126 2582 1264 2622 verba
1287 2580 1578 2634 significatur.
1641 2581 1769 2622 Haec

273 2647 483 2686 dicuntur
509 2645 565 2686 de
591 2645 785 2698 “equis''
807 2646 850 2685 in
874 2646 1047 2686 visione
1069 2645 1188 2693 visis,
1213 2644 1332 2697 quod
1359 2657 1523 2697 nempe
1548 2647 1645 2684 “ex
1668 2643 1769 2684 illo-

274 2723 371 2750 rum
398 2709 548 2749 oribus
573 2709 767 2749 exiverit
794 2709 927 2761 ignis,
955 2708 1099 2748 sumus
1132 2713 1178 2748 et
1210 2706 1395 2760 sulphur
1413 2707 1447 2757 ;”
1484 2713 1530 2748 et
1562 2707 1665 2760 quia
1690 2720 1771 2760 per

275 2778 302 2794 ‘⁴
319 2772 490 2826 equos”
512 2773 556 2812 in
583 2773 755 2812 visione
779 2773 900 2812 visos
927 2770 1239 2824 significantur
1265 2769 1603 2811 falsificationes
1630 2769 1770 2810 Verbi

273 2849 353 2890 per
369 2835 606 2875 ratiocinia
625 2848 683 2875 ex
701 2833 904 2882 fallaciis,
925 2839 1054 2887 patet
1072 2833 1191 2887 quod
1210 2847 1288 2886 per
1309 2836 1333 2852 “
1346 2833 1512 2885 ignem,
1531 2832 1698 2872 fumum
1717 2838 1763 2872 et

273 2897 460 2951 sulphur
471 2898 490 2912 ”
512 2897 821 2950 significentur
846 2896 923 2937 illa
945 2910 1059 2950 quae
1083 2902 1339 2944 causantur,
1365 2909 1479 2949 quae
1506 2901 1612 2936 sunt
1639 2908 1768 2935 amo-

272 2975 346 3002 res
364 2961 468 3004 mali
486 2966 532 3001 et
554 2959 653 3001 falsi
677 2973 726 3001 ac
752 2959 1150 3013 concupiscentiae
1169 2958 1430 3000 destruendi
1449 2972 1555 2999 vera
1579 2963 1624 2999 et
1647 2958 1767 2999 bona
