1962 3334
606 252 712 285 CAP.
736 252 819 292 xr„
841 251 980 284 VERS.
1002 242 1151 284 6.—N.
1173 212 1355 296 644[d].
1386 222 1393 226 ⁵
1609 240 1725 294 *1669

235 365 502 414 voluntatis,
525 365 602 407 ille
633 365 772 406 homo
802 365 847 406 in
873 364 1206 406 tentationibus
1231 363 1509 412 succumbit,¹
1527 369 1573 404 et
1600 363 1724 404 cadit

234 428 280 469 in
301 429 457 482 gravia
477 428 603 477 falsa,
626 442 742 482 quae
767 434 874 469 sunt
899 427 1011 468 falsa
1037 427 1170 478 mali;
1203 441 1339 481 quare
1365 427 1543 474 dicitur,
1570 425 1723 466 “Erat

234 504 365 532 casus
390 491 484 544 ejus
508 504 699 544 magnus
719 490 755 541 ;‘'
780 497 828 531 at
854 491 928 544 qui
954 496 1144 543 utraque
1170 496 1314 543 parte,
1343 503 1506 543 nempe
1533 495 1628 530 tam
1654 489 1723 529 in-

235 552 423 595 tellectu
453 567 588 608 quam
619 553 860 595 voluntate
891 554 1051 606 recipit
1084 553 1249 593 Divina
1273 567 1395 601 vera,
1422 553 1460 592 is
1490 553 1536 592 in
1568 558 1723 593 tenta·

234 616 432 657 tionibus
453 617 620 657 vincit:
659 630 739 670 per
766 615 1023 670 “petram,'’
1048 630 1181 669 super
1211 629 1299 669 qua
1323 615 1537 656 fundatur
1561 615 1723 655 domus

233 678 325 727 illa,
351 678 631 732 significatur
652 671 875 720 Dominus
900 679 1049 733 quoad
1076 679 1290 719 Divinum
1316 678 1503 726 Verum,
1530 692 1609 719 seu
1641 677 1722 718 Di-

233 741 386 782 vinum
412 741 583 783 Verum
614 749 847 796 receptum
878 742 1030 782 anima
1059 748 1106 782 et
1138 741 1290 789 corde,
1323 741 1410 782 hoc
1442 747 1527 789 est,
1555 740 1643 781 fide
1675 746 1722 781 et

234 815 402 852 amore,
425 805 546 857 quod
567 811 639 845 est
661 802 896 845 intellestu
918 811 965 845 et
987 804 1255 854 voluntate;
1288 811 1336 845 at
1363 817 1442 857 per
1465 802 1723 844 “arenam''

234 865 513 919 significatur
544 867 758 907 Divinum
790 866 961 908 Verum
993 873 1227 920 receptum
1259 867 1397 907 modo
1428 867 1472 907 in
1505 867 1723 907 memoria

233 934 280 970 et
319 928 424 970 inde
464 928 746 983 aliquantum
784 930 829 970 in
869 931 1166 983 cogitatione,
1205 936 1251 970 et
1292 930 1397 970 inde
1434 943 1638 983 sparsum
1674 936 1722 970 et

233 991 555 1040 inconnexum,
579 993 682 1046 quia
703 992 1029 1046 interpolatum
1055 1007 1082 1033 a
1102 992 1240 1040 salsis,
1264 999 1309 1033 et
1332 992 1618 1033 falsificatum
1644 1006 1724 1046 per

231 1054 382 1095 ideas:
425 1068 485 1095 ex
521 1054 591 1095 his
626 1056 779 1109 itaque
810 1062 940 1109 patet
977 1055 1083 1109 quid
1115 1055 1387 1108 intelligitur
1418 1070 1497 1109 per
1530 1056 1723 1096 “audire

231 1117 370 1167 verba
394 1123 441 1158 et
468 1131 558 1158 non
588 1117 734 1159 facere
759 1118 837 1159 illa
853 1118 889 1159 :”
925 1119 1046 1172 quod
1072 1118 1144 1159 hic
1172 1132 1329 1161 sensus
1355 1119 1534 1160 illorum
1559 1119 1722 1160 verbo·

234 1193 333 1221 rum
363 1181 436 1228 sit,
463 1180 625 1221 clarius
656 1195 716 1222 ex
750 1194 859 1222 mox
890 1182 1268 1235 praecedentibus
1293 1182 1353 1222 ibi
1379 1189 1591 1223 constare
1617 1189 1722 1235 pot-

234 1249 320 1283 est.
379 1242 463 1284 Per
490 1243 726 1296 “pluviam
751 1244 1050 1285 inundantem
1061 1244 1082 1259 ”
1107 1259 1185 1285 seu
1214 1245 1440 1286 “imbrem
1453 1245 1473 1259 ''
1495 1244 1722 1298 significa-

233 1299 307 1352 tur
330 1305 567 1346 inundatio
592 1305 807 1346 salsorum
833 1307 973 1347 etiam
998 1307 1117 1360 apud
1141 1307 1427 1356 Ezechielem,

298 1409 396 1445 “Dic
411 1411 458 1442 ad
474 1411 716 1444 incrustantes
733 1412 894 1453 ineptum
911 1414 1006 1454 quod
1023 1414 1137 1451 cadet,
1154 1414 1238 1454 quia
1254 1414 1374 1454 pluvia
1391 1414 1583 1451 inundans,
1603 1412 1724 1455 [¹]quia

407 1465 474 1486 vos
499 1455 636 1495 lapides
654 1457 844 1496 grandinis
868 1458 1007 1494 cadent,
1027 1463 1062 1488 et
1081 1464 1211 1489 ventus
1236 1458 1472 1498 procellarum
1493 1465 1722 1498 perrumpet:

414 1523 423 1530 .
436 1523 444 1529 .
458 1523 467 1530 .
480 1499 548 1531 .sic
564 1499 655 1531 dixit
675 1499 855 1531 Dominus
874 1499 1038 1541 Jehovih,
1061 1500 1203 1532 Faciam
1224 1511 1454 1542 perrumpere
1473 1509 1621 1533 ventum
1643 1511 1724 1542 pro-

409 1542 581 1574 cellarum
605 1543 641 1574 in
666 1544 967 1575 excandescentia
989 1554 1080 1582 mea,
1100 1551 1135 1576 et
1159 1545 1318 1585 pluviam
1342 1545 1581 1576 inundantem
1606 1546 1643 1576 in
1669 1545 1724 1577 ira

407 1595 499 1624 mea,
519 1592 555 1617 et
578 1586 716 1626 lapides
735 1587 922 1627 grandinis
941 1588 977 1618 in
1002 1588 1143 1620 fervore
1164 1589 1200 1619 in
1220 1589 1584 1626 consummationem,
1604 1595 1642 1620 et
1663 1589 1724 1621 de-

406 1635 541 1660 struam
559 1630 732 1670 parietem
750 1640 856 1671 quem
874 1631 1081 1663 incrustatis
1098 1632 1222 1672 inepto
1233 1631 1251 1643 '’
1268 1630 1390 1671 ([²]xiii.
1414 1641 1463 1670 11,
1485 1641 1534 1671 13,
1554 1634 1626 1672 14):

233 1747 314 1788 per
346 1734 761 1775 ‘“incrustationem
792 1735 966 1789 inepti”
997 1736 1277 1789 significatur
1307 1737 1592 1778 confirmatio
1623 1737 1723 1778 falsi

229 1802 315 1849 'per
342 1795 558 1844 fallacias,
592 1810 671 1849 per
707 1811 819 1850 quas
850 1797 1011 1839 salsum
1047 1806 1236 1853 apparet
1272 1801 1388 1841 sicut
1420 1814 1602 1849 verum;
1645 1814 1725 1854 per

227 1856 448 1912 '“lapides
486 1859 749 1911 grandinis”
787 1860 1098 1913 significantur
1133 1876 1239 1902 vera
1275 1863 1445 1916 absque
1484 1863 1620 1911 bono,
1658 1864 1725 1904 ita

233 1921 403 1974 absque
428 1921 580 1975 aliqua
602 1923 698 1963 vita
723 1923 957 1976 spirituali,
985 1938 1099 1978 quae
1126 1926 1277 1965 omnia
1302 1926 1423 1966 intus
1449 1926 1561 1966 salsa
1588 1933 1721 1976 sunt;

234 1997 339 2024 nam
364 1984 507 2033 ideae,
531 1999 647 2038 quae
674 1992 894 2035 mortuae,
917 1987 1085 2028 faciunt
1111 1994 1160 2028 ut
1186 1989 1276 2029 sint
1302 1990 1440 2030 modo
1465 1996 1644 2030 crustae
1669 2003 1722 2031 ac

234 2047 350 2088 sicut
387 2046 586 2101 picturae
622 2049 667 2088 in
703 2049 862 2102 quibus
898 2050 1008 2090 nihil
1039 2051 1154 2101 vivi;
1198 2051 1309 2092 talia
1339 2052 1587 2094 scientifica
1617 2067 1725 2094 vera

167 2119 170 2122 ’
234 2115 340 2150 sunt
362 2109 580 2151 naturalis
606 2110 801 2152 hominis
827 2113 871 2152 in
903 2126 1036 2166 quem
1062 2127 1153 2154 non
1179 2114 1322 2155 influit
1349 2115 1517 2169 aliquid
1544 2130 1569 2156 e
1594 2117 1723 2169 spiri-

234 2172 372 2213 tuali:
414 2186 494 2225 per
525 2172 760 2226 “pluviam
797 2175 1128 2216 inundantem”
1158 2183 1204 2217 et
1241 2191 1320 2230 per
1358 2181 1582 2219 “ventum
1619 2193 1724 2232 pro-

235 2233 483 2275 cellarum”
513 2235 824 2288 significantur
855 2236 967 2278 falsa
1003 2239 1046 2278 in
1079 2240 1210 2292 copia
1240 2241 1454 2281 irruentia
1484 2248 1530 2282 et
1562 2242 1723 2295 imagi-

236 2297 373 2345 naria,
400 2310 452 2338 ac
478 2299 800 2340 contentiones
826 2300 882 2340 de
913 2302 1044 2349 veris,
1072 2315 1187 2355 quae
1212 2302 1380 2344 faciunt
1413 2310 1462 2344 ut
1494 2304 1604 2345 nihil
1631 2306 1724 2347 veri

232 2354 380 2412 ⁴possit
405 2359 561 2409 videri,
589 2367 635 2401 et
663 2362 725 2402 sic
753 2361 984 2403 hominem
1011 2364 1220 2416 perdunt.
1281 2364 1419 2419 Apud
1446 2367 1656 2416 eundem,

303 2455 552 2497 “Disceptabo
571 2468 652 2490 cum
664 2458 683 2470 ”
701 2459 806 2499 Gogo
828 2462 846 2474 ‘⁴
858 2467 958 2500 peste
978 2467 1014 2492 et
1037 2462 1225 2502 sanguine,
1245 2470 1281 2495 et
1304 2464 1464 2504 pluviam
1485 2465 1723 2498 inundantem

410 2507 447 2543 et
465 2501 604 2541 lapides
623 2503 822 2542 grandinis,
843 2503 964 2543 ignem
985 2511 1021 2536 et
1043 2505 1193 2546 sulphur
1211 2507 1333 2547 pluere
1353 2508 1481 2539 faciam
1502 2519 1611 2549 super
1629 2520 1722 2547 eum,

410 2550 573 2627 gtzsgper
589 2546 666 2577 alas
682 2546 772 2608 ejus,
787 2554 822 2578 et
839 2556 945 2587 super
961 2549 1114 2588 populos
1128 2549 1261 2582 multos
1277 2551 1338 2592 qui
1355 2561 1435 2583 cum
1453 2552 1516 2583 illo
1529 2552 1547 2562 ’¹
1564 2553 1723 2592 (xxxviii.

238 2698 319 2738 per
352 2685 604 2739 “Gogum”
634 2688 951 2741 intelliguntur
987 2691 1060 2744 qui
1096 2692 1140 2732 in
1172 2699 1366 2734 externo
1397 2694 1522 2736 cultu
1552 2695 1722 2749 absque

238 2747 331 2789 ullo
353 2749 477 2790 cultu
499 2750 678 2792 interno
700 2759 832 2801 sunt;
865 2759 911 2794 et
934 2755 1037 2806 quia
1061 2755 1098 2795 is
1119 2756 1268 2797 cultus
1286 2758 1491 2799 similiter
1507 2760 1720 2800 consistit

238 2811 353 2852 sicut
380 2826 438 2852 ex
465 2814 641 2861 crustis,
666 2815 709 2854 in
736 2815 893 2868 quibus
917 2816 1063 2858 nuclei
1090 2818 1325 2871 putrefac'ti
1351 2828 1469 2869 sunt,
1495 2821 1565 2862 vel
1594 2824 1722 2863 exesi

237 2886 266 2914 a
295 2875 535 2925 vermibus,
563 2877 664 2918 ideo
697 2878 907 2920 dicuntur
934 2879 1125 2933 “pluvia
1150 2883 1405 2924 inundans”
1430 2892 1476 2926 et
1506 2885 1721 2939 “lapides
