1962 3334
285 257 389 310 1718
693 267 1026 301 APOCALYPSIS
1059 269 1359 302 EXPLICATA.

454 382 533 413 ideo
546 381 708 424 Jehovah
723 382 844 423 pluere
862 382 986 414 fecerit
999 393 1106 423 super
1119 383 1311 415 Sodomam
1324 390 1359 415 et
1372 384 1608 416 Gomorrham
1623 385 1769 425 sulphur

453 432 488 456 et
509 426 638 465 ignem,
657 432 691 457 et
711 426 879 458 everterit
902 428 1007 458 urbes
1032 427 1120 464 illas,
1139 433 1174 458 et
1198 437 1342 458 omnem
1369 428 1564 468 planitiem,
1585 435 1619 460 et
1642 439 1769 461 omnes

455 470 674 501 habitatores
691 470 842 508 urbium,
860 477 895 501 et
911 480 1058 510 germen
1076 477 1191 502 terrae
1203 470 1221 482 ”
1239 471 1334 509 (Gen.
1352 472 1421 503 xix.
1439 470 1572 513 [1-28])
1587 483 1594 504 ;

279 559 399 611 quod
444 558 743 599 “violentiam
780 559 938 600 inferre
978 559 1202 600 voluerint
1243 555 1448 612 angelis‘'
1488 560 1770 613 significabat

278 622 397 674 quod
423 621 587 662 Divino
611 622 738 663 Bono
761 628 807 663 et
831 623 996 663 Divino
1018 622 1156 671 Vero,
1182 636 1286 662 nam
1309 622 1386 663 illa
1412 637 1490 675 per
1514 623 1770 677 “angelos“

277 683 612 737 significantur:
658 699 736 738 per
769 685 1092 733 “caecitate3,'’
1123 686 1281 738 quibus
1319 687 1515 738 percussi
1546 693 1649 727 sunt
1684 691 1771 728 “ut

280 760 367 787 non
395 748 647 789 invenirent
675 747 896 801 januam‚”
921 747 1259 801 significabatur
1286 749 1486 801 plenaria
1511 748 1692 802 rejectio
1724 757 1770 791 et

279 812 464 863 negatio
484 811 632 851 Divini
651 818 696 852 et
719 810 976 852 sanctorum
995 812 1107 852 caeli
1130 818 1175 852 et
1200 812 1433 860 ecclesiae,
1454 826 1591 866 usque
1611 819 1658 854 ut
1681 826 1770 853 non

280 881 467 925 possent
483 872 683 928 1¹Jaliquid
703 874 815 915 caeli
838 881 884 915 et
907 875 1125 915 ecclesiae
1143 875 1294 915 videre
1318 881 1364 915 et
1383 888 1630 927 agnoscere
1648 890 1656 926 ;
1684 876 1769 917 hoc

278 936 555 989 significatur
597 951 675 990 per
709 941 837 978 “non
879 938 1075 978 invenire
1114 937 1295 990 januam
1309 938 1327 952 ’'
1364 938 1438 978 ubi
1479 938 1653 992 angeli:
1694 952 1772 992 per

280 1000 501 1053 “sulphur
535 1001 552 1015 ”
579 1000 856 1053 significatur
883 1002 1251 1054 concupiscentia
1283 1001 1544 1042 destruendi
1575 1001 1695 1047 bona
1724 1009 1771 1043 et

276 1078 383 1105 vera
413 1064 630 1105 ecclesiae
663 1078 741 1116 per
766 1064 890 1112 falsa,
917 1071 963 1105 et
990 1078 1068 1117 per
1097 1065 1287 1116 “ignem
1300 1063 1319 1078 ”
1345 1064 1621 1117 significatur
1647 1078 1772 1105 amor

277 1127 342 1167 sui
364 1134 409 1168 et
433 1141 567 1168 omne
591 1127 757 1167 malum
781 1127 899 1180 quod
923 1127 1129 1175 destruit,
1150 1127 1219 1167 hic
1243 1128 1384 1167 exitia
1406 1141 1573 1167 eorum.
1636 1127 1771 1180 Quod

277 1203 355 1242 per
380 1190 663 1231 “Sodomam
677 1190 695 1204 ”
717 1198 763 1231 et
793 1189 1161 1231 “Gomorrham”
1185 1190 1336 1230 omnia
1363 1190 1481 1230 mala
1507 1197 1552 1231 et
1579 1189 1689 1231 falsa
1711 1205 1770 1231 ex

277 1266 430 1294 amore
449 1254 513 1293 sui
533 1253 798 1306 profluentia
816 1253 1143 1306 intelligantur,
1165 1253 1270 1292 mihi
1289 1251 1457 1293 dietum
1476 1259 1544 1297 est
1568 1267 1591 1293 e
1616 1253 1769 1303 caelo;

278 1330 382 1356 narn
409 1330 510 1357 cum
537 1316 613 1364 illi,
647 1317 720 1370 qui
747 1317 789 1356 in
817 1316 946 1356 malis
973 1331 1030 1356 ex
1059 1316 1136 1356 illo
1163 1330 1315 1356 amore
1342 1323 1460 1364 sunt,
1490 1322 1693 1368 pereunt,
1722 1323 1770 1356 ut

277 1378 441 1420 faustum
465 1387 534 1420 est
558 1380 628 1420 die
654 1379 798 1420 ultimi
820 1379 984 1431 judicii,
1009 1380 1215 1432 apparuit
1239 1380 1353 1419 sicut
1377 1379 1561 1431 sulphur
1583 1386 1628 1420 et
1655 1378 1771 1432 ignis

277 1443 437 1495 pluens
464 1457 487 1483 e
511 1443 664 1493 caelo;
698 1443 782 1483 hoc
811 1443 918 1483 mihi
945 1444 1081 1483 etiam
1104 1443 1247 1482 visum
1274 1449 1357 1483 est.
1420 1441 1553 1495 Quod
1581 1442 1672 1483 tale
1699 1443 1770 1484 die

278 1507 437 1548 ultimo
465 1506 616 1559 judicii
649 1507 922 1547 exstiturum
955 1507 1026 1555 sit,
1055 1506 1327 1559 praedicitur
1353 1506 1490 1545 etiarn
1522 1519 1548 1545 a
1575 1505 1771 1547 Domino

277 1571 396 1624 apud
421 1570 599 1619 Lucam,

343 1661 543 1692 “Similiter
563 1660 622 1691 fiet
643 1659 942 1700 quemadmodum
968 1657 1101 1690 factum
1127 1664 1182 1689 est
1206 1659 1241 1689 in
1267 1658 1390 1689 diebus
1412 1658 1515 1689 Lothi
1529 1668 1552 1695 ;.
1568 1683 1575 1690 .
1589 1683 1596 1690 .
1611 1668 1696 1699 .qua
1714 1659 1770 1690 die

451 1714 617 1744 egressus
638 1711 707 1735 est.
723 1714 757 1735 .e
776 1703 941 1741 Sodoma,
960 1703 1047 1743 pluit
1067 1703 1149 1742 igne
1170 1709 1204 1733 et
1224 1702 1392 1742 sulphure
1409 1712 1428 1733 e
1446 1703 1543 1733 caelo
1564 1708 1598 1733 et
1618 1703 1771 1742 perdidit

450 1758 597 1779 omnes:
623 1747 725 1788 juxta
749 1748 836 1778 haec
854 1747 913 1778 fiet
930 1757 998 1788 qua
1017 1746 1073 1777 die
1096 1746 1204 1777 Filius
1228 1746 1385 1777 hominis
1411 1746 1624 1777 revelabitur
1637 1745 1654 1757 ”
1674 1745 1770 1786 (xvii.

453 1792 582 1831 28-30).

276 1880 504 1934 Quoniam
537 1880 599 1920 illi
626 1881 699 1933 qui
731 1894 789 1920 ex
817 1893 969 1920 amore
993 1879 1058 1919 sui
1091 1878 1359 1919 confirmant
1387 1893 1433 1918 se
1456 1879 1498 1918 in
1533 1878 1660 1919 malis
1693 1892 1771 1932 per

274 1945 386 1985 falsa
411 1951 571 1985 contra
597 1957 702 1984 vera
728 1949 773 1983 et
806 1943 925 1983 bona
952 1942 1064 1982 caeli
1097 1949 1142 1983 et
1169 1942 1402 1990 ecclesiae,
1420 1955 1598 1994 prorsus
1625 1942 1769 1983 eradi-

277 2014 383 2048 cant
415 2007 534 2060 apud
567 2021 613 2047 se
646 2019 780 2047 omne
812 2018 966 2046 verum
993 2003 1223 2046 dofflinae
1255 2011 1301 2045 et
1335 2004 1489 2053 Verbi,
1518 2018 1568 2045 ac
1601 2004 1769 2048 bonum

274 2072 438 2112 amoris
470 2070 710 2123 spiritualis
744 2076 790 2110 et
823 2069 1046 2117 caelestis,
1075 2069 1177 2109 ideo
1209 2069 1407 2109 vastatio
1438 2069 1556 2121 apud
1587 2068 1688 2109 illos
1720 2067 1769 2109 fit

277 2135 434 2176 totalis
452 2149 460 2185 ;
480 2137 607 2187 'quae
635 2134 699 2173 ita
725 2132 991 2173 describitur
1017 2132 1133 2185 apud
1159 2131 1328 2180 splosen,

341 2228 524 2268 “Sulphur
544 2228 610 2259 erit
631 2233 665 2258 et
690 2227 752 2265 sal,
770 2227 969 2258 combustio
990 2232 1065 2257 tota
1088 2232 1201 2262 terra;
1227 2236 1299 2256 non
1321 2232 1537 2263 conseretur,
1558 2235 1622 2257 nec
1642 2225 1770 2265 germi-

451 2272 560 2309 nabit,
582 2281 646 2302 nec
665 2271 834 2302 ascendet
859 2271 894 2300 in
915 2270 976 2300 illa
995 2270 1067 2300 ulla
1086 2270 1205 2307 herba,
1226 2269 1325 2309 juxta
1345 2270 1570 2300 eversionem
1591 2269 1769 2300 Sodomae

451 2322 486 2347 et
504 2315 736 2352 Gomorrhae,
755 2314 916 2345 Adamae
934 2320 968 2344 et
985 2313 1130 2344 Zeboim
1145 2313 1162 2324 '¹
1180 2314 1316 2350 (Deutr.
1337 2313 1431 2344 xxix.
1453 2321 1493 2343 22
1513 2311 1573 2354 [B.
1589 2314 1634 2344 A.
1653 2310 1744 2353 23]):

274 2423 354 2463 per
374 2413 398 2429 “
412 2408 625 2461 sulphur”
643 2407 920 2460 significatur
937 2407 1135 2447 vastatio
1158 2407 1303 2447 omnis
1326 2406 1432 2446 boni
1456 2420 1534 2459 per
1552 2406 1767 2459 concupi-

273 2473 470 2514 scentias
493 2486 551 2511 ex
576 2471 704 2511 malis
723 2485 730 2521 ;
766 2484 844 2523 per
869 2469 1077 2510 “salem”
1100 2468 1377 2521 significatur
1398 2470 1595 2509 vastatio
1622 2469 1766 2509 omnis

273 2536 365 2576 veri
393 2548 470 2587 per
492 2534 602 2574 falsa
628 2548 687 2574 ex
711 2533 1089 2585 concupiscentiis
1115 2532 1228 2582 illis;
1262 2545 1340 2584 per
1365 2532 1766 2572 “combustionem

274 2599 414 2639 totius
441 2603 585 2638 terrae
599 2596 616 2611 ”
640 2595 917 2649 significatur
940 2596 1198 2635 devastatio
1220 2594 1438 2635 ecclesiae
1466 2608 1543 2647 per
1565 2607 1765 2634 amorem

275 2661 366 2711 sui;
401 2673 479 2712 per
504 2663 632 2699 “non
656 2665 931 2706 conseretur,
957 2671 1038 2698 nec
1062 2657 1346 2710 germinabit,
1372 2670 1453 2697 nec
1477 2657 1694 2697 ascendet
1720 2657 1764 2696 in

274 2723 352 2764 illa
374 2723 465 2763 ulla
482 2721 658 2769 herba,'’
674 2721 951 2774 significatur
963 2721 1085 2774 quod
1104 2734 1283 2773 prorsus
1303 2720 1425 2760 nulla
1443 2719 1766 2772 receptibilitas

277 2786 369 2827 veri
388 2785 605 2826 ecclesiae
628 2783 675 2837 (“
689 2784 856 2824 herba”
875 2783 1097 2836 significat
1115 2796 1269 2823 verum
1289 2783 1505 2823 ecclesiae
1524 2781 1733 2835 nascens)
1753 2795 1761 2821 :

273 2855 320 2889 et
346 2849 448 2902 quia
470 2847 572 2888 talis
599 2853 668 2888 est
695 2847 951 2887 devastatio
974 2846 1078 2886 boni
1101 2852 1146 2886 et
1173 2846 1264 2886 veri
1291 2859 1351 2885 ex
1378 2859 1530 2885 amore
1558 2845 1636 2892 sui,
1661 2845 1763 2884 ideo

275 2912 450 2961 dicitur,
470 2910 636 2963 “juxta
650 2910 929 2950 eversionem
944 2908 1169 2950 Sodomae
1188 2914 1233 2949 et
1250 2907 1541 2957 Gomorrhae‚
1555 2906 1761 2948 Adamae
