1962 3334
236 245 341 298 1568
647 254 984 288 APOCALYPSIS
1015 256 1317 290 EXPLICATA.

229 366 348 406 veris
387 372 485 417 est3
528 367 609 407 sed
646 381 762 421 quae
801 368 845 408 in
880 367 968 409 hoc
1002 382 1135 409 versu
1165 369 1478 418 continentur,
1513 383 1647 424 supra
1683 381 1728 418 (n.

231 436 583 479 374[c]et403[b])
617 428 852 481 explicata
894 434 1015 477 sunt,
1056 435 1103 470 et
1139 429 1262 482 quod
1300 443 1380 482 per
1419 430 1642 472 “oleum'’
1680 436 1727 471 et

233 488 361 528 “mel
374 488 393 503 '¹
419 489 479 529 ibi
506 489 786 542 significetur
811 490 982 531 bonum
1009 492 1174 532 amoris
1201 492 1245 531 in
1277 492 1458 533 interno
1490 507 1568 534 seu
1601 493 1729 546 spiri-

229 551 341 592 tuali
367 551 552 593 homine
578 565 630 593 ac
658 553 702 592 in
725 559 922 594 externo
949 567 1027 595 seu
1054 554 1263 595 naturali.
1326 554 1466 608 Apud
1491 555 1727 603 Davidem,

296 647 468 690 “Judicia
490 647 649 689 Jehovae
669 649 812 688 veritas,
838 649 934 690 justa
958 656 1041 682 sunt
1065 651 1181 688 simul,
1202 651 1452 683 desiderabilia
1475 662 1560 692 prae
1584 661 1671 683 auro
1695 658 1730 683 et

405 702 490 732 prae
504 693 637 732 obryzo
652 693 775 731 multo,
794 700 828 725 et
845 694 962 725 dulci'a
975 705 1059 735 prae
1072 695 1176 726 melle
1191 701 1226 727 et
1239 695 1433 727 stillatione
1447 696 1611 727 favorum
1624 695 1642 707 ”
1655 695 1726 736 (Ps.

404 736 474 767 xix.
494 744 544 772 10.
565 744 602 767 11
625 734 684 778 [B.
701 738 746 769 A.
764 747 794 778 9,
816 735 907 779 10]);

230 823 276 859 et
299 819 418 872 apud
444 819 653 869 eundem,

300 895 361 927 “A
377 895 516 937 judiciis
535 897 603 928 tuis
622 907 694 928 non
714 897 855 935 recessi,
868 898 950 938 quia
966 898 1021 929 Tu
1041 898 1192 930 docuisti
1211 909 1267 930 me
1283 908 1289 935 :
1315 909 1420 940 quam
1435 899 1552 930 dulcia
1568 905 1651 931 sunt
1670 909 1731 940 pa-

406 939 479 971 lato
499 950 578 972 meo
595 942 705 972 verba
721 947 791 983 tua,
809 952 893 982 prae
911 942 1015 973 melle
1033 942 1085 973 ori
1104 952 1184 974 meo
1197 942 1214 954 '’
1231 942 1304 982 (Ps.
1322 944 1411 975 cxix.
1433 951 1503 982 102,
1524 942 1619 984 103):

231 1048 310 1088 per
352 1034 583 1088 “judicia’'
623 1036 937 1089 significantur
975 1051 1082 1078 vera
1123 1044 1169 1079 et
1210 1038 1330 1079 bona
1371 1038 1547 1089 cultus;
1594 1051 1730 1092 quare

231 1098 394 1139 dicitur
416 1099 536 1152 quod
563 1099 763 1152 “judicia
784 1100 988 1153 Jehovae
1011 1102 1101 1141 sint
1124 1102 1307 1150 veritas,
1333 1107 1379 1142 et
1402 1101 1525 1154 justa
1547 1101 1678 1142 simul
1695 1101 1730 1151 ;’'

235 1160 474 1214 “justum’'
501 1161 728 1214 significat
761 1162 930 1203 bonum
964 1164 1088 1204 vitae
1120 1170 1166 1204 et
1200 1163 1303 1204 inde
1336 1163 1510 1205 cultus:
1550 1170 1595 1205 et
1628 1165 1731 1218 quia

231 1223 400 1265 bonum
424 1226 563 1266 etiam
592 1225 874 1278 significatur
896 1240 974 1279 per
996 1226 1220 1267 “aurum''
1243 1233 1289 1267 et
1311 1226 1607 1280 “obryzum‚”
1628 1227 1731 1268 ideo

233 1287 396 1328 dicitur
421 1289 542 1341 quod
571 1289 931 1329 “desiderabilia
958 1290 1048 1330 sint
1076 1303 1183 1342 prae
1209 1303 1317 1330 auro
1349 1296 1395 1330 et
1429 1303 1535 1343 prae
1562 1290 1730 1343 obryzo

233 1350 380 1391 multo
400 1350 435 1401 ;’'
481 1350 707 1391 “aurum''
748 1358 820 1392 est
861 1352 1030 1392 bonum
1072 1351 1287 1401 caeleste,
1333 1352 1620 1405 “obryzum”
1660 1359 1730 1394 est

233 1413 403 1470 bonum
435 1414 683 1466 spirituale,
721 1414 1092 1455 “desiderabile‘'
1124 1422 1194 1456 est
1227 1415 1346 1469 quod
1380 1422 1450 1456 est
1482 1414 1730 1456 affectionis

233 1482 279 1517 et
303 1478 494 1517 amoris:
530 1478 743 1530 quoniam
770 1477 891 1518 bona
913 1477 1073 1531 quibus
1098 1477 1236 1518 homo
1258 1477 1451 1518 afficitur
1469 1479 1607 1519 etiam
1626 1484 1730 1519 sunt

229 1538 440 1592 jucunda,
465 1540 568 1580 ideo
591 1540 755 1581 dicitur
780 1541 900 1594 quod
929 1541 1019 1581 sint
1046 1541 1233 1581 “dulcia
1259 1555 1365 1594 prae
1389 1541 1524 1582 melle
1550 1547 1596 1582 et
1624 1555 1730 1595 prae

233 1602 487 1643 stillatione
519 1603 762 1651 favorum,”
788 1609 835 1644 et
868 1604 989 1657 quod
1018 1604 1195 1644 “verba
1225 1604 1427 1657 Jehovae
1459 1604 1608 1645 dulcia
1640 1605 1730 1645 sint

236 1665 407 1719 palato,
442 1672 488 1706 et
521 1680 627 1719 prae
657 1666 792 1707 melle
824 1668 889 1707 ori
907 1667 942 1717 ;'’
987 1667 1189 1708 “dulce’'
1214 1666 1440 1720 significat
1469 1667 1728 1720 jucundum,

237 1729 398 1770 “mel''
424 1729 593 1770 bonum
626 1729 848 1778 naturale,
881 1729 1113 1771 “stillatio
1144 1731 1346 1771 favorum
1363 1730 1382 1745 ”
1408 1743 1563 1771 verum
1595 1737 1729 1771 natu-

234 1791 355 1833 rale:
396 1799 442 1833 et
475 1793 578 1846 quia
605 1792 733 1833 “mel
746 1792 765 1808 ’'
791 1799 861 1834 est
885 1793 1054 1834 bonum
1087 1793 1309 1841 naturale,
1338 1800 1384 1834 et
1415 1797 1502 1834 “os
1515 1793 1534 1808 ”
1560 1793 1730 1846 signifi·
1792 1807 1796 1811 “

234 1861 309 1896 cat
336 1862 593 1905 externum,
618 1856 720 1896 ideo
747 1856 911 1897 dicitur
936 1860 1080 1910 “prae
1108 1857 1244 1897 melle
1267 1858 1331 1897 ori
1357 1870 1458 1897 meo
1477 1856 1510 1907 ;”
1543 1858 1658 1898 sicut
1685 1858 1728 1898 in

233 1917 520 1971 Apocalypsi,
549 1919 669 1972 quod
699 1919 922 1960 “libellus
949 1926 1070 1961 esset
1098 1920 1241 1960 dulcis
1269 1921 1384 1961 sicut
1418 1920 1507 1961 mel
1539 1921 1583 1960 in
1615 1919 1732 1961 ore.‘'

235 1982 375 2036 Apud
401 1982 579 2032 Lucam,

306 2078 412 2120 Jesus
432 2079 519 2111 dixit
539 2079 584 2110 ad
608 2079 800 2119 discipulos
821 2080 1008 2111 credentes
1030 2089 1068 2111 se
1086 2080 1207 2111 videre
1226 2080 1401 2120 spiritum,
1424 2080 1582 2111 “Videte
1603 2090 1730 2112 manus

409 2133 508 2154 meas
529 2129 564 2154 et
589 2124 697 2163 pedes
722 2133 833 2161 meos,
854 2124 950 2164 quod
976 2123 1058 2163 Ipse
1080 2123 1156 2164 Ego
1181 2124 1270 2160 sim;
1299 2124 1441 2164 palpate
1464 2123 1523 2154 Me
1548 2129 1583 2155 et
1603 2124 1730 2162 videte,

410 2177 493 2198 nam
515 2167 661 2207 spiritus
682 2177 824 2198 carnem
846 2175 880 2198 et
900 2177 984 2199 ossa
1004 2177 1076 2198 non
1097 2168 1214 2206 habet,
1233 2168 1322 2198 sicut
1345 2167 1404 2198 Me
1422 2168 1550 2198 videtis
1567 2167 1731 2199 habere.”

415 2235 422 2242 .
438 2235 445 2242 .
460 2235 466 2242 .
482 2210 590 2242 ,Dein
609 2211 698 2242 dixit
715 2211 793 2248 illis,
812 2212 831 2225 “
844 2211 1044 2242 Habetisne
1058 2211 1188 2252 aliquid
1207 2211 1347 2242 edulei?
1387 2211 1443 2242 Illi
1461 2221 1546 2242 vero
1558 2211 1731 2242 dederunt

411 2254 485 2294 Ipsi
510 2255 616 2294 piscis
640 2255 712 2285 assi
734 2261 881 2294 partem,
902 2261 937 2286 et
961 2255 1004 2286 de
1029 2254 1112 2286 favo
1133 2255 1279 2295 apiario,
1301 2264 1390 2295 quae
1411 2255 1589 2294 accipiens
1609 2265 1730 2286 coram

409 2298 478 2329 illis
496 2299 652 2330 comedit
665 2298 683 2309 ’'
701 2298 807 2338 (xxiv.
826 2307 878 2338 39,
895 2298 1036 2338 41-43):

236 2409 295 2436 ex
318 2396 430 2435 serie
454 2395 615 2436 horum
634 2396 873 2436 verborum
897 2396 941 2436 in
964 2409 1098 2436 sensu
1117 2395 1336 2449 spirituali
1355 2393 1563 2448 spec‘tata
1585 2396 1729 2436 mani-

235 2458 350 2499 feste
382 2465 567 2499 constat
599 2459 720 2512 quod
757 2473 837 2512 per
871 2459 1059 2499 “favum
1091 2459 1307 2512 apiarium
1321 2458 1340 2473 ”
1372 2465 1418 2499 et
1456 2473 1535 2512 per
1569 2459 1697 2499 “mel
1711 2458 1730 2474 ''

235 2520 515 2575 significetur
559 2522 728 2562 bonum
774 2521 1009 2572 naturale;
1064 2522 1287 2562 Dominus
1333 2523 1452 2562 enim
1499 2521 1730 2575 discipulis

235 2585 410 2639 aperuit
432 2585 552 2638 quod
575 2585 896 2638 glorificaverit
919 2599 998 2626 seu
1021 2585 1234 2625 Divinum
1252 2585 1408 2625 fecerit
1428 2591 1578 2625 totum
1601 2598 1729 2625 suum

238 2648 500 2688 Humanum
526 2662 665 2701 usque
691 2648 749 2688 ad
776 2648 981 2689 naturale
1008 2654 1054 2688 et
1082 2647 1290 2688 sensuale
1317 2647 1436 2700 ejus;
1475 2647 1561 2688 hoc
1589 2647 1728 2700 signi—

237 2717 367 2752 catur
404 2725 482 2763 per
517 2714 715 2751 “manus
747 2717 794 2752 et
832 2710 1012 2764 pedes,'’
1043 2724 1094 2751 ac
1133 2724 1211 2764 per
1245 2713 1464 2750 “carnem
1502 2716 1547 2751 et
1587 2709 1730 2758 ossa,''

236 2787 350 2827 quae
381 2773 588 2814 viderent
620 2781 666 2814 et
699 2773 968 2827 palparent3
1007 2788 1086 2827 per
1114 2777 1311 2814 “manus
1343 2779 1389 2813 et
1422 2772 1594 2826 pedes'’
1621 2772 1729 2813 ulti-.

237 2849 360 2878 mum
382 2836 577 2876 hominis
601 2837 721 2890 quod
739 2843 928 2878 vocatur
950 2836 1169 2885 naturale,
1189 2850 1267 2889 per
1291 2835 1541 2876 “carnem”
1560 2836 1728 2876 bonum

237 2899 343 2953 ejus,
369 2906 414 2941 et
438 2913 517 2953 per
541 2903 683 2941 “ossa
699 2899 717 2915 ’'
739 2914 846 2941 vera
868 2899 987 2954 ejus;
1021 2900 1171 2941 omnia
1194 2900 1312 2940 enim
1335 2913 1449 2953 quae
1472 2900 1516 2939 in
1539 2911 1728 2952 corpore
