1962 3334
581 295 687 328 CAP.
710 296 794 336 1x.‚
815 295 953 329 VERs.
975 296 1149 328 20.—-N.
1174 286 1338 342 587[b].
1455 290 1462 294 ’
1592 296 1696 340 1475

218 420 430 450 manuum
451 423 531 463 per
550 409 781 458 securim‚”
798 423 964 463 perque
983 413 1009 430 “
1022 422 1134 463 opus
1155 409 1265 451 fabri
1286 415 1333 451 et
1355 422 1566 459 manuum
1588 422 1698 451 con·

216 469 426 520 flatoris‚”
446 478 493 512 et
519 471 598 525 per
621 475 770 525 “opus
795 473 1048 525 sapientum
1065 471 1102 523 ;’'
1131 472 1252 525 quod
1277 475 1428 525 “opus
1454 485 1667 512 manuum
1679 471 1699 486 '’

214 532 326 574 fabri
350 540 397 574 et
422 533 604 575 artificis
628 533 852 587 significet
877 534 922 575 id
943 534 1064 588 quod
1090 548 1149 575 ex
1172 534 1350 587 propria
1374 533 1694 587 intelligentia,

215 601 449 636 ostensum
466 602 537 637 est
558 597 603 636 in
624 596 816 637 articulo
833 596 1136 650 praecedente
1153 609 1162 636 :
1195 596 1307 637 salsa
1329 610 1443 650 quae
1465 596 1570 637 inde
1591 602 1697 636 sunt

213 656 524 709 significantur
547 671 627 711 per
654 657 822 698 “simul
853 658 1134 699 infatuantur
1163 664 1211 699 et
1242 658 1534 707 stultescunt‚
1562 658 1695 699 disci-

213 717 337 772 plina
360 720 615 760 vanitatum
646 719 817 773 lignum
849 726 919 761 est
939 719 974 770 ;”
1010 720 1131 774 quod
1162 733 1254 761 non
1285 719 1373 760 illis
1403 719 1554 774 aliqua
1584 720 1694 768 vita,

213 779 492 833 significatur
530 795 610 835 per
651 782 772 836 quod
816 782 875 823 sit
913 782 1068 823 “sicut
1112 781 1264 835 palma
1303 781 1538 830 solidum,'’
1574 782 1695 836 quod

214 845 344 883 “non
366 842 607 897 loquantur
628 857 711 885 nec
733 844 947 885 incedant
963 844 998 895 ;”
1030 843 1192 898 “loqui
1202 843 1222 859 '’
1239 850 1287 885 et
1306 844 1552 885 “incedere
1564 843 1584 858 ”
1601 845 1694 897 sig·

212 903 398 946 nificant
429 906 591 952 vivere,
625 919 677 946 ac
708 906 859 947 vivere
890 912 960 947 est
990 906 1142 947 vivere
1174 905 1489 959 spiritualiter:
1532 905 1694 947 confir-

211 967 436 1008 mationes
457 981 516 1008 ex
539 967 694 1009 Verbo
715 967 1026 1021 significantur
1046 982 1126 1022 per
1148 971 1427 1021 “argentum
1449 975 1693 1010 extensum

166 1038 169 1041 '
210 1042 271 1069 ex
293 1028 658 1071 Tharschischo”
679 1031 799 1084 quod
824 1030 1036 1079 adfertur,
1061 1037 1108 1072 et
1134 1045 1214 1084 per
1237 1035 1431 1071 “aurum
1453 1045 1511 1072 ex
1535 1031 1693 1085 Upha-

210 1090 302 1140 so,’'
336 1097 433 1132 tum
469 1106 548 1146 per
584 1096 610 1113 ‘⁴
624 1092 969 1145 hyacinthinum
1010 1099 1058 1134 et
1097 1106 1337 1146 purpuram
1349 1092 1369 1108 ’'
1404 1107 1518 1147 quae
1553 1094 1694 1135 vestis

210 1166 390 1204 eorum;
440 1160 519 1207 per
565 1158 844 1208 “argentum
893 1168 954 1196 ex
1002 1155 1372 1196 Tharschischo’'
1415 1155 1695 1208 significatur

209 1229 364 1256 verum
395 1216 550 1265 Verbi,
577 1223 623 1258 et
654 1231 733 1271 per
765 1221 959 1259 “aurum
991 1231 1050 1259 ex
1082 1217 1305 1271 Uphaso”
1336 1218 1504 1258 bonum
1537 1218 1691 1266 Verbi.

209 1283 446 1332 utrumque
462 1278 746 1320 falsificatum
762 1293 772 1330 ;
800 1279 1008 1320 similiter
1025 1293 1104 1333 per
1124 1279 1506 1333 “hyacinthinum
1524 1287 1570 1321 et
1588 1294 1691 1334 pur·

209 1352 364 1393 puram
380 1339 415 1380 :’'
449 1341 570 1394 quod
595 1354 729 1382 omne
754 1354 911 1382 verum
937 1339 1182 1390 doctrinae,
1210 1341 1440 1395 religionis
1470 1348 1516 1383 et
1542 1342 1691 1384 cultus

208 1402 267 1443 sit
306 1414 334 1443 a
369 1401 589 1455 Jehovah,
631 1403 717 1444 hoc
757 1410 846 1452 est,
889 1403 1102 1453 Domino,
1143 1404 1416 1458 intelligitur
1454 1418 1534 1458 per
1572 1406 1692 1458 quod

211 1463 452 1516 “Jehovah
485 1465 607 1506 Deus
633 1466 856 1514 veritatis,
884 1465 1007 1507 Deus
1031 1467 1173 1514 vivus,
1202 1466 1306 1507 Rex
1337 1467 1503 1507 saeculi
1524 1466 1558 1517 ;”
1595 1467 1690 1508 Do-

209 1526 356 1567 minus
390 1528 510 1568 enim
545 1528 707 1569 dicitur
740 1531 764 1548 “
778 1528 901 1569 Deus
913 1528 933 1544 ”
963 1543 1023 1569 ex
1061 1528 1228 1569 Divino
1259 1528 1398 1577 Vero,
1430 1535 1477 1570 et
1514 1543 1690 1584 quoque

210 1588 415 1638 “vivus‚”
441 1596 537 1630 tum
571 1590 753 1631 “Rex.”
811 1590 951 1645 Apud
980 1590 1184 1639 Esaiam,

276 1676 530 1710 “Formatores
554 1679 725 1719 sculptilis
753 1689 878 1710 omnes
902 1679 1053 1717 vanitas,
1077 1686 1113 1711 et
1139 1679 1443 1711 desideratissima
1468 1690 1591 1711 eorum
1616 1690 1689 1711 non

381 1728 550 1762 prosunt;
578 1728 614 1753 et
632 1728 741 1753 testes
760 1722 828 1754 sibi
852 1722 919 1763 ipsi
943 1733 1016 1754 non
1035 1723 1159 1754 vident
1178 1733 1243 1754 nec
1262 1730 1497 1763 cognoscunt.
1512 1748 1520 1755 .
1533 1748 1541 1755 .
1556 1733 1584 1759 .;
1607 1724 1691 1764 quia

380 1774 507 1796 omnes
526 1765 611 1796 socii
631 1765 708 1805 ejus
728 1765 916 1806 pudefient,
936 1772 971 1797 et
995 1766 1086 1797 fabri
1106 1766 1189 1806 ipsi.
1204 1791 1211 1798 .
1225 1791 1232 1798 .
1247 1778 1272 1798 .:
1298 1767 1447 1798 fabricat
1466 1767 1596 1798 ferrum
1617 1767 1690 1798 ior-

380 1809 467 1848 cipe,
480 1814 515 1839 et
531 1815 697 1848 operatur
712 1810 876 1847 carbone,
889 1815 925 1840 et
942 1809 1080 1840 malleis
1096 1811 1208 1840 acutis
1226 1807 1391 1841 [¹]format
1407 1810 1493 1841 illud
1507 1819 1514 1846 ;
1538 1811 1589 1841 sic
1606 1820 1691 1850 ope-

380 1858 477 1882 ratur
495 1852 579 1883 illud
598 1861 662 1892 per
679 1852 860 1884 brachium
880 1853 1018 1884 roboris
1037 1853 1103 1890 sui,
1121 1853 1228 1884 etiam
1247 1854 1358 1884 esurit
1381 1863 1491 1894 usque
1511 1854 1594 1884 dum
1616 1863 1688 1884 non

381 1895 497 1932 robur,
515 1905 628 1936 neque
644 1895 731 1926 bibit
746 1905 856 1936 aquas
873 1905 983 1936 usque
1002 1896 1086 1927 dum
1104 1896 1280 1936 fatigatur.
1328 1896 1490 1928 Fabricat
1506 1897 1613 1936 ligna,
1629 1907 1691 1928 ex-

381 1938 494 1969 tendit
511 1938 617 1976 filum,
631 1946 666 1970 et
682 1939 848 1970 describit
860 1939 947 1970 illud
962 1939 1107 1977 amussi,
1121 1939 1205 1970 facit
1222 1940 1307 1971 illud
1324 1940 1359 1971 in
1375 1941 1528 1980 angulos
1545 1950 1640 1978 suos,
1654 1948 1690 1973 et

381 1981 512 2012 circulo
531 1982 654 2013 definit
678 1982 774 2020 illud,
793 1989 831 2013 ut
853 1982 959 2013 faciat
983 1983 1019 2013 in
1043 1983 1160 2014 forma
1178 1983 1254 2021 viri,
1274 1983 1375 2023 juxta
1393 1983 1688 2023 pulchritudinem

380 2024 545 2062 hominis,
569 2025 615 2056 ad
638 2025 868 2056 habitandum
893 2026 1022 2063 domo:
1054 2027 1098 2057 ad
1122 2026 1354 2058 excidendum
1378 2028 1446 2058 sibi
1469 2028 1604 2065 cedros,
1628 2035 1690 2059 aut

379 2069 514 2108 accepit
533 2069 663 2099 buxum
684 2075 744 2100 aut
760 2078 953 2110 quereum..
968 2093 976 2100 .
989 2094 997 2101 .
1012 2075 1062 2101 .et
1081 2070 1241 2110 quamvis
1261 2070 1307 2102 sit
1325 2070 1462 2102 homini
1481 2071 1526 2102 ad
1546 2072 1691 2102 combu-

379 2112 540 2148 rendum,
560 2119 595 2142 et
613 2112 739 2151 accipit
758 2113 802 2143 de
828 2112 870 2144 iis
894 2119 933 2143 ut
956 2113 1102 2150 calefiat,
1121 2113 1296 2153 etiamque
1316 2114 1486 2145 accendat
1504 2120 1542 2145 ut
1561 2122 1690 2155 coquat

380 2164 519 2194 panem,
539 2161 658 2186 tamen
678 2155 762 2186 facit
784 2156 901 2192 deum,
921 2162 956 2186 et
976 2156 1137 2188 incurvat
1156 2166 1205 2194 se,
1225 2156 1309 2188 facit
1331 2167 1376 2188 ex
1399 2167 1442 2188 eo
1462 2158 1633 2198 sculptile,
1653 2165 1690 2190 et

379 2198 503 2229 adorat
522 2198 606 2229 illud
619 2210 645 2230 ;.
659 2223 666 2230 .
681 2223 688 2230 .
702 2209 791 2230 ‚non
811 2206 1032 2239 cognoscunt
1052 2209 1116 2230 nec
1140 2200 1352 2240 intelligunt,
1370 2201 1453 2241 quia
1475 2202 1575 2232 obliti
1595 2209 1688 2239 sunt,

378 2247 417 2272 ut
430 2251 502 2272 non
516 2242 660 2273 videant
673 2242 765 2274 oculi
777 2252 910 2280 eorum,
924 2249 962 2273 ut
979 2252 1051 2273 non
1069 2243 1270 2283 intelligant
1283 2244 1391 2275 corda
1403 2254 1525 2276 eorum
1540 2254 1548 2281 ;
1573 2255 1688 2286 neque

379 2284 514 2316 inducit
537 2285 572 2316 in
593 2294 653 2316 cor
671 2295 785 2323 suum,
805 2295 920 2326 neque
939 2286 1088 2317 scientia
1106 2293 1142 2317 et
1160 2287 1407 2327 intelligentia,
1424 2298 1488 2319 nec
1507 2288 1618 2326 dicit„
1632 2313 1640 2320 .
1653 2313 1662 2320 .
1676 2313 1684 2321 .

379 2327 508 2359 Nonne
525 2328 747 2360 mendacium
764 2329 888 2360 dextra
904 2338 984 2360 mea
993 2328 1026 2360 Γ
1043 2329 1139 2368 (xliv.
1155 2338 1242 2370 9—20
1253 2331 1276 2370 z)

206 2422 286 2463 per
320 2415 469 2451 totam
505 2410 622 2451 hanc
659 2411 1009 2464 descriptionem
1041 2411 1263 2466 sculptilis
1293 2413 1563 2467 intelligitur
1599 2414 1687 2455 sor-

207 2473 346 2514 matio
372 2471 601 2514 doCtrinae
626 2487 686 2514 ex
713 2474 890 2527 propria
916 2473 1249 2527 intelligentia;
1282 2476 1460 2528 singula
1486 2476 1686 2530 descrip-

206 2534 341 2575 tionis
380 2534 635 2587 significant
671 2535 917 2588 singularia
952 2536 1260 2587 formationi53
1302 2538 1407 2591 quid
1443 2538 1607 2592 alioqui
1643 2540 1688 2579 in

207 2595 371 2637 Divino
402 2597 557 2638 Verbo
587 2611 699 2651 opus
730 2598 845 2639 soret
876 2604 969 2639 tam
1003 2598 1182 2651 prolixa
1212 2599 1516 2653 descriptione
1547 2600 1686 2641 solius

205 2657 484 2700 formationis
506 2659 758 2713 sculptilis?
819 2659 952 2713 Quod
978 2660 1088 2701 nihil
1114 2661 1171 2702 sit
1198 2662 1281 2702 nisi
1305 2662 1478 2710 falsum,
1502 2664 1604 2716 quia
1626 2677 1685 2704 ex

206 2721 385 2774 propria
422 2721 740 2775 intelligentia,
784 2722 1054 2775 intelligitur
1096 2736 1175 2776 per
1218 2725 1338 2777 quod
1382 2725 1687 2766 “formatores

207 2781 427 2836 sculptilis
466 2797 623 2825 omnes
663 2785 857 2832 vanitas,
896 2791 942 2825 et
982 2785 1364 2827 desideratissima
1399 2800 1552 2827 eorum
1596 2801 1687 2828 non

207 2845 433 2896 prosunt,”
464 2846 583 2899 quod
623 2846 749 2886 “illis
787 2860 878 2887 non
916 2847 1107 2888 scientia
1142 2861 1225 2889 nec
1261 2848 1608 2902 intelligentia,’'
1639 2857 1687 2890 et

206 2906 326 2960 quod
355 2920 445 2948 non
475 2908 597 2950 dicat
626 2908 827 2951 “Nonne
859 2909 1142 2951 mendacium
1173 2910 1338 2952 dextra
1363 2924 1462 2952 mea
1477 2911 1516 2951 ?”
1576 2911 1685 2953 Pro-
