1962 3334
1151 164 1165 182 S

300 276 406 320 1590
709 276 1042 310 APOCALYPSIS
1073 279 1371 311 EXPLICATA.

291 387 572 429 instituenda
598 403 623 430 a
650 390 863 439 Domino,
892 405 1005 445 quae
1037 391 1183 432 futura
1215 392 1409 433 ecclesia
1435 391 1627 440 interna,
1655 404 1781 445 pror-

293 466 366 492 sus
404 451 686 493 exstinctum
723 454 782 494 sit
820 453 932 494 falsa
969 453 1214 504 doetrinae,
1249 456 1284 496 si
1322 455 1418 508 quis
1455 455 1532 495 illa
1569 454 1781 504 doceret;

291 529 370 568 per
405 516 717 569 “prophetare
730 516 749 532 ‘’
782 516 1061 570 significatur
1092 518 1256 559 docere
1288 518 1400 558 falsa
1432 516 1677 567 doctrinae,
1706 531 1784 570 per

294 581 509 631 “patrem
542 586 588 620 et
627 580 853 621 matrem'’
885 580 1164 634 significatur
1201 581 1396 622 ecclesia
1433 580 1582 635 quoad
1613 580 1782 621 bonum

293 647 340 681 et
368 642 518 694 quoad
546 656 700 683 verum
731 642 828 696 (per
857 644 1104 697 “patrem’'
1132 644 1324 685 ecclesia
1351 644 1498 698 quoad
1524 644 1706 692 bonum,
1735 649 1782 683 et

293 717 372 757 per
401 708 632 746 “matrem
649 705 668 720 ”
701 706 893 747 ecclesia
925 707 1072 760 quoad
1104 707 1308 760 verum);
1351 721 1429 760 per
1458 706 1602 747 “Non
1628 705 1783 747 vives'’

292 767 572 820 significatur
599 770 919 822 exstinguere:
960 770 1046 810 hoc
1080 771 1218 811 etiam
1251 770 1522 823 intelligitur
1553 783 1632 823 per
1663 770 1782 823 quod

297 834 464 884 “pater
490 831 582 884 ejus
605 839 651 872 et
680 840 825 873 mater
851 832 958 885 ejus,
983 834 1056 886 qui
1079 839 1355 886 generarunt
1380 846 1495 882 eum,
1521 833 1782 874 confodient

291 906 392 934 eum
411 893 445 934 :’'
483 894 671 935 abolitio
698 895 948 936 falsitatum
975 894 1207 936 doctrinae
1239 897 1378 937 etiam
1405 895 1679 949 intelligitur
1705 909 1783 949 per

294 956 569 998 “Pudefient
603 958 869 1011 prophetae,
898 959 964 998 vir
995 965 1181 1012 propter
1213 959 1434 1000 visionem
1469 972 1609 1007 suam,
1638 972 1782 1012 neque

292 1019 483 1071 induent
510 1022 709 1061 tunicam
737 1021 813 1075 pili
840 1028 887 1062 ut
916 1023 1194 1062 mentiantur
1213 1022 1247 1072 ;‘'
1286 1036 1364 1075 per
1394 1021 1710 1076 “prophetas’'
1737 1028 1783 1063 et

294 1083 584 1123 “visionem”
607 1098 761 1124 eorum
789 1085 927 1124 etiam
955 1084 1026 1125 hic
1054 1084 1373 1137 intelliguntur
1398 1085 1510 1125 falsa
1536 1083 1780 1133 doctrinae,

291 1151 337 1186 et
370 1159 450 1199 per
479 1147 729 1187 “inducere
756 1147 956 1188 tunicam
983 1147 1059 1200 pili
1087 1154 1140 1199 Ιιη
1169 1147 1477 1188 mentiantur’'
1503 1140 1784 1200 significatur

291 1216 550 1262 pervertere
588 1216 781 1251 externa
819 1208 973 1259 Verbi,
1014 1210 1164 1264 qualia
1204 1217 1307 1252 sunt
1348 1212 1391 1251 in
1434 1224 1567 1251 sensu
1604 1210 1783 1251 litterae

291 1272 409 1324 ejus;
447 1274 600 1313 tunica
633 1273 708 1326 pili
740 1273 858 1326 apud
891 1274 1138 1327 prophetas
1169 1274 1542 1327 repraesentabat
1574 1273 1782 1314 ultimum

291 1349 472 1376 sensum
501 1335 655 1383 Verbi,
684 1336 889 1377 similiter
920 1350 971 1377 ac
1005 1337 1320 1377 indumentum
1346 1336 1568 1389 Johannis
1601 1336 1781 1390 Baptis-

291 1406 366 1439 tae
393 1413 451 1439 ex
479 1399 578 1452 pilis
602 1399 791 1440 cameli:
827 1413 905 1452 per
931 1400 1050 1453 quod
1077 1400 1259 1447 dixerit,
1288 1399 1407 1440 “Vir
1434 1399 1589 1440 colens
1616 1406 1782 1440 terram

293 1475 396 1515 ego,
425 1463 527 1515 quia
553 1462 692 1503 homo
719 1463 925 1503 vendidit
953 1476 1023 1503 me
1051 1476 1076 1503 a
1103 1462 1332 1515 pueritia‚''
1360 1462 1637 1515 significatur
1663 1462 1782 1515 quod

291 1525 378 1565 hoc
413 1524 498 1565 illis
531 1526 589 1566 sit
622 1526 679 1566 ab
711 1525 920 1566 Ecclesia
950 1525 1150 1578 Judaica,
1179 1539 1294 1579 quae
1328 1525 1475 1566 solum
1509 1532 1702 1566 externa
1734 1531 1781 1565 et

292 1602 382 1629 non
415 1589 592 1629 interna
623 1588 719 1637 suit,
759 1589 861 1642 quia
893 1589 936 1629 in
975 1602 1028 1629 ea
1066 1595 1200 1629 natus
1239 1595 1285 1629 et
1323 1588 1425 1629 ideo
1458 1589 1496 1629 ei
1529 1588 1779 1629 addicatus.

292 1650 431 1705 Apud
456 1651 698 1700 Danielem,

358 1755 613 1796 “Septimanae
637 1755 866 1795 septuaginta
889 1755 1028 1786 decisae
1053 1760 1136 1786 sunt
1160 1764 1266 1794 super
1290 1755 1460 1794 populum
1486 1760 1594 1792 tuum,
1615 1759 1650 1786 et
1674 1763 1782 1794 super

465 1800 588 1830 urbem
613 1797 813 1830 sanctitatis
833 1805 941 1836 tuam,
961 1799 1006 1829 ad
1030 1798 1352 1830 consummandum
1374 1798 1725 1838 praevaricationem,
1746 1803 1782 1828 et

464 1843 508 1874 ad
529 1843 792 1882 obsignandum
814 1848 967 1882 peccata,
989 1848 1024 1873 et
1048 1843 1092 1873 ad
1112 1842 1327 1882 expiandum
1351 1842 1582 1883 iniquitatem,
1603 1847 1638 1872 et
1657 1841 1701 1871 ad
1721 1841 1782 1871 ad-

466 1887 665 1918 ducendum
690 1886 861 1926 justitiam
887 1886 1119 1923 saeculorum,
1141 1892 1175 1916 et
1199 1886 1243 1916 ad
1269 1886 1530 1925 obsignandum
1550 1885 1726 1916 visionem
1746 1890 1781 1916 et

465 1930 685 1971 prophetam,
703 1936 738 1961 et
754 1930 799 1961 ad
816 1930 1022 1969 ungendum
1041 1928 1206 1961 sanctum
1227 1927 1434 1960 sanctorum
1448 1928 1466 1941 ”
1480 1929 1538 1967 (ix.
1558 1929 1632 1968 24):

289 2035 402 2076 haec
441 2034 498 2075 de
535 2034 736 2075 adventu
774 2034 972 2082 Domini,
1006 2033 1188 2086 quando
1220 2033 1432 2086 iniquitas
1464 2038 1781 2073 consummata

290 2105 375 2148 est,
409 2098 495 2138 hoc
530 2104 613 2146 est,
647 2097 828 2150 quando
861 2110 951 2137 non
984 2096 1174 2149 amplius
1206 2097 1388 2150 aliquod
1420 2097 1589 2136 bonum
1621 2102 1668 2137 et
1699 2109 1778 2136 ve-

290 2175 387 2202 rum
420 2162 463 2201 in
496 2160 689 2201 ecclesia
715 2161 942 2200 residuum
974 2160 1083 2200 erit:
1121 2164 1292 2212 “super
1323 2160 1536 2213 populum
1570 2166 1616 2200 et
1648 2173 1780 2212 super

290 2225 445 2265 urbem
473 2222 728 2264 sanctitatis
741 2223 759 2237 ''
786 2222 1011 2275 significat
1044 2236 1177 2275 super
1203 2222 1444 2263 ecclesiam
1471 2229 1517 2263 et
1544 2222 1636 2274 ejus
1669 2222 1778 2262 doc-

284 2288 447 2335 ,rinam,
476 2300 589 2340 quae
616 2293 722 2326 tunc
757 2299 937 2338 prorsus
963 2292 1145 2325 vastata
1171 2291 1217 2326 et
1249 2283 1503 2326 exstincta:
1540 2284 1634 2325 “ad
1667 2297 1778 2325 con-

290 2350 606 2390 summandum
623 2349 1059 2402 praevaricationem
1075 2354 1121 2388 et
1136 2348 1192 2388 ad
1209 2348 1542 2400 obsignandum
1557 2346 1779 2400 peccata''

291 2411 516 2466 significat
539 2411 722 2465 quando
745 2424 903 2451 omnes
926 2411 970 2450 in
993 2410 1186 2451 ecclesia
1209 2417 1312 2451 sunt
1337 2412 1380 2450 in
1402 2410 1524 2450 falsis
1547 2408 1778 2450 doctrinae

290 2482 336 2517 et
362 2476 406 2515 in
434 2474 563 2515 malis
589 2474 738 2527 quoad
765 2474 933 2524 vitam;
973 2486 1091 2521 nam,
1121 2479 1169 2514 ut
1201 2474 1244 2513 in
1271 2474 1528 2526 praemissis
1554 2472 1682 2525 hujus
1707 2487 1777 2513 ar-

290 2537 416 2579 ticuli
449 2544 684 2578 ostensum
717 2543 803 2585 est,
832 2537 1056 2576 adventus
1090 2536 1287 2584 Domini,
1322 2543 1368 2576 et
1401 2549 1502 2576 cum
1536 2536 1640 2588 Ipso
1672 2535 1777 2576 ulti-

290 2614 412 2642 mum
435 2600 668 2653 judicium,
709 2613 800 2640 non
834 2600 954 2652 prius
988 2599 1120 2639 adest
1154 2612 1287 2652 quam
1320 2611 1421 2639 cum
1459 2612 1549 2639 non
1586 2598 1779 2651 amplius

289 2664 471 2718 aliquod
493 2676 648 2704 verum
671 2661 902 2703 doetrinae
925 2669 971 2702 et
999 2662 1166 2702 bonum
1190 2662 1312 2702 vitae
1338 2662 1382 2702 in
1409 2661 1601 2702 ecclesia
1623 2675 1778 2714 super-

290 2734 389 2778 est;
433 2733 480 2767 et
512 2726 598 2766 hoc
632 2739 691 2766 ex
725 2739 861 2766 causa
891 2725 947 2765 de
979 2739 1067 2778 qua
1098 2738 1244 2777 supra,
1274 2738 1450 2777 nempe,
1484 2730 1532 2764 ut
1564 2724 1690 2777 probi
1721 2725 1779 2764 ab

289 2790 505 2844 improbis
547 2794 839 2841 separentur:
897 2788 1158 2828 “adducere
1199 2786 1423 2839 justitiam
1464 2786 1778 2827 saeculorum”

290 2851 515 2906 significat
563 2851 771 2891 ultimum
812 2850 1041 2903 judicium,
1089 2850 1271 2903 quando
1321 2850 1458 2890 cuivis
1507 2849 1777 2890 retribuetur

290 2914 536 2957 secundum
559 2911 676 2970 faeta
702 2913 818 2966 ejus:
855 2913 1135 2966 “obsignare
1158 2913 1377 2953 visionem
1404 2918 1451 2953 et
1473 2911 1777 2966 prophetam'’
