1962 3334
575 254 681 287 CAP..
705 253 767 294 x.,
790 252 928 285 VERS.
956 251 1127 284 11.—-N.
1148 240 1309 295 624[e].
1579 240 1687 294 1589

196 366 317 422 apud
342 366 631 420 Zephaniam,

263 444 283 458 “
293 443 509 484 Prophetae.
524 443 725 481 .levissimi,
750 442 817 474 viri
841 441 1082 483 perfidiarum,
1107 440 1317 473 sacerdotes
1344 448 1469 471 eorum
1493 437 1690 479 profanant

369 485 544 524 sanc'tum,
562 487 740 518 violenter
755 492 924 527 torquent
941 485 1075 526 Legem
1088 484 1108 496 ”
1124 485 1187 525 (iii.
1204 484 1259 524 4);

197 568 318 622 apud
342 567 604 617 Jeremiam,

265 643 504 676 “Sacerdotes
521 654 594 675 non
612 645 788 682 dixerunt,
803 643 874 676 Ubi
890 643 1079 685 Jehovah?
1101 649 1137 674 et
1153 648 1320 674 tenentes
1339 641 1472 681 Legem
1490 650 1564 672 non
1578 649 1692 680 agno-

372 694 500 719 verunt
522 688 616 720 Mez.
631 713 639 720 .
653 713 660 720 .
675 694 726 720 .et
745 688 943 728 prophetae
963 687 1227 727 prophetarunt
1246 695 1310 726 per
1330 685 1500 721 Baalem:
1526 689 1608 724 post
1628 692 1692 715 eos

371 741 468 769 vero,
482 731 541 772 qui
559 741 632 762 non
647 737 807 772 prosunt,
821 731 973 762 iverunt.
1003 755 1011 762 .
1026 755 1033 763 .
1047 755 1055 762 .
1070 755 1077 762 .
1087 728 1275 762 Pudefaffl
1289 735 1374 761 sunt
1390 729 1519 760 domus
1535 726 1692 763 Israelis,

373 775 452 815 ipsi,
473 785 576 815 reges
600 785 734 813 eorum,
755 775 936 815 principes
955 783 1091 812 eorum,
1112 779 1148 805 et
1167 773 1373 805 sacerdotes
1393 781 1530 809 eorum,
1551 777 1587 803 et
1611 780 1693 812 pro-

373 819 502 859 phetae
519 829 645 850 eorum
656 818 674 829 ¹¹
692 818 740 858 (ii.
759 819 788 856 8,
804 818 878 858 26):

202 917 253 952 ut
274 918 558 966 praeteream
577 910 704 964 plura
718 910 821 952 loca
843 910 917 951 ubi
937 913 963 930 “
976 909 1230 964 prophetae
1240 908 1260 924 ’¹
1278 915 1325 950 et
1348 907 1480 949 simul
1501 911 1692 948 “sacer-

202 973 363 1015 dotes’'
377 974 686 1024 nominantur;
713 980 759 1014 et
777 974 836 1014 ibi
854 987 933 1027 per
947 977 972 993 “
982 971 1275 1014 sacerdotes”
1289 970 1606 1024 intelliguntur
1619 970 1693 1023 qui

205 1036 374 1078 docent
392 1037 534 1078 vitam
556 1043 602 1077 et
625 1037 699 1090 qui
721 1037 892 1077 ducunt
915 1036 973 1076 ad
994 1036 1181 1084 bonum,
1202 1041 1248 1076 et
1272 1048 1352 1088 per
1370 1038 1396 1055 ‘⁴
1411 1032 1694 1087 prophetas”

202 1098 518 1152 intelliguntur
543 1100 616 1152 qui
643 1099 812 1140 docent
838 1113 959 1147 vera,
986 1112 1066 1152 per
1091 1112 1205 1152 quae
1231 1098 1450 1138 ducendi:
1488 1098 1533 1137 in
1559 1109 1694 1137 sensu

201 1168 355 1203 autem
386 1161 617 1203 abstracto
649 1176 728 1216 per
755 1162 1059 1203 “sacerdotes
1071 1155 1091 1177 ⁵’
1122 1174 1174 1202 ac
1207 1175 1286 1215 per
1319 1158 1695 1201 “sacerdotium'’

200 1225 474 1278 intelligitur
509 1226 677 1266 bonum
714 1226 893 1273 amoris.
933 1226 1121 1279 proinde
1157 1226 1296 1266 etiam
1332 1225 1502 1265 bonum
1539 1223 1694 1271 vitae;

202 1294 250 1329 et
280 1302 360 1342 per
393 1289 712 1343 “prophetas'’
743 1289 1015 1342 intelligitur
1045 1302 1200 1330 verum
1232 1285 1478 1335 doctrinae,
1507 1286 1695 1340 proinde

201 1365 356 1393 verum
382 1353 502 1406 quod
528 1353 652 1393 ducit
685 1353 742 1392 ad
773 1353 943 1393 bonum
969 1353 1119 1403 vitae;
1151 1351 1306 1400 verbo,
1333 1350 1586 1405 prophetae
1612 1349 1694 1390 do-

202 1416 385 1465 cebunt,
413 1422 460 1458 et
486 1417 748 1457 sacerdotes
775 1416 957 1457 ducent.
1019 1415 1158 1469 Apud
1186 1414 1467 1462 Samariam,

263 1507 283 1520 ‘⁸
294 1505 336 1538 In
353 1506 410 1538 die
427 1506 503 1537 illo.
519 1531 526 1538 .
539 1531 547 1537 .
562 1506 783 1538 ‚exscindam
799 1505 947 1537 nomina
961 1505 1136 1537 idolorum
1154 1515 1174 1536 e
1191 1510 1295 1542 terra,
1308 1510 1348 1535 ut
1364 1514 1438 1535 non
1453 1508 1698 1534 memorentur

371 1550 536 1590 amplius,
551 1550 730 1590 etiamque
742 1550 934 1590 prophetas
945 1556 980 1580 et
991 1549 1154 1589 spiritum
1166 1549 1390 1580 immundum
1403 1547 1555 1579 transire
1567 1546 1695 1577 faciam

371 1604 391 1625 e
407 1600 523 1630 terra:
548 1600 584 1625 et
603 1593 663 1625 fiet
679 1603 758 1625 cum
777 1593 1070 1634 prophetaverint
1087 1593 1141 1624 vir
1157 1593 1320 1632 amplius,
1338 1592 1458 1623 dicent
1474 1591 1518 1622 ad
1537 1600 1618 1622 eum
1636 1599 1697 1630 pa-

372 1643 426 1669 ter
442 1638 520 1678 ejus
541 1644 576 1668 et
595 1643 710 1668 mater
726 1637 816 1677 ejus,
834 1637 893 1678 qui
910 1643 1129 1677 generarunt
1148 1646 1240 1674 eum,
1260 1636 1342 1667 Non
1363 1636 1463 1667 vives
1477 1644 1502 1671 ;.
1515 1659 1524 1667 .
1537 1659 1545 1666 .
1560 1631 1695 1675 .[¹¹quin

372 1681 581 1712 confodient
600 1690 682 1712 eum
701 1688 802 1720 pater
818 1680 896 1721 ejus
917 1687 953 1711 et
973 1687 1087 1711 mater
1104 1680 1182 1720 ejus
1199 1680 1258 1720 qui
1275 1685 1494 1720 generarunt
1510 1687 1610 1709 eum.
1624 1702 1632 1709 .
1646 1702 1654 1709 .
1668 1687 1696 1709 .:

372 1725 431 1756 fiet
445 1725 482 1756 in
498 1725 555 1756 die
570 1724 642 1762 illo,
656 1724 838 1764 pudefient
851 1725 1056 1764 prophetae,
1070 1724 1125 1755 vir
1138 1730 1283 1764 propter
1295 1723 1473 1754 visionem
1488 1731 1602 1759 suam,
1616 1731 1695 1752 cum

371 1769 676 1809 prophetaverint,
691 1778 805 1809 neque
818 1768 967 1799 induent
980 1768 1136 1799 tunicam
1151 1767 1212 1808 pili
1229 1773 1267 1798 ut
1281 1767 1520 1803 mentiantur:
1544 1772 1579 1796 et
1593 1766 1695 1802 dicet,

375 1812 456 1844 Non
477 1813 652 1852 propheta
670 1822 748 1852 eg0,
770 1812 823 1843 vir
842 1812 964 1843 colens
984 1818 1114 1843 terram
1135 1821 1213 1852 ego,
1231 1811 1314 1852 quia
1332 1811 1442 1841 homo
1459 1809 1620 1841 vendidit
1638 1818 1695 1840 me

371 1867 395 1888 a
411 1857 564 1897 pueritia
576 1856 595 1867 '’
612 1856 697 1895 (xiii.
716 1854 807 1897 2-4[,
828 1853 897 1897 5]):

206 1944 294 1986 hoc
321 1945 378 1986 de
403 1945 603 1986 adventu
630 1944 815 1994 Domini
841 1945 885 1984 in
911 1943 1141 1991 mundum,
1170 1949 1216 1984 et
1243 1943 1299 1984 de
1325 1942 1573 1984 abolitione
1599 1941 1694 1983 cul-

209 2014 283 2049 tus
307 2008 696 2062 repraesentativi‚
726 2014 821 2048 tum
848 2007 1099 2048 falsitatum
1125 2007 1285 2060 quibus
1316 2004 1521 2047 doctrina
1546 2005 1694 2047 eccle-

210 2072 302 2112 siae
328 2077 434 2112 tunc
462 2072 654 2120 scatuit;
693 2084 798 2110 nam
830 2084 944 2123 gens
967 2070 1168 2123 Judaica‚
1195 2070 1314 2124 apud
1345 2083 1478 2123 quam
1511 2069 1591 2110 suit
1617 2069 1694 2109 illa

208 2133 414 2181 ecclesia,
438 2147 620 2174 omnem
648 2133 820 2174 cultum
847 2133 997 2186 posuit
1022 2133 1067 2173 in
1094 2133 1312 2181 externis,
1340 2139 1386 2173 et
1418 2131 1528 2172 nihil
1555 2132 1599 2172 in
1625 2132 1694 2172 in-

211 2197 379 2246 ternis;
411 2196 497 2237 hoc
521 2203 606 2244 est,
626 2197 669 2236 in
693 2195 920 2236 sacrificiis
943 2202 989 2236 et
1012 2195 1177 2237 talibus
1198 2210 1312 2249 quae
1330 2202 1525 2236 externa
1546 2201 1691 2242 erant,

212 2266 258 2300 et
285 2259 393 2300 nihil
419 2260 463 2300 in
490 2259 714 2300 charitate
746 2266 792 2300 et
825 2258 924 2307 fide,
952 2273 1067 2312 quae
1097 2259 1275 2300 interna
1300 2266 1431 2309 sunt;
1469 2259 1573 2299 inde
1598 2258 1693 2299 cul-

211 2327 285 2363 tus
315 2328 362 2363 et
393 2320 597 2363 doctrina
628 2322 904 2362 constabant
937 2336 996 2362 ex
1028 2323 1161 2363 meris
1192 2322 1478 2370 falsitatibus,
1512 2328 1559 2363 et
1596 2322 1694 2375 ipsa

211 2397 325 2437 gens
364 2385 408 2425 in
448 2398 496 2425 se
532 2383 738 2437 spe6iata
781 2391 877 2425 erat
914 2384 1169 2425 idololatra.
1230 2384 1438 2425 Abolitio
1475 2384 1632 2425 talium
1668 2398 1695 2425 a

211 2445 409 2487 Domino
440 2461 519 2500 per
553 2447 631 2487 illa
662 2446 913 2500 prophetae
944 2446 1082 2487 verba
1112 2447 1402 2488 describitur:
1446 2461 1582 2501 quare
1614 2461 1694 2500 per

214 2509 536 2550 “Exscindam
559 2511 743 2550 nomina
760 2509 983 2550 idolorum
1006 2523 1030 2550 e
1052 2516 1185 2558 terra,
1205 2517 1253 2550 ut
1277 2524 1367 2550 non
1386 2517 1694 2552 memorentur

211 2571 441 2625 amplius,”
467 2571 744 2625 significatur
768 2572 956 2612 abolitio
988 2571 1136 2613 cultus
1167 2572 1455 2620 idololatrici,
1484 2573 1571 2614 hoc
1604 2580 1690 2620 est,

211 2633 359 2676 cultus
381 2647 502 2676 mere
521 2633 735 2676 ¹²]externi
753 2635 922 2688 absque
941 2635 1144 2676 interno:
1178 2649 1256 2689 per
1280 2639 1306 2656 “
1322 2637 1512 2676 transire
1530 2636 1690 2677 faciam

211 2697 458 2750 prophetas
498 2703 545 2738 et
586 2698 790 2751 spiritum
832 2697 1111 2738 immundum
1152 2712 1176 2738 e
1217 2704 1336 2739 terra
1354 2698 1373 2714 ”
1414 2698 1693 2752 significatur

213 2758 400 2800 abolitio
431 2759 678 2800 falsitatum
709 2758 965 2800 doctrinae:
1009 2773 1088 2813 per
1122 2761 1242 2814 quod
1276 2761 1469 2802 “dicent
1501 2761 1558 2802 ad
1590 2775 1689 2802 eum

213 2828 343 2875 pater
364 2822 457 2874 ejus
477 2829 523 2863 et
546 2829 692 2863 mater
713 2822 819 2874 ejus,
839 2823 912 2875 qui
935 2830 1209 2875 generarunt
1232 2837 1347 2872 eum,
1368 2837 1468 2864 cum
1492 2824 1688 2878 prophe·

215 2886 412 2926 taverint
449 2885 654 2939 amplius,
689 2884 792 2926 Non
829 2885 991 2936 vives‚”
1027 2885 1303 2939 significatur
1341 2887 1461 2941 quod
1497 2886 1690 2930 ecclesia
