1962 3334
602 278 708 311 CAP.
730 278 812 319 1x.,
834 277 974 311 VERs.
1001 276 1170 321 14—N.
1196 228 1352 321 569[2].
1448 287 1455 292 -
1614 275 1720 319 1427

409 391 566 430 Israelis,
578 397 614 423 et
626 392 829 423 universam
841 391 988 422 domum
999 390 1170 432 Jehudae,
1182 395 1219 422 ut
1232 395 1355 421 essent
1366 388 1475 420 Mihi.
1489 413 1497 420 .
1510 388 1563 421 ,in
1578 398 1721 426 nomen,

409 437 446 467 in
462 436 605 467 laudem
622 442 658 467 et
676 435 712 466 in
731 436 851 472 decus,
869 435 932 466 sed
949 444 1023 465 non
1039 434 1278 465 obediverunt
1289 432 1308 445 '’
1324 433 1413 472 (xiii.
1428 440 1500 471 1-7,
1517 432 1588 472 11):

235 538 314 578 per
348 524 459 565 haec
497 523 925 578 repraesentabatur
959 521 1103 576 qualis
1140 521 1350 562 Ecclesia
1386 519 1638 562 Israelitica
1673 526 1720 561 et

230 587 418 640 judaica
442 586 523 627 fuit
554 593 601 627 et
626 584 745 626 facta
775 591 873 635 est;
911 598 990 638 per
1017 584 1286 637 “cingulum
1318 583 1438 632 lini,”
1463 583 1584 637 quod
1616 596 1720 636 pro-

232 649 375 703 pheta
418 649 546 690 daret
591 662 724 702 super
763 648 942 688 lumbos
982 661 1101 695 suos,
1143 646 1424 700 significatur
1464 643 1721 699 conjunctio

232 711 452 752 ecclesiae
492 724 592 752 cum
630 711 827 752 Domino
869 724 948 764 per
984 710 1214 760 Verbum;
1258 723 1337 763 per
1374 707 1721 762 “prophetam'’
1788 742 1790 744 ,

232 775 352 815 enim
384 772 660 826 significatur
690 771 895 813 doctrina
931 787 990 813 ex
1022 772 1193 820 Verbo,
1226 779 1273 813 et
1307 785 1386 825 per
1419 771 1688 824 “cingulum
1701 770 1721 784 '⁹

233 850 366 889 super
397 835 646 889 prophetae
678 835 855 876 lumbos
887 833 1170 888 conjunctio:
1208 833 1547 875 falsificationes
1578 833 1721 874 Verbi

233 913 313 952 per
343 898 463 939 mala
492 899 614 939 vitae
645 905 691 939 et
723 898 835 939 falsa
867 896 1114 945 doctrinae,
1148 903 1195 938 et
1227 897 1332 938 inde
1363 897 1601 937 ratiocinia
1632 895 1721 936 illis

231 962 445 1009 faventia,
461 961 770 1014 significantur
787 975 865 1015 per
882 965 907 981 “
919 960 1150 1013 cingulum
1164 967 1426 1013 corruptum
1442 960 1486 1000 in
1503 959 1721 1000 foramine

233 1030 391 1078 petrae
416 1024 473 1064 ad
506 1023 840 1077 Euphratem:”
871 1037 950 1077 per
975 1023 1180 1064 Verbum
1211 1023 1330 1063 enim
1362 1029 1433 1063 est
1464 1019 1721 1074 conjunctio

235 1086 419 1127 Domini
450 1099 551 1126 cum
582 1086 802 1136 ecclesia;
844 1093 891 1127 et
928 1099 1030 1127 cum
1066 1085 1110 1125 id
1148 1099 1227 1139 per
1257 1085 1493 1125 ratiocinia
1523 1084 1722 1125 faventia

234 1149 364 1190 malis
396 1155 442 1189 et
473 1148 595 1189 falsis
627 1149 911 1201 pervertitur,
945 1154 1053 1189 tunc
1085 1147 1278 1201 amplius
1310 1146 1434 1187 nulla
1465 1144 1722 1199 conjumffio

233 1218 319 1259 est,
346 1211 466 1265 quod
497 1212 634 1252 etiam
666 1211 936 1264 intelligitur
966 1224 1045 1264 per
1075 1210 1195 1264 quod
1229 1214 1362 1250 “non
1393 1210 1631 1263 prodesset
1662 1209 1721 1250 ad

233 1274 509 1327 quicquam.”
570 1273 703 1326 Quod
737 1274 822 1314 hoc
858 1287 885 1314 a
915 1273 1097 1326 Judaeis
1133 1271 1300 1314 sactum
1338 1273 1412 1321 sit,
1445 1278 1630 1313 constat
1661 1286 1721 1312 ex

234 1335 389 1377 Verbo
428 1342 523 1377 tam
561 1336 742 1377 Veteris
782 1349 916 1390 quam
954 1335 1073 1376 Novi
1113 1330 1429 1385 Testamenti;
1467 1349 1527 1375 ex
1565 1334 1722 1375 Verbo

234 1398 353 1439 Novi
371 1399 671 1447 Testamenti,
691 1399 811 1452 quod
829 1399 1131 1452 perverterint
1149 1399 1300 1438 omnia
1317 1411 1431 1452 quae
1449 1398 1505 1438 de
1523 1397 1722 1438 Domino

236 1462 405 1515 scripta
434 1469 538 1502 sunt
571 1462 614 1501 in
641 1461 810 1509 Verbo,
838 1468 884 1502 et
907 1475 1085 1515 quoque
1110 1462 1262 1501 omnia
1287 1460 1549 1501 essentialia
1573 1460 1721 1501 eccle·

235 1525 342 1572 siae,
383 1530 430 1564 et
470 1524 590 1577 quod
637 1523 714 1564 illa
754 1522 1088 1564 falsificaverint
1126 1537 1204 1577 per
1240 1523 1523 1564 traditiones,
1582 1522 1722 1576 Apud

236 1586 444 1634 eundem,

301 1673 447 1715 “Quum
472 1674 671 1705 absolveris
692 1674 810 1714 legere
830 1674 959 1705 librum
983 1674 1088 1711 hunc,
1108 1674 1236 1714 ligabis
1256 1674 1414 1714 lapidem
1439 1684 1546 1714 super
1569 1683 1661 1711 eum,
1686 1680 1723 1705 et

409 1717 577 1757 projicies
601 1727 682 1748 eum
709 1717 745 1748 in
770 1717 929 1748 medium
957 1717 1149 1757 Euphratis
1163 1727 1171 1755 ;
1202 1724 1238 1748 et
1262 1717 1370 1754 dices,
1391 1717 1448 1748 Sic
1472 1718 1723 1758 submergetur

410 1760 530 1797 Babel,
550 1770 615 1791 nec
633 1767 796 1801 resurget
807 1760 825 1771 ''
842 1761 889 1799 (li.
907 1761 963 1799 63,
978 1761 1052 1800 64):

203 1899 206 1902 ⁴
238 1861 317 1902 per
343 1847 573 1888 “librum‘'
599 1847 865 1901 prophetae,
892 1861 1024 1901 quem
1052 1847 1179 1900 legit,
1206 1848 1250 1888 in
1276 1848 1426 1901 specie
1451 1847 1723 1901 intelligitur

237 1910 283 1951 id
309 1909 510 1951 Verbum
532 1910 651 1963 quod
677 1911 721 1950 in
743 1924 798 1951 eo
824 1910 938 1951 libro
957 1925 967 1960 3
999 1911 1044 1950 in
1066 1924 1232 1963 genere
1255 1917 1408 1951 autem
1431 1918 1581 1952 totum
1604 1911 1721 1953 Ver-

237 1973 369 2013 bum:
406 1973 526 2026 quod
556 1972 830 2026 “projiceret
863 1973 987 2013 illum
1019 1974 1063 2014 in
1095 1974 1292 2014 medium
1324 1973 1571 2027 Euphratis
1584 1974 1604 1988 ’¹
1629 1975 1720 2028 sig-

237 2034 389 2076 nificat
437 2036 557 2089 quod
598 2036 800 2076 Verbum
846 2049 1056 2077 successu
1101 2037 1319 2089 temporis
1364 2050 1443 2090 per
1486 2038 1722 2078 ratiocinia

236 2098 433 2139 faventia
459 2098 589 2138 malis
620 2097 931 2139 falsificaretur
961 2099 1019 2139 ab
1054 2098 1142 2139 illis
1179 2100 1252 2153 qui
1290 2099 1606 2153 intelliguntur
1642 2114 1721 2153 per

238 2160 534 2209 “Babelem‚”
557 2162 630 2214 qui
657 2168 761 2202 sunt
783 2162 858 2215 qui
881 2161 1083 2202 Verbum
1106 2162 1381 2203 adulterant.
1440 2162 1579 2216 Apud
1600 2162 1721 2204 Esa-

236 2236 339 2271 tam,

304 2313 323 2326 ‘⁴
334 2311 535 2343 Devovebit
552 2312 714 2353 Jehovah
732 2313 891 2352 linguam
909 2312 1018 2344 maris
1036 2312 1192 2353 Aegypti
1207 2322 1214 2350 ;
1238 2319 1273 2344 et
1289 2314 1440 2354 agitabit
1452 2323 1598 2345 manum
1615 2324 1723 2355 super

411 2355 558 2386 fluvium
572 2355 588 2366 ”
602 2355 818 2395 Euphratem
837 2358 945 2387 “cum
959 2356 1186 2387 vehementia
1202 2357 1299 2388 venti
1316 2357 1381 2395 sui,
1396 2364 1431 2388 et
1450 2358 1624 2397 percutiet
1641 2367 1722 2388 eum

411 2398 447 2429 in
467 2405 604 2438 septem
626 2400 734 2435 rivos,
753 2406 790 2430 ut
810 2399 905 2429 viam
926 2399 1035 2430 faciat
1054 2409 1135 2430 cum
1155 2400 1307 2436 calceis:
1331 2407 1414 2431 tunc
1434 2401 1502 2432 erit
1521 2401 1651 2432 semita
1668 2411 1723 2432 re-

411 2441 529 2482 liquiis
541 2443 662 2482 populi
680 2442 774 2481 Ejus,
788 2452 876 2482 quae
889 2442 1050 2473 residuae
1064 2449 1167 2474 erunt
1178 2444 1223 2474 ab
1236 2444 1407 2481 Aschure,
1420 2445 1721 2484 quemadmodum

410 2485 478 2516 fuit
497 2485 637 2517 Israeli.
653 2511 659 2517 .
674 2495 770 2517 ,cum
789 2486 997 2517 ascenderet
1014 2496 1033 2517 e
1051 2493 1145 2518 terra
1162 2487 1319 2528 Aegypti
1331 2487 1349 2499 ”
1366 2485 1461 2527 (mxi.
1482 2496 1531 2526 15,
1552 2489 1605 2527 16)
1620 2499 1627 2519 ;

238 2585 317 2625 per
340 2571 452 2613 haec
478 2572 755 2625 significatur
778 2573 898 2626 quod
921 2586 1072 2613 coram
1099 2573 1186 2614 illis
1207 2575 1280 2627 qui
1306 2575 1349 2615 in
1375 2576 1492 2615 veris
1518 2588 1576 2615 ex
1599 2575 1721 2615 bono

238 2649 264 2676 a
296 2635 493 2676 Domino
519 2643 637 2682 sunt,
666 2649 743 2675 seu
769 2636 844 2688 qui
876 2635 933 2675 ab
964 2635 1170 2685 ecclesia,
1203 2638 1539 2691 dissipabuntur
1570 2639 1721 2678 omnia

236 2696 348 2738 salsa
373 2703 419 2738 et
450 2697 684 2738 ratiocinia
710 2711 767 2738 ex
796 2697 896 2746 illis,
924 2704 970 2738 et
997 2699 1117 2751 quod
1144 2700 1231 2740 tuti
1257 2701 1382 2753 quasi
1414 2714 1493 2753 per
1522 2701 1718 2741 medium

239 2760 471 2800 transituri
498 2761 614 2809 sint3
652 2761 716 2800 ita
747 2759 795 2800 fit
828 2761 872 2800 in
904 2761 1073 2802 mundo
1104 2763 1323 2815 spirituali
1356 2763 1443 2803 illis
1475 2777 1587 2817 quos
1621 2763 1716 2804 Do·

238 2823 382 2862 minus
409 2828 608 2863 tutatur:
643 2823 786 2863 simile
813 2823 883 2864 hic
911 2824 1194 2877 intelligitur,
1221 2826 1340 2879 quod
1367 2840 1445 2879 per
1474 2827 1717 2867 “exsicca-

240 2884 409 2925 tionem
441 2886 572 2925 maris
605 2884 727 2939 Suph
754 2899 906 2926 coram
932 2885 1030 2926 filiis
1063 2887 1290 2928 Israelis:”
1326 2889 1388 2929 illi
1420 2889 1492 2942 qui
1524 2889 1662 2930 tutati
1694 2902 1720 2930 a
