1962 3334
614 291 720 324 CAP.
743 291 825 333 1x.‚
848 291 986 324 VERS.
1008 282 1155 324 8.-N.
1180 291 1200 335 5
1208 291 1228 335 5
1236 280 1344 336 5[b].
1443 286 1449 291 ·
1618 284 1727 336 1389

410 415 532 438 eorum
546 405 696 437 seorsim
712 415 719 442 ς
736 405 871 437 familia
882 405 1009 437 domus
1021 404 1197 437 Nathanis
1208 405 1359 437 seorsim
1373 411 1409 436 et
1422 405 1586 437 mulieres
1601 415 1725 436 eorum

410 449 581 486 seorsim:
605 449 743 480 familia
758 449 885 480 domus
906 448 991 480 Levi
1007 449 1159 480 seorsim
1178 455 1214 480 et
1230 449 1398 480 mulieres
1418 458 1538 480 eorum
1552 449 1702 480 seorsim
1717 458 1725 486 ;

409 493 546 524 familia
567 492 695 524 domus
719 492 942 524 Schimeonis
966 493 1117 524 seorsim
1144 499 1180 524 et
1207 493 1376 524 mulieres
1403 502 1527 523 eorum
1551 493 1725 528 seorsim:

410 545 536 568 omnes
552 535 707 568 familiae
724 536 892 577 reliquae,
909 536 1072 576 singulae
1087 536 1245 568 familiae
1262 535 1413 567 seorsim
1429 542 1466 568 et
1481 535 1647 567 mulieres
1667 545 1726 566 eo-

409 588 487 610 rum
504 579 654 611 seorsim
665 578 683 591 '¹
700 579 771 619 (xii.
791 580 910 619 11-14)
924 590 931 611 :

236 671 341 726 quid
366 685 445 725 per
470 672 732 713 “Davidem
747 672 766 688 ’'
787 678 834 714 et
865 671 957 725 ejus
982 672 1180 721 domum,
1207 679 1304 714 tum
1330 672 1435 727 quid
1462 685 1542 725 per
1569 670 1723 725 [“Na-

235 733 479 788 thanem‚‘’]
520 735 730 776 “Levin”
765 749 817 776 ac
856 735 1243 776 “Schimeonem’'
1279 741 1328 777 et
1372 748 1527 777 eorum
1563 735 1724 776 domus

235 797 524 850 significatur,
556 811 688 851 supra
718 798 761 838 in
793 798 1171 851 explicationibus
1202 804 1434 840 ostensum
1465 803 1563 848 est;
1604 797 1723 851 quod

236 872 398 912 nempe
424 873 502 913 per
524 861 784 901 “Davidem
797 860 817 876 ’'
842 861 1053 901 Divinum
1074 860 1260 910 Verum,
1287 874 1367 914 per
1393 859 1725 902 “Nathanem'’

235 919 439 963 doetrina
459 923 564 972 veri,
587 936 666 976 per
688 923 868 964 “Levin
883 923 903 938 '’
924 924 1092 964 bonum
1114 923 1362 972 charitatis,
1386 930 1433 965 et
1455 937 1533 976 per
1556 922 1723 964 “Schi-

235 985 477 1026 meonem‘’
501 999 654 1027 verum
681 993 727 1027 et
758 986 924 1027 bonum
950 986 1099 1040 quoad
1131 987 1469 1040 perceptionem
1494 993 1541 1028 et
1567 987 1723 1028 obedi-

235 1049 429 1089 entiam:
466 1049 586 1103 quod
611 1050 785 1090 dicatur
809 1049 929 1103 quod
957 1048 1185 1090 “familiae
1216 1049 1437 1104 plangent
1463 1051 1650 1091 seorsim
1676 1056 1723 1091 et

234 1111 442 1152 mulieres
481 1112 705 1160 seorsim,”
744 1118 814 1153 est
854 1113 956 1166 quia
1000 1125 1079 1165 per
1119 1112 1345 1153 “familias
1357 1112 1377 1128 '’
1416 1111 1725 1166 significantur

236 1188 343 1214 vera
375 1174 606 1223 ecclesiae,
645 1181 692 1216 et
731 1188 810 1227 per
847 1174 1092 1216 “mulieres
1105 1175 1127 1191 ‘'
1165 1173 1425 1216 affectiones
1464 1176 1570 1224 veri,
1610 1190 1724 1229 quae

237 1240 262 1257 ¹⁴
277 1236 498 1290 plangunt
520 1238 704 1278 seorsim
717 1237 736 1252 ”
758 1237 938 1291 quando
959 1251 1113 1278 verum
1139 1238 1315 1291 plangit
1341 1238 1460 1292 quod
1483 1239 1523 1279 ei
1547 1237 1725 1279 affec‘tio

236 1313 327 1340 non
352 1301 424 1349 sit,
447 1306 494 1341 et
515 1298 691 1341 affectio
716 1301 836 1354 quod
862 1301 901 1341 ei
923 1314 1076 1342 verum
1103 1315 1192 1342 non
1219 1303 1302 1343 sit:
1334 1301 1446 1343 haec
1473 1300 1594 1343 dicta
1618 1309 1723 1343 sunt

224 1362 293 1403 ,de
318 1361 501 1415 planctu
525 1376 658 1416 super
682 1364 831 1404 omnia
860 1370 908 1404 et
938 1364 1114 1417 singula
1138 1365 1370 1413 ecclesiae,
1397 1365 1518 1418 quod
1544 1373 1725 1407 vastata

235 1430 282 1466 et
307 1423 538 1467 destructa
562 1427 678 1476 sint;
715 1427 865 1467 omnia
890 1427 1008 1467 enim
1034 1433 1081 1468 et
1106 1427 1284 1480 singula
1308 1427 1526 1469 ecclesiae
1552 1428 1722 1482 signifi-

178 1484 183 1490 '
234 1494 395 1528 cantur
415 1501 494 1541 per
513 1492 708 1529 “omnes
725 1489 918 1542 reliquas
939 1489 1167 1538 samilias‚”
1184 1503 1263 1543 per
1279 1504 1390 1544 quas
1407 1491 1724 1544 intelliguntur

234 1549 401 1600 tribus;
441 1551 560 1604 quod
597 1564 676 1603 per
714 1551 989 1592 “duodecim
1025 1552 1199 1593 tribus‘’
1229 1552 1538 1606 significentur
1573 1556 1725 1595 omnia

234 1610 457 1652 ecclesiae
474 1611 518 1651 in
536 1611 798 1664 complexu,
816 1612 1025 1653 videatur
1041 1626 1176 1666 supra
1193 1624 1238 1662 (n.
1250 1624 1428 1665 430[⁰·b]·
1443 1625 1544 1666 431)
1561 1628 1569 1654 :
1605 1614 1722 1655 “Hi-

235 1671 520 1724 erosolyma''
545 1672 767 1725 significat
796 1673 1034 1714 ecclesiam
1064 1681 1111 1714 et
1142 1673 1234 1726 ejus
1260 1673 1523 1716 doctrinam.
1584 1675 1724 1728 Apud

234 1733 527 1783 Matthaeum,

298 1823 319 1837 ⁴¹
329 1822 429 1854 Tunc
448 1823 519 1854 duo
539 1830 642 1855 erunt
661 1824 696 1855 in
717 1834 814 1864 agro,
834 1834 926 1855 unus
945 1831 1146 1856 assumetur
1161 1831 1196 1856 et
1215 1825 1304 1856 alter
1322 1826 1605 1867 derelinquetur:
1630 1827 1722 1859 duae

407 1867 583 1898 molentes
602 1867 638 1898 in
663 1867 769 1905 mola,
789 1877 860 1898 una
883 1875 1093 1907 assumetur,
1114 1875 1150 1900 et
1172 1869 1283 1900 altera
1301 1870 1564 1911 derelinquetur
1578 1870 1596 1882 ’⁹
1614 1871 1723 1910 (xxiv.

405 1918 458 1948 40,
475 1911 551 1950 41):

233 2010 314 2050 per
344 1997 524 2038 “duos”
554 1998 870 2051 inteliiguntur
900 1999 993 2048 viri,
1025 2005 1073 2040 et
1109 2013 1188 2052 per
1224 2000 1372 2041 “duas
1386 2001 1406 2016 ’'
1436 2001 1641 2050 feminae,
1673 2010 1721 2044 et

234 2074 314 2114 per
345 2061 502 2102 “viros
515 2061 535 2077 '’
565 2061 874 2114 significantur
905 2063 978 2116 qui
1008 2063 1052 2103 in
1083 2064 1199 2104 veris
1230 2071 1348 2112 sunt,
1371 2071 1420 2105 et
1451 2078 1531 2117 per
1557 2066 1721 2106 “femi-

232 2136 312 2164 nas
323 2123 344 2139 '’
359 2125 432 2177 qui
453 2124 497 2164 in
520 2124 639 2165 bono
661 2138 719 2165 ex
737 2123 972 2166 affeffione
993 2126 1084 2166 veri
1102 2140 1111 2176 ;
1144 2127 1214 2167 hic
1237 2140 1412 2181 quoque
1435 2141 1514 2180 per
1532 2129 1720 2169 “viros‘’

233 2187 305 2239 qui
335 2187 378 2227 in
409 2187 543 2235 falsis,
576 2194 622 2228 et
654 2201 732 2240 per
764 2188 1021 2229 “seminas”
1051 2189 1124 2242 qui
1160 2190 1204 2230 in
1236 2190 1364 2231 malis
1395 2205 1454 2231 ex
1486 2189 1720 2232 affectione

234 2247 356 2298 salsi;
388 2249 491 2302 quia
511 2250 672 2290 dicitur
693 2250 812 2303 quod
836 2264 947 2291 unus
973 2257 1019 2292 et
1045 2265 1133 2292 una
1155 2256 1475 2294 “assumentur
1486 2253 1505 2269 ’'
1526 2266 1578 2294 ac
1604 2254 1721 2295 alter

232 2317 279 2352 et
309 2311 452 2352 altera
478 2312 917 2366 “derelinquentur,”
942 2313 1027 2354 hot:
1059 2321 1144 2361 est,
1171 2316 1291 2368 quod
1322 2315 1615 2356 salvabuntur
1646 2318 1719 2370 qui

233 2373 277 2413 in
302 2374 417 2414 veris
447 2388 506 2415 ex
532 2373 780 2422 affectione,
808 2382 854 2416 et
881 2376 1301 2418 condemnabuntur
1325 2378 1398 2431 qui
1429 2379 1472 2418 in
1505 2378 1634 2419 malis
1660 2393 1718 2420 ex

233 2434 492 2477 affectione:
535 2437 712 2490 “ager”
743 2437 964 2490 significat
996 2439 1247 2488 ecclesiam,
1282 2440 1488 2482 “molere
1501 2440 1521 2455 ’'
1551 2441 1719 2496 signifi·

234 2504 307 2539 cat
333 2511 592 2551 comparare
618 2501 698 2540 sibi
724 2514 830 2541 vera
855 2499 1085 2542 doctrinae
1111 2513 1171 2543 ex
1193 2502 1375 2554 Verb0;
1407 2511 1454 2545 et
1476 2506 1549 2559 qui
1574 2507 1718 2559 appli-

233 2567 339 2601 cant
361 2560 436 2602 illa
457 2562 514 2602 ad
537 2562 702 2603 bonum
722 2562 1028 2616 significantur
1045 2577 1123 2616 per
1143 2565 1243 2606 illos
1266 2567 1339 2619 qui
1359 2561 1719 2617 “assumenturff

233 2629 280 2663 at
305 2624 378 2676 qui
409 2624 638 2677 applicant
670 2625 746 2666 illa
782 2626 838 2666 ad
871 2626 1036 2667 malum
1066 2627 1374 2680 significantur
1404 2644 1483 2683 per
1512 2631 1613 2673 illos
1645 2633 1718 2685 qui

235 2688 261 2703 ‘⁴
274 2683 684 2738 derelinquentur.”
731 2698 808 2733 (Sed
828 2698 890 2727 hoc
906 2698 1096 2736 explicatum
1113 2700 1258 2730 videatur
1271 2701 1303 2730 in
1318 2702 1457 2731 Arcanis
1476 2703 1669 2737 Caeleslibus,
1686 2713 1717 2733 n.

232 2760 321 2789 4334-
335 2753 441 2791 4335.)
498 2742 638 2796 Apud
658 2744 827 2793 Mosen,

300 2828 317 2842 '¹
328 2826 516 2861 fracturus
529 2839 607 2861 sum
622 2831 722 2862 vobis
737 2832 900 2863 baculum
919 2833 1030 2872 panis,
1044 2839 1082 2865 ut
1099 2842 1252 2875 coquant
1265 2836 1386 2867 decem
1401 2837 1566 2869 mulieres
1585 2848 1713 2877 panem

405 2879 561 2904 vestrum
586 2874 621 2904 in
646 2874 750 2905 furno
774 2885 855 2912 uno,
876 2883 910 2906 et
931 2876 1084 2908 referant
1104 2888 1231 2918 panem
1254 2886 1410 2912 vestrum
1436 2881 1471 2912 in
1494 2882 1660 2922 pondere,
1680 2888 1717 2914 et

405 2916 598 2948 comedatis
615 2918 677 2949 sed
695 2927 766 2949 non
788 2919 965 2951 satiemini
979 2919 996 2931 ”
1013 2921 1134 2958 (Levit.
1151 2923 1245 2954 xxvi.
1264 2923 1318 2964 26)
1334 2934 1339 2955 :
