1962 3334
590 281 698 315 CAP.
718 281 802 322 XL,
824 280 962 313 VERs.
984 247 1133 324 9ζ-Ν,
1154 269 1335 324 659[d].
1492 267 1495 269 ’
1602 279 1704 322 1771

222 408 303 449 per
328 394 709 436 “tabernaculum
724 393 745 409 ''
769 394 815 434 in
839 393 997 435 Verbo
1021 391 1302 446 significatur
1326 390 1534 433 sanetum
1559 390 1709 432 cultus

222 470 275 498 ac
306 457 473 498 bonum
504 457 685 506 amoris,
714 457 819 510 quia
849 455 999 497 cultus
1025 455 1214 496 Divinus
1239 454 1565 508 antiquissimis
1590 459 1708 494 tem-

222 520 403 574 poribus
433 519 570 560 fiebat
602 520 647 560 in
680 519 1000 567 tabernaculis,
1032 525 1080 559 et
1111 519 1215 572 quia
1245 517 1394 559 cultus
1425 529 1580 558 eorum
1610 522 1709 557 erat

223 597 284 623 ex
308 583 430 623 bono
454 583 619 623 amoris
644 581 869 634 caelestis,
896 581 999 622 ideo
1023 595 1103 635 per
1130 579 1544 621 “tabernaculum''
1569 580 1710 620 etiam

221 643 500 698 significatur
523 645 568 685 id
593 645 787 694 bonum;
818 644 1031 698 quoniam
1055 644 1178 684 bono
1203 643 1392 684 caelesti
1416 649 1487 684 est
1509 642 1710 695 genuina

221 721 328 760 an,
368 707 472 748 ideo
510 707 687 756 dicitur,
728 706 1031 759 “Cognosces
1069 706 1190 760 quod
1229 719 1322 759 pax
1363 703 1708 747 tabernaculum

221 769 388 810 tuum:'
439 783 547 810 vera
576 784 636 810 ex
666 769 747 810 illo
770 770 907 818 bono,
936 775 983 810 et
1010 768 1190 810 illorum
1215 770 1511 817 incrementa,
1536 766 1709 821 signifi-

221 838 383 872 cantur
406 846 486 886 per
509 831 745 873 “liberos''
765 833 839 886 qui
867 835 1038 872 “erunt
1062 832 1179 872 sicut
1204 831 1346 872 herba
1370 837 1546 880 terrae;
1550 829 1571 844 ’¹
1602 843 1708 870 nam

223 898 250 914 ‘⁸
240 893 339 935 filu
351 894 372 911 ”
418 901 465 936 et
513 893 716 935 “liberi”
759 893 1019 948 significant
1062 907 1170 935 vera
1216 908 1277 935 ex
1321 893 1457 942 bono,
1503 892 1710 933 similiter

222 956 404 998 “herba
427 963 606 998 terrae:
612 957 784 1010 ”quod
809 963 1053 1010 postquam
1078 957 1302 1010 sapientia
1325 955 1524 996 imbutus
1549 961 1636 1002 est,
1663 955 1709 994 in

219 1019 395 1060 caelum
420 1026 636 1060 venturus
666 1020 741 1068 sit,
768 1018 1052 1072 significatur
1082 1033 1162 1072 per
1189 1018 1399 1060 “Venies
1430 1018 1474 1058 in
1506 1017 1633 1058 senio
1662 1018 1709 1057 in

219 1081 505 1135 sepulchrum
523 1082 559 1132 ;”
601 1083 813 1123 “senium
824 1081 845 1097 ”
869 1081 1096 1135 significat
1127 1082 1414 1135 sapientiam,
1439 1086 1487 1122 et
1515 1082 1709 1121 “venire

219 1144 264 1185 in
294 1144 581 1198 sepulchrum
593 1144 613 1160 ’‘
634 1159 713 1185 seu
741 1143 989 1198 “sepeliri'’
1018 1142 1420 1194 msam-estimem
1458 1157 1574 1197 quae
1604 1144 1709 1197 quia

218 1206 503 1259 intelligitur,
529 1207 632 1248 ideo
663 1208 840 1256 dicitur,
870 1208 1026 1248 “sicut
1059 1207 1306 1248 ascendere
1331 1207 1479 1247 acervi
1511 1207 1556 1246 in
1588 1212 1707 1247 tem-

219 1282 329 1322 pore
360 1269 480 1310 su0.'’
538 1269 614 1310 Ex
646 1270 715 1310 his
746 1271 901 1323 paucis
932 1276 1146 1310 constare
1178 1275 1333 1323 potest
1364 1269 1485 1322 quod
1518 1269 1707 1322 “sepul-

224 1330 372 1380 chra,”
385 1345 445 1372 ex
462 1332 757 1373 cadaveribus
773 1339 820 1373 et
842 1333 1018 1373 ossibus
1035 1332 1294 1373 inanimatis
1312 1331 1434 1379 inibi,
1450 1331 1707 1384 significent

218 1393 465 1443 infernalia,
492 1401 540 1435 at
564 1395 692 1448 'quod
723 1395 1005 1448 “sepelitio”
1031 1395 1256 1448 significet
1274 1393 1574 1447 rejectionem
1605 1394 1708 1435 illo-

218 1469 330 1506 rum,
348 1457 535 1510 proinde
552 1458 691 1498 etiam
709 1456 1082 1499 resurrectionem
1101 1472 1111 1508 ;
1143 1471 1249 1498 nam
1270 1457 1377 1497 dum
1399 1457 1539 1498 homo
1561 1462 1706 1498 mate-

218 1519 327 1561 riale
352 1532 480 1560 suum
510 1533 673 1573 corpus
698 1520 841 1573 rejicit
872 1534 951 1561 seu
981 1521 1126 1570 exuit,
1154 1527 1262 1561 tunc
1289 1520 1434 1561 induit
1459 1520 1705 1573 spirituale,

218 1595 320 1623 cum
341 1596 431 1636 quo
454 1584 673 1635 resurgit:
706 1583 811 1624 inde
837 1597 1015 1637 quoque
1037 1589 1123 1632 est,
1147 1582 1267 1636 quod
1295 1583 1392 1636 ipsa
1418 1596 1538 1623 mors
1560 1582 1707 1624 homi-

219 1645 289 1686 nis
313 1645 358 1686 in
383 1658 517 1686 sensu
542 1645 763 1699 spirituali
788 1646 1012 1699 significet
1035 1647 1425 1687 continuationem
1448 1647 1571 1687 vitae
1596 1646 1705 1699 ejus,

218 1708 406 1749 tametsi
430 1708 475 1750 in
500 1707 623 1748 malo
648 1722 783 1749 sensu
807 1709 1164 1757 damnationem,
1191 1722 1306 1762 quae
1335 1715 1406 1749 est
1433 1721 1553 1749 mors
1578 1710 1707 1763 spiri-

218 1769 369 1811 tualis.
430 1768 656 1822 Quoniam
693 1770 980 1824 ⁴‘sepelitio”
1021 1771 1170 1824 quoad
1210 1771 1441 1811 hominem
1481 1771 1706 1825 significat

219 1830 606 1881 resurrectionem,
639 1838 686 1873 et
717 1847 895 1886 quoque
925 1834 1335 1886 regenerationem,
1367 1834 1470 1874 ideo
1503 1834 1706 1887 “sepeli-

220 1893 317 1935 tio”
342 1894 490 1948 quoad
517 1894 763 1935 Dominum
789 1894 1075 1948 significabat
1101 1895 1479 1948 glorificationem
1507 1896 1707 1939 Humani

221 1956 393 2010 Ipsius;
426 1957 647 1997 Dominus
669 1959 788 1998 enim
810 1965 960 1998 totum
986 1957 1247 1998 Humanum
1269 1971 1397 1998 suum
1419 1958 1704 2012 glorificavit,

218 2019 306 2060 hoc
343 2026 429 2067 est,
463 2019 676 2060 Divinum
707 2020 839 2071 fecit;
884 2027 1160 2074 quapropter
1191 2033 1294 2061 cum
1324 2020 1403 2062 illo
1433 2021 1705 2074 glorificato,

218 2081 305 2122 hoc
323 2088 409 2130 est,
429 2081 594 2122 Divino
615 2080 748 2130 facto,
770 2083 908 2123 tertio
930 2083 1003 2124 die
1024 2083 1269 2124 resurrexit
1287 2096 1296 2123 :
1329 2083 1416 2124 hoc
1439 2084 1523 2124 nisi
1539 2082 1706 2125 factum

218 2143 390 2192 fuisset,
431 2156 567 2184 nemo
610 2144 844 2185 hominum
893 2145 1118 2198 potuisset
1162 2145 1219 2186 ad
1259 2146 1400 2186 vitam
1445 2160 1705 2199 resurgere;

218 2204 485 2247 resurrectio
501 2207 621 2246 enim
647 2207 705 2247 ad
726 2208 869 2248 vitam
891 2207 1061 2248 homini
1083 2214 1154 2248 est
1177 2208 1307 2249 unice
1331 2222 1392 2249 ex
1419 2208 1632 2258 Domino,
1655 2216 1703 2250 et

218 2268 400 2322 quidem
431 2282 490 2309 ex
527 2283 581 2310 eo
617 2270 737 2322 quod
778 2271 970 2311 univerit
1003 2269 1215 2310 Divinum
1249 2270 1465 2312 Humano
1495 2285 1603 2322 suo;
1645 2287 1706 2313 ex

218 2345 307 2384 qua
336 2332 513 2380 unione,
546 2346 662 2385 quae
693 2333 870 2385 proprie
900 2332 1171 2386 intelligitur
1201 2347 1280 2387 per
1310 2334 1704 2387 glorificationem,

219 2399 290 2434 est
315 2393 486 2434 homini
512 2394 733 2435 salvatio:
767 2394 853 2435 hoc
885 2409 1062 2448 quoque
1087 2395 1277 2437 involvit

291 2489 398 2530 Quod
423 2489 603 2522 Dominus
621 2490 710 2522 dixit
737 2491 781 2522 de
801 2491 951 2522 muliere
974 2501 1065 2532 quae
1088 2501 1196 2532 super
1217 2498 1325 2532 caput
1348 2492 1467 2533 Ipsius
1490 2493 1617 2525 effudit
1641 2504 1707 2524 un-

390 2539 561 2573 guentum
596 2534 841 2571 balsamicum,
871 2535 965 2574 quod
999 2535 1044 2566 ad
1071 2535 1324 2575 sepelitionem
1357 2536 1476 2577 Ipsius
1510 2537 1546 2568 id
1579 2537 1706 2569 fecerit

390 2576 531 2615 (Matth.
545 2577 639 2608 xxvi.
657 2584 685 2615 7,
702 2585 761 2615 12;
785 2578 896 2608 Marc.
914 2578 985 2609 xiv.
1002 2579 1043 2616 8,
1071 2579 1153 2620 Joh.
1170 2579 1228 2610 xii.
1246 2581 1298 2618 7).

221 2683 300 2723 per
323 2668 649 2711 “unctionem”
666 2672 786 2712 enim
811 2671 1090 2724 significatur
1114 2672 1387 2726 glorificatio
1411 2674 1503 2722 illa,
1526 2681 1574 2715 et
1600 2676 1703 2728 quia

219 2745 280 2773 ex
306 2746 361 2773 eo
386 2732 555 2773 homini
581 2740 650 2774 est
677 2734 812 2782 salus,
840 2735 942 2775 ideo
967 2735 1023 2776 de
1049 2736 1233 2776 muliere
1259 2736 1336 2777 illa
1362 2737 1538 2785 dicitur,

285 2825 430 2857 “Amen
454 2826 535 2857 dico
558 2827 674 2865 vobis,
699 2828 900 2878 ubicunque
923 2829 1184 2869 praedicabitur
1208 2830 1443 2871 Evangelium
1467 2832 1535 2862 hoc
1561 2831 1595 2862 in
1623 2837 1701 2887 toto¹

395 2868 540 2907 mundo,
565 2871 807 2910 perhibebitur
829 2872 938 2903 etiam
963 2873 1057 2913 quod
1081 2873 1165 2905 iecit
1187 2874 1275 2906 haec
1300 2875 1334 2905 in
1360 2875 1571 2906 memoriam
1591 2874 1701 2915 ejus’¹

392 2913 537 2953 (Matth.
559 2911 685 2956 [xxvi]
704 2924 795 2946 vers.
816 2918 877 2955 13).
