1962 3334
631 294 737 327 CAP.
761 293 843 334 XL,
866 292 1003 325 VERS.
1032 291 1201 336 19.—N.
1223 281 1319 335 699.
1444 267 1446 269 ¹
1609 281 1709 333 1871

868 457 1004 480 VERSUS
1024 457 1073 488 19.

309 523 449 576 ⁶⁹8·
487 537 549 564 “ft
565 538 697 569 apertum
715 538 764 563 est
777 536 914 567 temptum
932 535 983 561 Det·
999 535 1029 561 ἱη
1047 534 1136 564 caelo.
1153 535 1184 561 et
1202 534 1264 560 υῐεα
1282 534 1330 560 est
1346 540 1417 559 arca
1428 532 1562 565 foederls
1577 532 1672 564 'psius
1686 532 1716 557 in

229 579 337 609 tempto
348 585 443 609 wama
453 585 462 603 .-
480 579 511 604 et
521 576 609 610 facta
620 578 690 603 sunt
698 576 819 609 fumum
831 577 862 601 et
873 582 957 601 voces
971 576 1002 601 et
1013 575 1142 601 tonitrua
1155 576 1186 600 et
1197 576 1295 600 terme
1307 575 1402 600 motus
1417 574 1447 599 et
1458 573 1566 605 orando
1579 572 1716 604 maana?

256 670 307 704 ¹9·
340 661 403 695 “ft
415 664 571 705 apertum
590 663 648 694 est
661 660 821 703 templum
835 659 899 692 Dei
910 659 943 692 Ῐη
960 659 1083 696 caelo,''
1099 658 1262 700 significat
1278 657 1621 700 appan'tioneminovi
1634 658 1719 688 caeli

405 712 437 737 et
451 717 558 737 novae
574 706 732 742 ecclesiae,
749 705 807 735 ubi
821 705 928 735 cultus
943 704 1091 734 Domini
1106 703 1157 746 [n.
1176 702 1259 744 699]
1273 714 1282 740 ς
1309 705 1367 735 “ef
1383 701 1456 735 risa
1470 704 1527 734 esf
1540 711 1623 734 arca
1641 702 1715 733 {oe-

407 749 500 783 deris
525 748 637 792 Ipsius
658 748 692 781 in
716 748 841 790 templo
865 747 1005 790 Ipsius?
1022 746 1184 788 significat
1199 747 1375 778 Divinum
1402 746 1533 782 Verum,
1549 750 1616 786 per
1628 746 1719 786 quod

406 795 595 836 conjunctio
609 798 655 824 est
668 804 742 824 cum
759 793 907 823 Domino
925 792 976 834 [n.
995 799 1070 831 700,
1088 790 1185 834 701];
1212 794 1270 823 “et
1283 792 1377 823 facia
1392 793 1475 823 suns
1490 790 1638 832 fulgura,
1657 799 1713 821 ro-

405 848 465 871 ces
487 841 524 870 et
538 836 714 874 tonitrua?
730 835 891 877 significat
906 841 987 866 tunc
1010 837 1047 866 in
1065 835 1291 877 infer-ion'bus,
1308 835 1368 865 ubi
1389 835 1483 872 mali,
1500 834 1672 876 corfiic'tus
1686 838 1717 863 el

404 882 520 912 turbae
535 881 768 923 cogitationum
784 885 815 911 et
829 880 1097 910 ratiocinationes
1112 890 1153 910 ex
1169 880 1255 910 malo
1278 879 1406 920 etfaLw
1427 879 1467 909 de
1489 878 1569 909 bono
1592 882 1623 908 et
1635 888 1716 908 vero

408 926 459 968 [n.
478 925 580 967 702];
611 927 669 957 “et
690 927 805 957 terrae
828 924 970 960 motus‚''
986 923 1146 964 significat
1164 924 1379 954 mutationem
1402 927 1506 953 status
1528 922 1641 963 quoad
1653 922 1713 952 illa

402 980 487 1011 quae
510 969 594 1000 caeli
613 974 644 999 et
665 970 812 999 ecclesiae
832 973 913 999 sunt
933 969 1027 1009 apud
1047 968 1119 998 illos
1144 967 1195 1009 [n.
1214 966 1316 1009 703];
1346 969 1403 999 “ei
1412 966 1546 1009 gyrando
1562 966 1713 1008 mayna,''

403 1013 566 1054 significat
572 1014 706 1055 salsum
722 1013 892 1054 infimale
906 1013 1075 1043 destrueres
1090 1022 1172 1042 vera
1188 1016 1219 1042 et
1233 1012 1317 1042 bona
1333 1011 1480 1042 ecclesiae
1498 1011 1549 1053 [ιι.
1567 1009 1664 1052 704].

306 1113 447 1165 699.
477 1123 662 1161 [Vers.19.]
693 1112 770 1151 ‘OEt
796 1115 979 1164 apertum
1007 1114 1075 1151 est
1105 1111 1291 1162 templum
1320 1110 1397 1150 oei
1423 1110 1463 1149 in
1496 1109 1712 1150 eaelo.''—-

228 1173 362 1227 Quod
393 1174 615 1226 significet
642 1173 966 1225 apparitionem
996 1172 1101 1212 novi
1126 1171 1238 1212 caeli
1263 1178 1305 1212 et
1334 1185 1470 1212 novae
1498 1171 1707 1219 ccclesiae,

226 1237 304 1278 ubi
319 1237 458 1278 cultus
479 1237 669 1283 Domini,
689 1243 871 1277 constat
894 1250 953 1276 ex
976 1235 1306 1288 significatione
1330 1239 1356 1254 “
1370 1234 1569 1288 templi‚”
1589 1235 1708 1288 quod

226 1301 286 1341 sit
310 1300 485 1341 caelum
517 1307 563 1340 et
589 1299 795 1346 ecclesia,
823 1299 894 1339 hic
927 1311 1093 1338 novum
1125 1297 1300 1338 caelum
1333 1304 1379 1338 et
1412 1311 1529 1337 nova
1561 1298 1708 1344 eccle-

225 1363 316 1413 sia;
362 1364 585 1416 apparitio
625 1362 802 1402 illorum
842 1361 1120 1413 significatur
1164 1371 1242 1414 per
1285 1361 1405 1413 quod
1449 1360 1707 1413 “templum

226 1430 434 1477 apertum
481 1423 578 1463 sit.”
635 1434 748 1471 (Quod
771 1431 984 1470 “templum''
1009 1433 1040 1461 in
1063 1441 1213 1470 supremo
1235 1441 1331 1461 sensu
1353 1432 1509 1469 significet
1533 1433 1708 1460 Dominum

224 1488 333 1524 quoad
346 1488 497 1516 Divinum
512 1487 701 1515 Humanum
713 1487 824 1523 Ipsius,
837 1495 874 1514 ac
888 1486 1039 1514 Divinum
1053 1486 1172 1514 Verum
1185 1486 1363 1522 procedens
1374 1486 1416 1513 ab
1430 1486 1514 1522 Ipso,
1528 1490 1559 1513 et
1571 1486 1602 1512 in
1615 1494 1711 1513 sensu

223 1540 400 1578 roepeffivo
412 1540 535 1569 eaelum
548 1545 579 1568 et
591 1540 768 1572 ecclesiam,
779 1540 923 1568 videatur
934 1548 1038 1575 supra,
1052 1547 1083 1567 n.
1098 1538 1191 1572 220,
1205 1539 1280 1579 391
1291 1538 1402 1576 [b.c,c].
1412 1528 1523 1578 630.)
1571 1526 1707 1579 Quod

226 1590 485 1644 “templum
500 1590 520 1605 ‘’
546 1590 617 1630 hic
644 1589 866 1642 significet
894 1602 1059 1629 novum
1086 1588 1262 1628 caelum
1294 1596 1339 1629 et
1368 1601 1532 1628 novam
1559 1588 1706 1629 eccle-

223 1651 350 1698 siam,
375 1651 447 1691 ubi
473 1651 620 1691 cultus
648 1651 843 1698 Domini,
872 1658 942 1691 est
968 1652 1071 1704 quia
1097 1652 1140 1691 in
1166 1651 1252 1691 hoc
1280 1652 1428 1704 capite
1460 1649 1609 1691 aetum
1636 1659 1705 1692 est

224 1713 280 1754 de
302 1714 626 1753 mutationibus
644 1720 792 1754 status
814 1727 927 1766 quae
951 1714 1227 1767 praecedunt
1250 1714 1457 1754 ultimum
1475 1714 1703 1766 judicium,

224 1788 386 1829 nempe
426 1776 482 1815 de
523 1775 742 1816 malorum
783 1778 1068 1829 separatione
1108 1790 1134 1816 a
1173 1777 1302 1816 bonis
1339 1790 1390 1817 ac
1432 1777 1487 1817 de
1528 1777 1705 1817 illorum

223 1838 474 1878 remotione
501 1852 524 1878 e
552 1838 661 1878 locis
693 1839 766 1878 ubi
792 1840 910 1891 prius
937 1838 1139 1888 fuerunt;
1179 1840 1360 1892 quando
1386 1840 1471 1880 hoc
1504 1839 1568 1887 fit,
1596 1847 1703 1881 tunc

222 1907 411 1954 apparet
436 1900 523 1940 illis
549 1902 622 1954 qui
648 1902 692 1940 in
718 1902 1016 1954 superioribus
1043 1901 1179 1942 caelis
1205 1909 1309 1942 sunt
1337 1915 1502 1942 novum
1529 1903 1704 1943 caelum

222 1970 269 2004 et
307 1977 424 2004 nova
460 1964 676 2014 ecclesia;
720 1964 846 2012 haec,
884 1965 1094 2017 quamdiu
1132 1963 1356 2016 conjuncti
1393 1965 1568 2005 fuerunt
1603 1979 1703 2006 cum

223 2026 367 2074 malis,
385 2039 472 2066 non
492 2033 735 2079 potuerunt
754 2040 983 2079 apparere,
1003 2028 1104 2080 quia
1122 2028 1333 2067 interiora
1351 2041 1503 2068 eorum
1522 2028 1704 2069 occlusa

221 2088 412 2137 suerunt,
437 2102 492 2129 ne
515 2089 801 2129 laederentur
823 2103 848 2129 a
870 2089 1013 2137 malis,
1038 2103 1138 2129 cum
1161 2091 1319 2143 quibus
1341 2091 1488 2143 quoad
1511 2098 1704 2132 externa

222 2152 572 2192 communicatio
612 2151 718 2191 fuit:
762 2158 809 2191 at
850 2165 950 2191 cum
992 2153 1188 2204 separati
1225 2159 1270 2193 et
1312 2154 1473 2193 remoti
1510 2154 1701 2200 suerunt,

221 2221 329 2255 tunc
351 2221 508 2267 aperta
534 2221 638 2254 sunt
665 2215 877 2254 interiora
904 2215 1022 2267 apud
1049 2215 1206 2263 bonos,
1235 2230 1348 2268 quae
1380 2217 1424 2256 in
1457 2230 1503 2256 se
1530 2217 1701 2257 caeles-

221 2277 286 2317 tia
323 2276 526 2327 suerunt;
573 2276 731 2329 quibus
771 2278 953 2330 apertis,
993 2278 1139 2330 patuit
1180 2278 1355 2318 caelum
1395 2285 1440 2319 et
1482 2279 1700 2328 ecclesia;

222 2352 326 2380 nam
351 2346 569 2393 quantum
596 2341 822 2387 interiora,
851 2354 964 2394 quae
991 2340 1206 2381 caelestia
1232 2348 1277 2381 et
1305 2342 1554 2394 spiritualia
1580 2350 1699 2390 sunt,

220 2403 493 2455 aperiuntur,
527 2409 706 2443 tantum
740 2409 867 2455 patet
900 2403 1074 2443 caelum
1106 2403 1237 2456 quale
1271 2410 1341 2444 est
1373 2405 1522 2458 quoad
1554 2405 1700 2445 eccle-

220 2466 332 2506 siam
363 2466 480 2519 apud
512 2466 614 2505 illos
651 2467 693 2505 in
726 2466 883 2518 quibus
915 2466 1088 2506 caelum
1121 2474 1166 2507 et
1199 2466 1390 2507 ecclesia
1421 2475 1505 2507 est.
1567 2467 1700 2520 Quod

219 2527 285 2568 ita
320 2529 392 2576 sit,
427 2541 560 2568 nemo
597 2535 750 2581 potest
788 2542 847 2568 ex
885 2530 1062 2581 propria
1099 2529 1402 2582 intelligentia
1439 2531 1565 2578 scire,
1599 2532 1700 2584 quia

219 2596 324 2631 sunt
347 2604 510 2631 arcana
532 2591 657 2638 caeli,
683 2605 795 2644 quae
818 2605 876 2631 ex
903 2591 1179 2632 revelatione
1202 2592 1416 2633 discenda
1439 2601 1541 2633 sunt
1560 2607 1568 2632 :
1603 2595 1699 2646 quis

218 2654 337 2694 enim
374 2654 486 2694 scire
524 2659 678 2707 potest
716 2654 943 2707 quomodo
980 2654 1185 2695 ultimum
1218 2655 1430 2708 judicium
1469 2656 1697 2710 peractum

218 2722 303 2764 est,
337 2723 432 2757 tum
465 2717 620 2770 quales
652 2718 928 2757 mutationes
966 2718 1007 2757 in
1041 2718 1209 2758 mundo
1240 2719 1458 2772 spirituali
1491 2734 1697 2772 praeces-

218 2786 386 2827 serunt,
405 2786 450 2820 et
468 2793 689 2833 quaenam
708 2787 890 2820 secutae
909 2780 1042 2821 sunt?
1091 2780 1157 2822 Ut
1176 2795 1282 2822 vero
1299 2783 1532 2829 scirentur,
1553 2784 1696 2822 mani-

217 2841 383 2882 festata
409 2849 512 2883 sunt
537 2843 671 2892 mihi;
705 2857 839 2896 quare
867 2842 942 2882 illa
969 2857 1026 2883 ex
1050 2844 1326 2885 revelatione
1348 2845 1418 2885 hic
1443 2845 1695 2885 describere

219 2903 338 2945 licet.
400 2903 532 2957 Quod
570 2905 744 2946 dicatur
781 2919 937 2946 novum
972 2906 1135 2947 caelum
1169 2914 1211 2947 ct
1249 2921 1360 2948 nova
1395 2908 1582 2956 ccclesia,
1622 2908 1698 2948 ubi
