1962 3334
291 250 398 302 1830
701 252 1034 294 'APOCALYPsm
1066 262 1374 296 EXPLICATA..

285 373 404 426 apud
429 373 724 423 Matthaemm

352 453 534 495 “Quando
546 455 683 486 venerit
698 454 807 486 Filius
821 455 978 487 hominis
992 456 1027 487 in
1039 456 1154 496 gloria
1167 466 1240 495 sua,
1252 463 1287 488 et
1301 466 1426 488 omnes
1441 455 1555 488 sancti
1569 457 1687 498 angeli
1701 467 1780 489 cum

461 497 554 538 Ipso,
574 505 657 529 tunc
675 498 811 530 sedebit
828 509 935 539 super
952 500 1082 531 throno
1099 500 1234 555 gloriae
1252 500 1368 531 suae”
1385 500 1478 541 (xxv.
1498 501 1573 541 31);

287 586 486 626 “sedere
523 600 656 639 super
692 587 858 628 throno
895 587 1066 640 gloriae
1103 588 1241 629 suae”
1274 588 1498 642 significat
1535 589 1577 630 in
1616 589 1780 630 Divino

284 662 365 690 suo
393 648 516 690 Vero
542 664 655 699 esse,
683 664 743 690 ex
770 664 859 704 quo
880 650 1119 703 judicium:
1159 652 1364 692 similiter
1390 652 1495 693 alibi
1526 653 1643 705 apud
1671 666 1780 693 eun-

285 713 403 762 dem,

351 803 532 844 “Quando
557 803 694 835 sedebit
720 803 829 835 Filius
853 805 1009 836 hominis
1042 815 1149 845 super
1173 805 1304 836 throno
1329 806 1464 846 gloriae
1489 815 1584 844 suae,
1611 806 1779 838 sedebitis

459 848 565 878 etiam
595 857 660 878 vos
693 858 800 887 super
827 849 1013 880 duodecim
1044 849 1191 887 thronis,
1218 849 1419 890 judicantes
1451 849 1637 881 duodecim
1667 851 1780 882 tribus

462 891 605 922 Israelis
618 891 635 903 ''
653 891 735 932 (xix.
754 889 829 923 [¹128
847 901 854 930 ;
878 893 961 924 Luc.
979 893 1062 924 xxii.
1081 894 1136 933 30)
1151 902 1157 925 :

284 980 494 1033 quoniam
517 993 595 1032 per
620 980 887 1033 “angelos‚”
909 987 1007 1021 tum
1034 994 1112 1034 per
1137 981 1414 1022 “duodecim
1437 981 1711 1035 apostolos,'’
1733 988 1780 1023 et

284 1057 461 1097 quoque
490 1057 567 1096 per
593 1044 870 1084 “duodecim
893 1044 1034 1085 tribus
1058 1044 1275 1093 Israelis‚''
1297 1037 1606 1098 significantur
1631 1046 1782 1086 omnia

284 1121 389 1147 vera
416 1107 649 1155 ecclesiae,
679 1113 724 1147 et
757 1107 801 1147 in
828 1121 1040 1160 supremo
1066 1122 1199 1148 sensu
1227 1108 1438 1148 Divinum
1465 1108 1650 1156 Verum,
1678 1108 1780 1148 ideo

287 1169 403 1223 [per]
446 1170 640 1210 “sedere
683 1184 815 1223 super
858 1171 1032 1211 thronis
1045 1170 1064 1186 ''
1101 1185 1190 1211 non
1233 1171 1502 1224 intelligitur
1538 1171 1657 1225 quod
1698 1172 1780 1224 ipsi

285 1234 446 1274 sessuri
473 1234 576 1281 sint,
602 1234 681 1273 sed
709 1233 828 1287 quod
853 1233 1074 1274 Dominus
1098 1234 1247 1287 quoad
1275 1234 1487 1274 Divinum
1510 1234 1695 1283 Verum,
1721 1248 1779 1275 ex

284 1310 372 1350 quo
394 1296 633 1349 judicium;
672 1303 718 1337 et
751 1310 829 1349 per
858 1296 1091 1349 “judicare
1124 1297 1363 1337 duodecim
1395 1297 1537 1338 tribus
1570 1297 1747 1338 Israelis
1762 1297 1780 1313 ’¹

284 1359 560 1412 significatur
579 1359 777 1412 judicare
805 1373 962 1400 omnes
989 1360 1237 1400 secundum
1263 1374 1370 1400 vera
1402 1359 1619 1400 ecclesiae
1646 1373 1778 1401 suae:

283 1424 387 1464 inde
429 1430 571 1476 patet,
611 1423 731 1476 quod
777 1422 891 1477 [per]
935 1423 1130 1464 “sedere
1173 1437 1305 1475 super
1342 1423 1546 1472 throno,’'
1582 1437 1682 1464 cum
1724 1424 1780 1464 de

285 1487 496 1535 Domino,
525 1486 802 1539 significetur
828 1501 927 1527 esse
949 1485 1168 1539 judicans,
1197 1487 1259 1527 ita
1280 1486 1504 1539 judicare;
1550 1487 1780 1527 “thronus

283 1550 454 1603 gloriae
470 1549 488 1564 ”
520 1549 694 1598 dicitur,
729 1550 831 1602 quia
866 1549 1080 1602 “gloria’'
1105 1549 1331 1602 significat
1364 1550 1576 1590 Divinum
1609 1549 1780 1590 Verum

285 1622 444 1660 (videatur
458 1631 564 1659 supra,
581 1630 611 1651 n.
627 1620 728 1662 [²133,
746 1611 841 1656 288,
860 1620 953 1663 345.
969 1610 1084 1662 678).
1143 1610 1284 1664 Apud
1305 1610 1646 1664 Evangelz’stas,

351 1707 496 1739 “David
514 1707 602 1738 dixit
619 1707 655 1738 in
675 1706 780 1737 Libro
800 1706 1036 1744 Psalmorum,
1057 1706 1155 1737 Dixit
1174 1706 1350 1738 Dominus
1371 1706 1527 1737 Domino
1545 1716 1635 1743 meo,
1654 1706 1743 1738 Sede
1760 1717 1782 1738 a

459 1751 593 1782 dextris
615 1751 713 1788 meis,
735 1751 849 1782 donec
869 1760 1023 1790 posuero
1044 1750 1208 1781 inimicos
1235 1757 1315 1781 tuos
1336 1750 1529 1781 scabellum
1555 1751 1684 1790 pedum
1705 1757 1782 1782 tuo-

458 1805 536 1826 rum
549 1794 566 1806 '’
584 1792 716 1832 (1³1Luc.
734 1804 790 1826 xx.
809 1802 861 1833 42,
879 1803 943 1832 43;
968 1795 1079 1825 Alarc.
1098 1794 1155 1825 xii.
1175 1794 1237 1833 36;
1262 1794 1395 1825 Psalm.
1413 1803 1465 1825 cx.
1486 1793 1538 1834 1):

288 1888 458 1929 “Dixit
485 1887 707 1928 Dominus
735 1887 934 1927 Domino
961 1886 1103 1933 meo,”
1130 1885 1356 1939 significat
1384 1887 1536 1939 Ipsum
1570 1887 1780 1927 Divinum

285 1952 406 2005 quod
431 1950 632 1991 “Pater''
654 1957 857 1998 vocatur,
882 1950 939 1990 ad
967 1950 1179 1990 Divinum
1204 1949 1466 1990 Humanum
1489 1950 1609 2003 quod
1635 1950 1780 1991 “Fili-

287 2030 337 2056 us
354 2014 387 2055 :'’
421 2018 446 2034 ‘⁴
463 2013 580 2055 Sede
607 2028 632 2054 a
658 2013 834 2054 dextris
861 2013 1010 2061 meis,”
1036 2012 1260 2065 significat
1287 2013 1497 2053 Divinam
1530 2014 1781 2066 potentiam

287 2093 365 2119 seu
397 2077 778 2130 omnipotentiam
805 2090 883 2129 per
910 2076 1122 2116 Divinum
1146 2076 1344 2116 Verum:
1382 2076 1564 2116 “donec
1592 2090 1782 2129 posuero

286 2141 490 2181 inimicos
522 2146 624 2179 tuos
657 2139 905 2179 scabellum
937 2139 1103 2192 pedum
1136 2145 1315 2180 tuorum
1337 2139 1355 2154 ”
1387 2139 1610 2192 significat
1643 2153 1780 2192 usque

287 2204 394 2244 dum
417 2201 535 2243 vieta
560 2209 606 2243 et
629 2202 869 2255 subjugata
891 2209 996 2243 sunt
1022 2202 1207 2251 inferna,
1232 2209 1278 2243 et
1306 2202 1410 2242 mali
1437 2202 1539 2243 illuc
1563 2201 1780 2255 conje&i;

291 2271 315 2287 “
329 2265 523 2307 inimici''
542 2272 646 2306 sunt
664 2266 848 2314 inferna,
869 2266 1056 2319 proinde
1075 2265 1193 2314 mali,
1214 2272 1259 2306 et
1281 2269 1305 2285 ‘⁶
1320 2265 1567 2305 scabellum
1586 2266 1750 2318 pedum
1763 2265 1783 2281 ”

288 2329 511 2383 significat
543 2328 741 2369 infimam
773 2330 1006 2382 regionem
1039 2328 1121 2369 sub
1153 2329 1303 2378 caelis,
1338 2329 1420 2369 sub
1456 2343 1543 2382 qua
1579 2335 1683 2369 sunt
1715 2329 1780 2369 in-

287 2393 437 2443 ferna;
480 2406 583 2432 nam
622 2392 842 2432 Dominus
880 2392 986 2432 dum
1023 2392 1065 2432 in
1104 2392 1272 2432 mundo
1309 2398 1419 2440 erat,
1453 2392 1532 2432 fuit
1570 2391 1782 2432 Divinum

289 2455 474 2503 Verum,
504 2456 574 2495 cui
600 2455 933 2508 omnipotentia
958 2461 1042 2504 est,
1072 2461 1118 2495 et
1150 2468 1228 2507 per
1259 2455 1379 2508 quod
1406 2455 1578 2495 inferna
1603 2456 1709 2496 vicit
1736 2462 1782 2496 et

289 2518 557 2571 subjugavit.
619 2518 758 2571 Apud
791 2518 991 2566 eosdem,

362 2608 467 2650 Jesus
492 2608 589 2646 dixit,
617 2608 699 2639 “Ex
724 2618 817 2639 nunc
841 2608 1005 2639 videbitis
1032 2608 1159 2639 Filium
1184 2608 1341 2639 hominis
1366 2595 1550 2639 sede'ntem
1576 2618 1620 2640 ex
1648 2608 1782 2639 dextris

465 2652 656 2692 potentiae,
675 2659 709 2683 et
728 2652 930 2683 venientem
948 2661 1055 2691 super
1072 2652 1225 2682 nubibus
1244 2652 1330 2683 caeli
1345 2651 1362 2663 ''
1379 2652 1522 2690 (Matth.
1540 2652 1634 2684 xxvi.
1650 2652 1701 2691 63,
1716 2652 1758 2691 64
1775 2661 1782 2691 ;

464 2696 574 2727 splarc.
592 2696 661 2727 xiv.
680 2696 731 2730 61.
749 2696 790 2726 62
806 2705 812 2733 ;
837 2696 919 2727 Luc.
938 2695 1019 2726 xxii.
1038 2695 1112 2735 69):

294 2784 489 2825 “sedere
521 2798 546 2824 a
578 2784 753 2824 dextris
779 2784 1012 2836 potentiae
1028 2783 1046 2798 ”
1072 2783 1296 2836 significat
1330 2783 1540 2823 Divinam
1572 2784 1780 2836 omnipo·

291 2848 483 2888 tentiam
522 2847 703 2887 Domini
741 2860 872 2899 super
908 2846 1059 2887 caelos
1096 2853 1142 2887 et
1180 2860 1312 2898 super
1349 2853 1504 2895 terras,
1539 2853 1779 2900 postquam

292 2910 545 2964 subjugavit
564 2910 735 2951 inferna
758 2917 803 2951 et
827 2909 1095 2963 glorificavit
1121 2909 1380 2950 Humanum
1404 2922 1556 2950 suum:
1588 2909 1780 2949 “venire

1943 2732 1948 2734 ¹
1938 2710 1945 2717 ἃ
1950 2340 1962 2686 (ὤμ’-..Α-ᾼᾼΜ-ψμ
1954 2289 1962 2326 --...
1956 2270 1958 2276 <
1951 2180 1962 2239 „Aua
