1962 3334
602 280 708 314 cAP.
731 280 793 320 x.,
815 273 953 311 VERS.
976 278 1124 322 9.—N.
1146 267 1326 322 617[d].
1593 276 1703 320 1553

217 400 289 436 est
328 394 432 449 quia
468 399 647 447 gentes,
681 406 794 446 quae
834 390 1151 444 intelliguntur
1189 403 1269 443 per
1307 388 1619 442 “publicanos
1658 394 1708 429 et

218 456 524 511 peccatores,”
560 461 829 509 receperunt
870 454 1132 502 Dominum,
1174 453 1421 494 hauserunt
1462 458 1709 506 praecepta

217 521 376 574 Ipsius,
417 526 465 561 et
507 519 720 560 vixerunt
765 518 1012 559 secundum
1056 517 1160 566 illa;
1206 530 1285 570 per
1329 515 1707 569 quae“Dominus

216 583 522 636 appropriavit
545 581 631 622 illis
657 582 778 622 bona
803 580 932 629 caeli,
956 580 1076 634 quod
1102 579 1146 620 in
1169 593 1303 620 sensu
1328 577 1546 631 spirituali
1567 577 1707 630 signi-

216 644 375 686 ficatur
406 658 485 698 per
518 644 795 685 “comedere
827 656 928 684 cum
961 642 1086 684 illis.”
1145 641 1374 695 Quoniam
1406 655 1485 694 per
1517 644 1707 681 “come-

217 708 355 750 dere‘'
379 707 719 762 significabatur
748 707 1039 760 appropriari,
1072 706 1175 747 ideo
1206 718 1473 746 concessum
1505 710 1576 746 est
1607 702 1708 744 filiis

217 771 397 812 Israelis
422 771 659 812 comedere
687 784 747 811 ex
778 768 1083 815 sanetificatis,
1111 783 1189 809 seu
1220 783 1280 809 ex
1312 767 1564 818 sacrificiis;
1602 780 1708 808 nam

220 847 300 886 per
331 833 616 875 “sacrificia”
647 831 1018 886 significabantur
1049 831 1214 872 Divina
1245 830 1461 872 caelestia
1496 837 1543 871 et
1579 830 1707 883 spiri-

217 895 370 944 tualia,
393 903 441 937 et
466 896 571 936 inde
597 909 676 948 per
698 899 724 916 “
740 893 1151 936 comessationem’'
1173 908 1232 935 ex
1259 893 1346 934 illis
1372 892 1709 946 significabatur

217 959 524 1012 appropriatio
550 958 728 999 illorum
748 973 758 1009 ;
795 965 843 999 et
873 958 976 1011 quia
1001 957 1308 1011 appropriatio
1329 954 1588 997 sanctorum
1615 956 1707 1008 sig-

218 1020 481 1062 nificabatur
502 1035 581 1075 per
598 1021 978 1062 comessationem
1000 1020 1138 1068 illam,
1157 1019 1260 1060 ideo
1277 1019 1426 1072 plures
1443 1018 1570 1071 leges
1587 1018 1708 1059 latae

217 1089 337 1132 sunt,
368 1084 550 1137 quinam
581 1090 627 1125 et
659 1084 840 1125 ubinam
866 1083 1174 1131 comederent,
1206 1089 1254 1123 et
1290 1096 1350 1122 ex
1381 1081 1540 1135 quibus
1570 1081 1707 1121 sacri-

218 1144 353 1197 ficiis;
385 1147 448 1187 sic

288 1234 382 1276 Quid
402 1234 550 1266 Abaton
569 1240 605 1266 et
624 1234 686 1266 filii
702 1234 780 1274 eJ'us
800 1244 845 1266 ex
863 1233 1045 1266 sacrificiis
1063 1234 1265 1274 acciperent
1284 1239 1320 1264 et
1338 1233 1568 1264 comederent
1583 1231 1707 1271 (Exod.

396 1278 490 1322 xxix.
508 1286 637 1317 31-33:
662 1278 771 1322 Levit.
788 1278 833 1309 vi.
850 1286 935 1318 9-11
955 1275 1016 1319 [B.
1028 1279 1073 1309 A.
1094 1275 1238 1318 16-18];
1263 1286 1337 1317 cap.
1355 1276 1413 1308 vii.
1430 1277 1460 1314 6,
1480 1284 1520 1315 7;
1544 1286 1620 1316 cap.
1636 1276 1709 1308 viii.

394 1328 525 1360 31—33;
549 1331 625 1362 cap-
645 1331 678 1353 x.
699 1321 839 1360 13-15):
1568 1363 1574 1368 ,

289 1363 394 1406 Quod
418 1365 467 1396 illi
491 1374 603 1405 panes
628 1364 884 1406 propositionis
906 1365 1135 1396 comederent
1159 1364 1196 1395 in
1220 1364 1300 1395 loco
1324 1361 1450 1395 sancto
1474 1363 1597 1403 (Le-ml.
1614 1363 1707 1395 xxiv·

285 1405 694 1493 QuOdSIiYgDSacerdotis
711 1458 823 1492 nupta
841 1451 1066 1492 alienigenae
1083 1461 1156 1482 non
1174 1451 1377 1482 comederet
1396 1460 1440 1482 ex
1456 1448 1685 1481 sanetificatis
1701 1460 1708 1486 ;

393 1495 458 1526 sed
476 1494 550 1526 filia
564 1495 760 1527 sacerdotis
777 1495 886 1526 vidua
900 1502 961 1526 aut
978 1495 1172 1535 repudiata,
1189 1495 1244 1526 cui
1266 1504 1338 1525 non
1356 1494 1486 1534 proles,
1503 1503 1650 1525 reversa
1663 1493 1709 1525 ad

394 1538 540 1569 domum
558 1539 669 1579 patris
686 1539 888 1570 comederet
903 1538 1026 1577 (Levit.
1043 1539 1127 1570 xxii.
1147 1547 1197 1576 12,
1217 1539 1291 1577 13);

280 1580 435 1622 Quinam
452 1592 498 1613 ex
513 1582 645 1622 populo
662 1583 891 1613 comederent
907 1582 1031 1621 (Num.
1049 1583 1145 1613 xviii.
1166 1591 1214 1619 10,
1235 1590 1285 1617 11,
1306 1590 1354 1620 13,
1378 1581 1452 1621 19);

284 1624 390 1666 Quod
412 1625 562 1663 alienus,
586 1625 790 1666 inquilinus,
816 1626 1057 1657 mercenarius
1081 1626 1287 1663 sacerdotis,
1312 1635 1384 1655 non
1409 1624 1638 1655 comederent
1664 1633 1710 1655 ex

393 1668 473 1706 illis,
487 1669 550 1700 sed
566 1669 661 1710 quod
677 1676 818 1709 emptus
837 1675 987 1710 argento
1003 1670 1207 1700 comederet
1222 1669 1344 1708 (Levit.
1358 1668 1441 1699 xxii.
1458 1667 1578 1707 10—12)
1591 1677 1598 1703 :

291 1710 397 1752 Quod
416 1711 621 1762 immupdus
641 1722 714 1743 non
734 1713 938 1744 comederet
956 1712 1079 1751 (Le-vit.
1093 1713 1151 1744 vii.
1168 1721 1270 1752 19—21
1287 1722 1295 1749 ;
1323 1722 1398 1752 cap.
1416 1711 1486 1743 xxi.
1507 1711 1546 1742 16
1561 1711 1607 1742 ad
1627 1710 1708 1748 fin.;

365 1772 368 1775 >
392 1764 467 1795 cap.
485 1755 569 1787 xxii.
590 1756 688 1795 2—8);

277 1797 383 1839 Quod
403 1798 490 1829 nihil
506 1799 651 1830 ederent
670 1809 715 1830 ex
738 1799 968 1836 holocaustis,
990 1799 1053 1831 sed
1077 1800 1172 1840 quod
1196 1809 1240 1830 ex
1264 1798 1442 1830 sacrificiis
1467 1798 1709 1829 eucharisticis

391 1842 538 1873 ederent
550 1848 586 1873 et
599 1842 815 1873 laetarentur
827 1852 948 1874 coram
962 1841 1125 1884 Jehovah
1138 1843 1275 1882 (Deutr.
1289 1843 1348 1873 xii.
1361 1850 1402 1880 27
1417 1851 1424 1879 ;
1445 1852 1520 1882 cap.
1533 1841 1643 1873 xxvii.
1662 1843 1706 1881 7).

219 1941 272 1982 In
293 1941 362 1982 his
383 1947 430 1982 et
453 1942 496 1982 in
514 1941 712 1995 pluribus
729 1942 826 1982 aliis
843 1942 1027 1983 statutis
1046 1949 1092 1982 et
1111 1942 1286 1995 legibus
1303 1942 1359 1982 de
1377 1942 1708 1983 comessatione

219 2017 280 2044 ex
310 2002 615 2052 sanetificatis,
643 2006 934 2046 continentur
964 2018 1128 2045 arcana
1158 2005 1533 2057 appropriationis
1559 2004 1709 2045 Divini

219 2065 335 2108 Boni
365 2073 412 2107 et
443 2067 593 2107 Divini
624 2066 747 2116 Veri,
780 2074 827 2108 et
858 2068 961 2108 inde
993 2066 1319 2120 conjunffionis
1350 2081 1450 2108 cum
1484 2067 1708 2118 Domino;

218 2129 299 2169 sed
329 2129 507 2182 singula
531 2129 757 2178 evolvere,
784 2143 874 2170 non
906 2129 1033 2183 hujus
1065 2130 1152 2170 loci
1183 2137 1280 2180 est;
1313 2130 1450 2171 modo
1474 2144 1535 2171 ex
1560 2130 1710 2171 allatis

219 2191 385 2233 sciatur
405 2193 524 2246 quod
544 2193 820 2234 “comedere
836 2193 855 2207 ”
872 2192 1095 2246 significet
1118 2194 1391 2246 appropriari
1413 2200 1460 2235 et
1486 2193 1709 2247 conjungi.

221 2252 371 2307 Quare
396 2256 534 2296 etiam

292 2343 382 2376 Cum
394 2344 455 2376 filii
474 2344 617 2376 Israelis
634 2343 817 2385 conjuncti
838 2345 981 2377 fuerunt
1002 2345 1160 2376 Domino
1177 2355 1239 2386 per
1258 2347 1470 2387 sanguinem
1491 2346 1656 2385 foederis,
1673 2354 1710 2379 et

392 2394 579 2429 postquam
595 2388 717 2420 Moses
735 2389 869 2429 legerat
887 2389 1029 2420 Librum
1046 2388 1150 2429 Legis
1163 2399 1283 2420 coram
1302 2390 1380 2428 illis,
1394 2397 1429 2421 et
1446 2400 1530 2421 mox
1543 2391 1710 2423 viderunt

392 2430 509 2515 Rem?
535 2431 690 2470 Israelis,
715 2432 842 2463 dicitur
865 2432 960 2473 quod
984 2433 1205 2464 comederint
1228 2439 1264 2464 et
1287 2433 1442 2465 biberint
1466 2434 1588 2474 (Exod.
1609 2435 1707 2467 xxiv.

439 2482 476 2506 11
494 2499 503 2507 .
1513 2491 1516 2494 *

221 2559 356 2614 Quod
383 2562 664 2604 “comedere
695 2576 876 2604 carnem
908 2570 954 2604 et
986 2563 1137 2605 bibere
1163 2565 1460 2618 sanguinem’'
1485 2565 1709 2619 significet

220 2625 630 2677 appropriationem
667 2626 908 2678 spiritualis
946 2627 1054 2667 boni
1089 2633 1136 2668 et
1171 2629 1277 2677 veri,
1310 2635 1518 2670 constare
1555 2636 1710 2683 potest

222 2686 340 2739 apud
365 2686 646 2737 Ezechielem,

246 2823 254 2829 ν
286 2781 306 2794 “
315 2780 371 2812 Sic
387 2781 475 2813 dixit
493 2781 668 2814 Dominus
685 2783 837 2824 Jehovih
842 2809 933 2819 .....
942 2783 1170 2825 congregate
1189 2795 1254 2818 vos
1270 2797 1292 2817 a
1311 2787 1457 2818 circuitu
1474 2797 1581 2827 super
1597 2788 1706 2818 sacri-

395 2824 510 2856 ficium
529 2835 646 2857 meum
663 2827 757 2867 quod
784 2827 859 2866 Ego
876 2827 1035 2859 sacrifico
1052 2829 1165 2865 vobis,
1185 2830 1393 2861 sacrificium
1412 2840 1581 2870 magnum
1602 2840 1710 2871 super

393 2869 573 2900 montibus
593 2869 746 2906 Israelis,
766 2877 804 2901 ut
820 2871 1015 2902 comedatis
1032 2881 1174 2903 carnem
1192 2880 1227 2904 et
1243 2874 1371 2904 bibatis
1388 2875 1612 2914 sanguinem,
1633 2884 1710 2905 car·

394 2920 476 2942 nem
487 2911 630 2944 fortium
645 2914 850 2952 comedetis,
864 2920 899 2945 et
911 2914 1123 2955 sanguinem
1135 2917 1332 2957 principum
1345 2924 1459 2948 terrae
1471 2918 1599 2949 bibetis
1613 2927 1636 2956 ;.
1651 2942 1659 2949 .
1672 2942 1681 2950 .
1694 2941 1704 2950 .
