1962 3334
247 253 352 295 1628
660 263 992 296 APOCALYPSIS
1019 265 1317 297 EXPLICATA.

413 377 669 462 glkahmkneaffi,
688 382 723 408 et
742 376 894 417 gloriam
915 387 1031 409 meam
1053 378 1088 409 in
1109 377 1253 418 pulvere
1273 377 1434 409 habitare
1454 376 1567 409 facit”
1584 377 1657 418 (Ps.
1675 378 1732 410 vii.

505 445 512 451 .
564 445 571 452 .
591 428 607 459 5
655 431 661 452 :
1693 430 1700 437 .

200 547 209 553 .
237 529 317 568 per
340 515 590 556 “hostem''
612 516 751 569 etiam
777 516 847 557 hic
875 515 1153 570 significatur
1175 516 1356 564 malum,
1380 517 1423 557 in
1450 531 1617 570 genere
1641 517 1734 558 dia-

236 578 381 626 bolus,
409 578 494 619 hoc
522 585 606 627 est,
635 578 869 628 infernum,
897 594 956 620 ex
984 594 1071 633 quo
1099 580 1295 630 malum;
1334 586 1379 621 et
1407 593 1486 632 per
1513 579 1734 620 “concul-

207 638 210 642 ’
237 655 339 682 care
362 642 406 681 in
426 648 592 682 terram
611 642 768 691 vitam,
787 649 832 683 et
851 642 1042 695 gloriam
1065 644 1107 682 in
1127 643 1310 695 pulvere
1329 643 1533 683 habitare
1551 642 1736 690 sacere‚''

184 756 186 758 q
236 703 515 757 significatur
547 718 626 757 per
657 705 866 745 sensuale
892 718 1158 758 corporeum
1192 705 1423 746 destruere
1450 706 1601 746 omnia
1630 719 1738 746 vera

237 767 351 808 caeli
378 774 424 808 et
451 767 697 818 ecclesiae;
730 768 842 808 haec
869 769 989 808 enim
1015 769 1182 809 faciunt
1206 769 1344 809 vitam
1374 768 1666 820 spiritualem,
1690 775 1736 809 et

237 845 414 884 quoque
437 830 748 884 significantur
774 844 854 884 per
881 831 1109 884 “gloriam
1128 831 1163 871 :”
1202 831 1386 884 “pulvis
1399 831 1418 846 ’'
1443 832 1580 872 etiam
1608 845 1735 884 prae-

237 894 413 934 dicatur
444 894 500 934 de
537 894 733 935 sensuali
772 908 1018 947 corporeo;
1062 895 1146 935 hoc
1186 896 1323 935 etiam
1359 894 1628 948 intelligitur
1660 908 1738 948 per

239 956 511 998 “ambulare
534 971 666 1011 super
688 964 846 998 ventre
874 964 919 998 et
946 958 1184 998 comedere
1208 954 1549 1010 pulveremss’ut
1571 958 1736 1010 passim

238 1021 401 1062 dicitur
432 1022 488 1062 de
520 1028 744 1074 serpente.
806 1020 978 1062 Similia
1009 1035 1088 1074 per
1121 1021 1425 1062 “conculcare
1438 1020 1457 1036 '’
1479 1020 1736 1074 significan-

238 1091 311 1125 tur
336 1085 380 1124 in
407 1085 698 1138 sequentibus
726 1084 837 1125 locis
854 1084 1066 1137 :—Apud
1093 1084 1299 1133 Esaiam,

308 1181 328 1195 “
341 1180 478 1212 Ponam
490 1180 666 1264 ””g(entg)m
681 1180 939 1221 hypocriticam
957 1181 975 1194 “
985 1180 1020 1211 in
1039 1179 1355 1218 conculcationem,
1373 1179 1462 1211 sicut
1478 1179 1591 1211 lutum
1606 1179 1738 1220 platea-

415 1234 493 1256 rum
554 1235 586 1256 Χ.
652 1234 658 1262 ;

239 1307 359 1360 apud
384 1307 598 1356 Miclzam,

315 1383 464 1415 Inimica
477 1383 635 1425 Jehovae
652 1383 749 1414 “erit
767 1384 801 1414 in
820 1383 1138 1421 conculcationem,
1156 1383 1246 1414 sicut
1262 1392 1411 1414 caenum
1427 1382 1622 1423 platearum
1634 1381 1652 1394 ”
1666 1381 1737 1422 (vii.

418 1428 470 1467 10)
485 1437 492 1461 :

252 1411 262 1427 0

241 1511 359 1564 apud
388 1509 669 1559 Saclzariam,

309 1589 327 1602 ‘¹
340 1587 453 1619 Erunt
470 1587 560 1618 sicut
578 1593 743 1627 potentes
761 1586 1012 1618 conculcantes
1030 1578 1180 1618 caenu'm
1199 1586 1397 1626 platearum
1414 1586 1451 1617 in
1468 1586 1572 1624 bello,
1587 1591 1622 1618 et
1639 1595 1740 1626 proe-

417 1631 608 1669 liabuntur‚
621 1631 702 1672 quia
710 1630 873 1672 Jehovah
885 1640 964 1661 cum
978 1630 1057 1669 illis,
1070 1636 1104 1661 et
1116 1630 1342 1670 pudefacient
1351 1630 1552 1671 equitantes
1563 1630 1599 1660 in
1611 1630 1710 1670 equis
1721 1628 1740 1641 '⁹

419 1675 464 1714 (x.
485 1676 538 1715 5);

239 1759 360 1812 apud
385 1758 675 1807 Malachiam,

193 1842 195 1845 ·
310 1836 328 1849 “
340 1834 441 1866 Tunc
460 1832 751 1866 [¹]conculcabitis
770 1834 911 1874 impios,
926 1840 961 1865 et
978 1839 1083 1865 erunt
1097 1834 1185 1865 cinis
1203 1835 1268 1865 sub
1286 1834 1368 1864 vola
1384 1833 1515 1874 pedum
1530 1838 1741 1872 vestrorum,

422 1879 459 1909 in
476 1879 533 1910 die
551 1888 655 1919 quem
675 1878 752 1918 Ego
770 1877 935 1909 faciens''
953 1877 1012 1918 (iii.
1031 1886 1069 1908 21
1092 1876 1152 1919 [B.
1169 1879 1213 1909 A.
1232 1878 1278 1910 iv⁴
1299 1875 1370 1919 3]);

243 1961 363 2014 apud
389 1960 594 2010 Esaiam,

311 2037 495 2069 “Pedibus
513 2037 816 2068 conculcabuntur
833 2046 967 2068 corona
983 2037 1182 2077 superbiae,
1197 2037 1285 2068 ebrii
1305 2036 1490 2077 Ephraimi
1501 2035 1519 2048 '’
1536 2035 1670 2076 (xxviii.
1687 2035 1742 2075 3);

245 2114 363 2167 apud
391 2114 600 2163 eundem,

314 2191 334 2205 ‘¹
346 2190 563 2221 Conculcavi
578 2190 730 2230 populos
744 2190 779 2221 in
798 2190 852 2221 ira
865 2200 954 2227 mea,
970 2196 1005 2221 et
1023 2189 1195 2221 inebriavi
1209 2199 1271 2221 eos
1290 2189 1324 2220 in
1341 2188 1640 2220 excandescentia
1653 2198 1742 2226 mea,

422 2241 456 2265 et
473 2234 692 2265 descendere
709 2234 776 2265 feci
794 2234 829 2265 in
848 2239 980 2265 terram
998 2232 1186 2264 vicstoriam
1204 2242 1326 2264 eorum
1340 2232 1358 2244 ”
1376 2232 1474 2272 (lxiii.
1493 2231 1526 2273 6)
1541 2242 1548 2270 ;

247 2317 367 2370 apud
392 2316 627 2366 Davidem,

314 2394 335 2408 “
348 2393 416 2424 Per
441 2399 474 2424 te
498 2393 622 2424 hostes
643 2399 787 2424 nostros
808 2392 989 2430 feriemus,
1010 2392 1046 2423 in
1071 2391 1217 2423 nomine
1242 2397 1303 2423 tuo
1324 2391 1610 2423 conculcabimus
1631 2390 1746 2422 insur-

423 2443 550 2477 gentes
568 2442 693 2468 contra
711 2435 808 2468 nos'’
826 2436 898 2477 (Ps.
916 2436 999 2468 xliv.
1017 2436 1037 2466 6
1057 2434 1116 2477 [B.
1131 2436 1175 2467 A.
1196 2433 1264 2476 5]);

248 2513 367 2566 apud
394 2513 602 2562 eundem,

324 2589 698 2674 Deusffi’cosscmcssbit
717 2589 839 2620 hostes
860 2587 1033 2620 nostros’'
1053 2588 1126 2627 (Ps.
1147 2588 1192 2620 lx.
1213 2596 1252 2626 14
1271 2585 1332 2629 [B.
1351 2588 1396 2618 A.
1417 2584 1495 2628 12];
1522 2586 1578 2619 Ps.
1596 2586 1686 2619 cviii.
1706 2594 1746 2624 14

479 2658 486 2664 .
545 2658 552 2664 .
574 2641 611 2672 13
657 2644 663 2664 ;

251 2737 331 2776 per
358 2721 662 2763 “conculcare
676 2721 694 2737 ’'
721 2723 764 2762 in
796 2721 864 2762 his
896 2721 1006 2762 locis
1033 2721 1168 2761 etiam
1196 2718 1473 2772 significatur
1499 2719 1743 2766 destruere,

251 2787 371 2840 quod
398 2785 446 2826 fit
474 2786 530 2825 ab
555 2785 641 2825 illis
668 2786 741 2838 qui
764 2784 995 2825 sensuales
1019 2784 1221 2836 corporei
1244 2789 1373 2833 sunt;
1408 2796 1511 2822 nam
1534 2782 1607 2835 qui
1631 2781 1745 2822 tales

252 2857 370 2898 sunt,
394 2849 456 2889 illi
484 2849 753 2889 conculcant
777 2849 927 2888 omnia
955 2847 1066 2888 caeli
1092 2853 1138 2887 et
1165 2846 1409 2896 ecclesiae;
1443 2859 1547 2885 nam
1574 2851 1678 2885 sunt
1702 2845 1743 2884 in
1790 2860 1793 2861 ⁷

252 2912 427 2962 infimis,
455 2925 537 2953 nec
570 2918 758 2965 possunt
788 2912 1092 2964 cogitationes
1118 2910 1295 2951 illorum
1329 2922 1501 2950 sursum
1529 2907 1693 2949 elevari
1719 2921 1746 2948 a
