1962 3334
613 300 720 333 CAP.
742 300 805 342 x.,
827 299 967 332 VERs.
990 299 1138 331 2.—N.
1158 289 1321 344 6oo[c].
1446 274 1453 280 ’
1604 298 1710 343 1513

297 414 404 456 Quod
417 414 594 455 propheta
606 413 770 445 Ezechiel
784 396 906 453 jussus
922 412 970 444 sit
985 413 1116 443 cubare
1132 421 1242 452 super
1254 411 1366 443 latere
1383 410 1545 449 sinistro,
1561 416 1598 442 et
1614 410 1712 451 quod

398 464 619 498 ponerentur
633 466 742 497 super
757 457 820 488 illo
837 456 1045 497 iniquitates
1060 456 1190 487 domus
1209 455 1354 486 Israelis
1370 452 1544 496 ([Ezecl1.]
1563 454 1610 486 iv.
1625 455 1678 494 4):

223 556 304 597 per
339 542 686 597 “prophetam”
719 543 840 583 enim
873 541 1157 594 significatur
1191 541 1377 589 docens,
1413 546 1462 580 et
1495 541 1541 580 in
1575 553 1712 580 sensu

222 605 459 661 abstrae'to
483 605 690 646 doetrina
714 605 962 654 ecclesiae;
994 618 1074 657 per
1097 603 1257 644 “latus
1281 604 1515 644 sinistrum
1527 602 1549 617 ”
1569 603 1711 656 signi-

222 667 383 709 ficatur
406 667 614 708 doetrina
637 668 732 708 veri
761 681 822 707 ex
846 667 984 714 bono,
1016 672 1064 707 et
1094 679 1174 719 per
1203 679 1312 706 vera
1336 679 1397 706 ex
1422 665 1547 705 bono
1571 665 1712 706 homo

220 744 283 772 ex
303 730 601 784 inquitatibus
626 729 901 783 purificatur.
959 728 1097 781 Quod
1122 728 1311 769 Salomo
1336 728 1540 781 posuerit
1566 727 1710 775 labra,

288 817 484 860 “Quinque
502 817 604 857 juxta
621 817 811 849 humerum
830 817 960 849 domus
979 827 1002 848 a
1019 817 1154 854 dextra,
1172 822 1208 848 et
1227 816 1384 857 quinque
1403 816 1505 856 juxta
1523 816 1713 847 humerum

396 861 526 892 domus
542 871 564 892 a
579 861 729 892 sinistra
744 861 823 901 ejus
837 870 845 898 ;
869 871 969 892 mare
985 867 1106 892 autem
1117 860 1135 871 ''
1152 870 1306 891 aeneum
1324 862 1343 874 ‘⁸
1353 861 1399 891 ab
1415 860 1567 891 humero
1583 860 1712 891 domus

396 905 523 936 dextro
539 914 666 936 versus
682 904 858 936 orientem
875 914 895 936 e
912 904 1061 945 regione
1079 904 1244 935 meridiei
1255 903 1274 915 ''
1291 905 1322 944 (1
1340 904 1421 945 ch.
1439 904 1498 935 vii.
1516 903 1581 944 39),

220 997 321 1032 erat
354 1003 507 1039 causa,
542 991 648 1044 quia
679 989 912 1031 “domus”
942 1004 1022 1031 seu
1052 990 1299 1043 Templum
1329 989 1712 1043 repraesentabat

220 1053 400 1094 caelum
434 1060 482 1094 et
520 1053 780 1102 ecclesiam,
819 1053 1019 1094 “labra'’
1054 1051 1395 1106 purificationes
1433 1066 1460 1092 a
1498 1052 1624 1092 salsis
1663 1058 1712 1092 et

178 1140 182 1142 -
220 1116 369 1165 malis,
393 1122 441 1157 et
465 1117 528 1157 sic
553 1116 928 1170 praeparationes
952 1116 1011 1156 ad
1036 1116 1299 1156 intrandum
1325 1116 1370 1155 in
1395 1115 1573 1156 caelum
1595 1121 1642 1156 et
1666 1116 1712 1156 in

220 1179 490 1229 ecclesiam;
533 1179 786 1219 “humerus
822 1178 990 1218 dexter
1024 1177 1220 1218 domus'’
1254 1177 1545 1230 significabat
1575 1179 1711 1218 meri-

220 1242 342 1282 diem
371 1242 417 1282 in
451 1241 604 1290 caelis,
636 1241 711 1281 ubi
741 1241 957 1282 Divinum
987 1240 1161 1281 Verum
1196 1246 1267 1281 est
1302 1241 1348 1280 in
1382 1254 1464 1280 sua
1494 1240 1623 1292 luce;
1663 1247 1712 1281 et

223 1303 477 1344 “humerus
510 1303 724 1345 sinister”
758 1303 852 1356 ejus
889 1303 1180 1356 significabat
1218 1304 1600 1356 septentrionem,
1637 1303 1713 1344 ubi

221 1366 437 1407 Divinum
463 1366 636 1408 Verum
661 1373 734 1407 est
763 1367 808 1407 in
837 1380 919 1406 sua
948 1366 1134 1406 umbra:
1171 1366 1237 1406 ita
1267 1379 1347 1419 per
1373 1370 1399 1386 “
1416 1366 1609 1407 decem”
1633 1366 1714 1408 illa

222 1429 391 1470 “labra
401 1429 422 1444 '’
445 1429 823 1482 significabantur
847 1429 1001 1469 omnia
1025 1428 1353 1482 purificationis
1379 1434 1427 1469 et
1450 1442 1612 1470 omnes
1636 1429 1712 1482 qui

220 1491 527 1546 purificantur,
550 1498 597 1532 et
619 1505 699 1545 per
722 1491 990 1545 “quinque'’
1010 1491 1070 1531 ab
1090 1491 1178 1531 hoc
1200 1491 1391 1531 humero
1412 1497 1460 1531 et
1482 1491 1540 1531 ab
1561 1490 1712 1532 altero

219 1554 594 1608 significabantur
627 1554 694 1595 illi
732 1568 812 1595 seu
845 1553 958 1594 illud
992 1567 1137 1607 genus
1172 1553 1409 1594 hominum
1443 1554 1563 1606 apud
1598 1567 1713 1606 quos

221 1617 435 1658 Divinum
461 1617 635 1658 Verum
664 1623 736 1658 est
766 1617 811 1658 in
842 1617 943 1657 luce
972 1623 1020 1657 et
1050 1617 1171 1669 apud
1201 1630 1316 1670 quos
1347 1622 1419 1657 est
1449 1617 1494 1656 in
1524 1616 1711 1665 umbra3

221 1693 327 1721 nam
354 1681 554 1720 “decem
569 1679 589 1695 ’'
614 1679 874 1733 significant
898 1680 1053 1720 omnia
1081 1685 1128 1720 et
1158 1692 1333 1727 omnes,
1359 1692 1412 1719 ac
1442 1680 1679 1732 “quinque
1692 1678 1712 1693 '’

219 1757 357 1784 unam
381 1750 560 1797 partem
590 1757 670 1783 seu
700 1756 838 1783 unum
861 1756 1036 1796 genus:
1073 1756 1198 1783 mare
1223 1737 1417 1783 aeneum
1441 1756 1711 1796 repraesen-
1755 1773 1759 1776 .

219 1806 353 1847 tabat
382 1819 624 1847 commune
655 1805 1037 1858 purificatorium3
1077 1805 1199 1858 quod
1230 1805 1317 1845 hoc
1348 1806 1548 1858 positum
1578 1805 1711 1846 suerit

221 1869 320 1910 “ab
357 1868 547 1909 humero
586 1868 749 1908 domus
788 1868 958 1908 dextro
996 1881 1155 1908 versus
1194 1868 1421 1908 orientem
1460 1881 1486 1908 e
1524 1868 1712 1920 regione

219 1930 463 1979 meridiei,’'
487 1937 587 1971 erat
612 1931 717 1984 quia
747 1930 964 1971 Divinum
990 1929 1164 1971 Verum
1190 1930 1432 1983 purificans
1458 1944 1517 1971 ex
1544 1930 1712 1971 Divino

219 1993 395 2034 Amore
421 1993 607 2033 Domini
628 1993 864 2046 procedit;
897 1993 1047 2033 oriens
1072 1993 1193 2033 enim
1219 2000 1291 2034 est
1315 1993 1390 2033 ubi
1413 1993 1638 2034 Dominus
1662 2000 1712 2034 ut

219 2054 300 2097 Sol
323 2061 541 2109 apparet;
574 2055 790 2095 Divinum
815 2053 1006 2103 Verum,
1033 2055 1155 2108 quod
1180 2062 1253 2096 est
1283 2055 1364 2096 lux
1394 2056 1510 2096 caeli
1539 2070 1599 2096 ex
1630 2056 1712 2097 illo

219 2116 343 2167 Sole,
372 2119 418 2158 in
448 2118 635 2158 meridie
670 2124 741 2158 est
775 2118 820 2158 in
855 2131 938 2158 suo
972 2117 1099 2158 claro
1133 2124 1180 2158 et
1205 2119 1386 2172 aprico:
1427 2119 1542 2159 haec
1573 2132 1714 2160 causa

218 2180 301 2221 suit
330 2180 452 2234 quod
481 2193 724 2221 commune
749 2179 1104 2233 purificatorium
1130 2182 1330 2234 positum
1354 2181 1489 2222 suerit
1517 2186 1712 2222 “versus

201 2243 444 2284 ‘orientem
483 2256 509 2283 e
540 2243 728 2296 regione
767 2242 1012 2283 meridiei.’'
1070 2242 1201 2284 Haec
1237 2257 1402 2284 arcana
1436 2243 1580 2284 Verbi
1619 2258 1711 2284 non

103 2296 114 2303 ³
170 2332 177 2338 -
219 2306 320 2347 sciri
348 2311 540 2359 possunt
570 2306 615 2346 in
645 2306 831 2353 mundo,
864 2306 948 2345 nisi
983 2319 1043 2346 ex
1079 2307 1278 2359 cognitis
1308 2306 1458 2360 plagis
1488 2307 1534 2347 in
1564 2307 1710 2355 caelo,

220 2381 336 2422 quae
361 2367 495 2409 aliter
524 2381 573 2408 se
603 2367 779 2408 habent
804 2381 940 2421 quam
965 2369 1008 2408 in
1035 2369 1220 2409 mundo.
1279 2380 1359 2417 (Sed
1374 2381 1425 2409 De
1442 2380 1546 2418 Plagis
1557 2381 1590 2409 in
1603 2381 1713 2414 Caem,

219 2431 388 2462 videantur
398 2440 481 2469 quae
490 2440 531 2461 ex
541 2432 614 2460 visis
626 2436 658 2460 et
669 2432 785 2461 auditis
798 2432 829 2460 in
843 2441 939 2469 opere
954 2433 1004 2461 De
1016 2433 1107 2462 Caelo
1118 2436 1149 2461 et
1159 2433 1295 2471 Inferna,
1308 2442 1339 2463 n.
1352 2441 1447 2470 141-1
1451 2441 1468 2470 5
1471 2442 1500 2470 3,
1513 2433 1599 2462 dicia
1613 2435 1712 2470 sunt.)

220 2481 450 2536 Quoniam
478 2484 524 2524 in
554 2484 726 2524 mundo
761 2484 987 2538 spirituali
1021 2485 1209 2538 quisque
1244 2485 1386 2526 intrat
1421 2491 1468 2525 et
1503 2485 1711 2526 ambulat

219 2545 317 2586 vias
332 2559 447 2600 quae
464 2546 637 2587 ducunt
654 2547 710 2586 ad
734 2541 841 2587 ilios
856 2548 930 2600 qui
948 2548 992 2587 in
1009 2546 1144 2587 simili
1160 2554 1390 2599 regnante
1411 2561 1567 2588 amore
1588 2555 1709 2594 sunt,

220 2613 269 2648 et
288 2608 447 2662 cuique
468 2608 658 2649 liberum
676 2616 747 2650 est
770 2611 833 2650 ire
851 2610 971 2650 viam
990 2622 1126 2662 quam
1144 2609 1258 2657 vult,
1276 2616 1324 2650 et
1345 2611 1389 2650 in
1407 2623 1542 2663 quam
1564 2617 1610 2651 et
1632 2624 1713 2663 per

221 2682 357 2723 quam
379 2669 473 2723 ejus
493 2684 621 2712 amor
637 2672 761 2712 ducit
783 2685 901 2720 eum,
920 2678 967 2712 et
984 2672 1085 2712 viae
1107 2671 1213 2712 illae
1234 2672 1291 2712 ad
1314 2672 1531 2712 dextrum
1549 2679 1595 2713 et
1618 2673 1710 2713 sin-

221 2732 382 2773 istrum
412 2733 611 2774 tendunt
641 2735 699 2775 ad
730 2748 867 2775 unum
889 2734 963 2775 vel
994 2734 1051 2775 ad
1081 2733 1276 2775 alterum
1307 2748 1526 2783 amorem,
1558 2736 1622 2776 ita
1652 2735 1711 2775 ad

221 2793 350 2835 illum
370 2796 445 2848 qui
469 2796 632 2837 insitus
653 2803 740 2846 est,
762 2797 867 2837 ideo
888 2810 1068 2850 quoque
1089 2811 1170 2850 per
1197 2797 1451 2838 “dextrum
1464 2797 1484 2811 '‘
1506 2804 1552 2838 et
1580 2798 1709 2838 “sin-

222 2856 414 2898 istrum”
443 2858 724 2911 significatur
753 2859 963 2908 lubitum,
996 2859 1202 2908 liberum,
1233 2866 1281 2900 et
1315 2866 1481 2913 optato
1498 2859 1633 2901 :—-Ut
1664 2860 1709 2900 in

222 2917 361 2960 Libro
387 2919 614 2971 Geneseos,
