1962 3334
279 233 386 285 1846
687 241 1020 275 APOCALYPSIS
1052 242 1351 275 EXPLICATA.
1540 258 1556 282 J

272 359 368 405 tes;
407 368 486 407 per
519 357 543 374 “
561 360 717 395 mutuo
750 355 855 395 dare
868 354 887 370 ”
912 354 1188 408 significatur
1213 355 1544 396 communicare
1571 354 1691 396 bona
1716 361 1762 397 et

272 430 378 457 vera
400 415 631 458 doctrinae
654 431 712 457 ex
736 417 919 468 Verbo;
955 417 1103 458 “nihil
1129 417 1396 470 sperantes''
1422 417 1645 470 significat
1672 431 1762 458 non

273 486 459 532 propter
481 479 647 533 aliquid
670 481 734 520 sui
758 487 803 521 et
826 480 992 529 mundi,
1018 480 1096 520 sed
1119 487 1303 533 propter
1324 481 1490 520 bonum
1514 487 1560 521 et
1582 493 1761 521 verum:

275 546 420 583 “tunc
454 543 536 583 erit
564 556 735 583 merces
757 550 908 584 vestra
934 543 1077 584 multa
1095 543 1113 558 ''
1139 543 1363 596 significat
1390 543 1510 596 quod
1537 543 1623 583 illis
1654 549 1761 584 tunc

273 605 446 645 caelum
474 619 574 646 cum
601 605 693 658 ejus
719 606 864 647 beatis
891 612 935 646 et
954 605 1186 658 jucundis3
1222 610 1306 646 “et
1332 606 1454 646 eritis
1480 605 1554 645 filii
1578 605 1763 646 Altissi-

274 668 364 708 mi’'
383 668 606 721 significat
625 669 726 722 quia
743 670 804 709 sic
825 669 991 709 faciunt
1009 668 1085 709 illa
1107 682 1198 709 non
1221 683 1280 709 ex
1299 682 1345 709 se
1364 669 1443 708 sed
1461 682 1519 708 ex
1540 668 1761 719 Domino;

273 744 377 771 nam
400 731 472 784 qui
499 731 667 771 bonum
698 731 803 772 facit
831 738 877 772 et
908 745 1062 772 verum
1089 732 1224 772 docet
1256 745 1315 771 ex
1344 731 1553 779 Domino,
1581 731 1616 771 is
1648 730 1762 771 filius

274 793 380 846 Ejus
398 800 467 837 est
485 808 494 843 ;
519 807 608 834 non
627 800 776 834 autem
796 795 868 847 qui
891 794 1059 835 bonum
1076 795 1181 835 facit
1200 808 1258 834 ex
1276 808 1336 842 se,
1357 794 1476 847 quod
1494 793 1598 834 facit
1617 794 1763 834 omnis

274 857 347 910 qui
369 854 546 909 spectat
569 857 787 897 honorem
809 863 855 898 et
878 857 1061 906 lucrum,
1088 864 1272 910 propter
1294 871 1420 910 quae.
1481 857 1618 910 Apud
1639 856 1762 897 Mat-

273 918 460 968 thaeum,

339 1015 536 1056 “Quisquis
557 1016 766 1055 prophetam
789 1016 915 1056 accipit
939 1016 975 1047 in
1001 1016 1146 1047 nomine
1168 1016 1372 1056 prophetae,
1393 1015 1592 1047 mercedem
1613 1015 1765 1055 prophe-

447 1065 503 1090 tae
520 1060 688 1099 accipiet:
715 1060 873 1100 quisquis
897 1057 1055 1101 [accipit]
1075 1060 1208 1099 justum
1229 1060 1265 1090 in
1287 1060 1432 1090 nomine
1449 1059 1543 1099 justi,
1562 1059 1762 1090 mercedem

446 1102 530 1142 justi
555 1103 712 1142 accipiet.
760 1103 928 1144 Quisquis
953 1104 1129 1143 potaverit
1153 1113 1262 1134 unum
1289 1112 1480 1143 parvorum
1506 1109 1592 1142 potu
1616 1102 1763 1142 frigidae

447 1146 562 1177 solum
581 1147 616 1177 in
635 1147 781 1177 nomine
799 1147 987 1187 discipuli‚.
1003 1171 1010 1178 .
1023 1171 1031 1178 .
1046 1171 1053 1178 .
1065 1157 1137 1177 non
1156 1147 1278 1187 perdet
1295 1147 1494 1177 mercedem
1506 1145 1523 1157 '⁷
1541 1146 1585 1185 (x.
1602 1154 1654 1184 41,
1671 1146 1747 1186 42):

273 1242 500 1296 quomodo
548 1242 658 1282 haec
709 1241 892 1282 Domini
936 1242 1073 1282 verba
1122 1241 1420 1294 intelligenda
1464 1247 1581 1289 sunt,
1630 1254 1762 1281 nemo

274 1305 424 1345 videre
452 1311 605 1357 potest
632 1305 714 1345 nisi
746 1319 804 1345 ex
838 1318 971 1345 sensu
1003 1306 1181 1345 interno
1213 1319 1289 1345 seu
1315 1304 1532 1357 spirituali
1558 1304 1760 1354 illorum;

274 1369 370 1422 quis
397 1369 515 1408 enim
538 1369 648 1408 scire
676 1374 828 1420 potest
855 1369 960 1422 quid
986 1368 1253 1420 intelligitur
1280 1381 1358 1420 per
1382 1369 1621 1421 “accipere
1648 1380 1764 1407 mer-

274 1432 432 1472 cedem
456 1431 705 1484 prophetae
718 1431 735 1445 ”
759 1438 804 1472 et
831 1431 1123 1472 “mercedem
1141 1430 1286 1483 justi‚”
1309 1438 1355 1471 et
1382 1430 1486 1484 quid
1509 1444 1587 1483 per
1612 1431 1761 1470 “reci-

274 1508 378 1547 pere
406 1494 674 1547 prophetam
701 1500 747 1535 et
769 1493 938 1547 justum
963 1495 1007 1534 in
1040 1495 1222 1534 nomine
1255 1494 1502 1546 prophetae
1535 1500 1580 1534 et
1602 1493 1762 1546 justi’‘?

274 1564 370 1598 tum
403 1558 507 1611 quid
539 1557 807 1610 intelligitur
839 1570 916 1610 per
950 1556 1272 1597 “mercedem'’
1304 1570 1435 1610 quam
1468 1557 1658 1610 accipiet
1689 1557 1763 1610 qui

276 1621 540 1673 “potaverit
567 1626 678 1673 potu
704 1620 888 1672 frigidae
915 1619 1058 1660 solum
1086 1633 1221 1659 unum
1249 1633 1484 1672 parvorum
1511 1620 1554 1659 in
1582 1620 1764 1660 nomine

276 1683 479 1736 discipuli
496 1683 534 1723 ?‘'
583 1682 693 1735 Quis
717 1683 883 1736 absque
902 1696 1034 1723 sensu
1057 1683 1235 1723 interno
1253 1682 1469 1735 spirituali
1487 1682 1637 1722 videre
1660 1689 1763 1734 pot-

275 1752 345 1787 est
371 1746 490 1799 quod
517 1759 595 1798 per
626 1746 702 1786 illa
726 1746 864 1786 verba
888 1746 1169 1798 intelligatur
1194 1746 1313 1799 quod
1341 1746 1525 1798 quisque
1551 1752 1763 1797 acceptu-

273 1823 346 1849 rus
372 1810 429 1849 sit
456 1809 629 1849 caelum
657 1815 703 1849 et
735 1808 826 1861 ejus
853 1809 1064 1861 gaudium
1092 1809 1335 1849 secundum
1362 1807 1644 1849 affectionem
1671 1808 1763 1848 veri

274 1880 320 1913 et
348 1872 467 1920 boni,
497 1878 542 1912 et
570 1872 814 1912 secundum
843 1871 1179 1912 obedientiam?
1241 1870 1374 1923 Quod
1406 1871 1480 1911 ille
1507 1884 1663 1911 sensus
1689 1871 1761 1919 sit,

276 1941 464 1988 apparet
491 1935 596 1975 dum
624 1932 737 1987 “Jper
766 1934 1070 1987 “prophetam
1084 1934 1102 1949 ’‘
1125 1934 1393 1987 intelligitur
1418 1947 1570 1974 verum
1598 1931 1764 1974 (1οᾶῖί-

275 2012 372 2047 nae,
412 2012 490 2051 per
528 1997 760 2050 “justum’'
796 1998 964 2038 bonum
1005 1998 1182 2046 amoris,
1226 2004 1271 2038 et
1314 2011 1392 2050 per
1431 1996 1765 2049 “discipulum''

274 2075 427 2102 verum
455 2067 500 2101 et
533 2061 700 2101 bonum
727 2060 867 2100 Verbi
899 2067 945 2100 et
972 2060 1215 2110 ecclesiae;
1255 2067 1299 2100 et
1332 2073 1431 2100 cum
1464 2073 1542 2112 per
1570 2060 1650 2099 “in
1683 2073 1764 2100 no-

275 2125 394 2165 mine
410 2124 428 2138 '’
454 2124 630 2164 illorum
658 2123 926 2175 intelligitur
951 2129 1136 2175 propter
1166 2123 1254 2171 illa,
1284 2129 1329 2163 et
1362 2122 1607 2163 secundum
1634 2122 1765 2176 quale

274 2187 451 2228 illorum
487 2187 603 2240 apud
642 2186 742 2226 illos
779 2187 852 2239 qui
888 2187 1055 2226 faciunt
1097 2192 1142 2226 et
1178 2186 1372 2236 docent;
1420 2192 1514 2225 tum
1552 2198 1651 2225 cum
1688 2198 1767 2238 per

277 2249 603 2291 “mercedem'’
646 2249 913 2302 intelligitur
958 2249 1145 2297 caelum,
1194 2255 1241 2289 ut
1291 2262 1422 2300 supra
1467 2246 1635 2288 dictum
1680 2254 1763 2296 est,

275 2327 438 2366 nempe
475 2313 594 2367 quod
633 2314 867 2366 unicuique
904 2313 962 2352 sit
1000 2312 1173 2352 caelum
1206 2312 1450 2352 secundum
1483 2309 1765 2351 affectionem

274 2378 366 2417 veri
398 2383 444 2417 et
481 2377 601 2425 boni,
635 2389 686 2416 ac
724 2375 970 2416 secundum
1008 2374 1139 2428 quale
1176 2381 1222 2415 et
1260 2381 1476 2427 quantum
1509 2373 1626 2426 ejus;
1669 2373 1765 2413 istis

276 2441 394 2481 enim
432 2438 739 2481 affectionibus
776 2439 991 2491 inscripta
1027 2445 1132 2479 sunt
1170 2439 1320 2478 omnia
1357 2437 1482 2485 caeli,
1522 2450 1626 2476 nam
1662 2436 1765 2477 illae

275 2502 533 2544 affefflones
561 2516 651 2543 non
677 2508 781 2543 sunt
807 2502 937 2542 alicui
963 2502 1046 2541 nisi
1072 2516 1130 2541 ex
1159 2501 1370 2548 Domino,
1399 2506 1469 2540 est
1495 2500 1613 2540 enim
1641 2499 1765 2539 Divi-

276 2580 382 2607 num
406 2566 655 2619 procedens
677 2566 734 2605 ab
762 2566 866 2618 Ipso
888 2566 932 2605 in
959 2578 1046 2618 quo
1072 2571 1118 2605 et
1145 2578 1203 2604 ex
1230 2578 1318 2617 quo
1344 2570 1412 2603 est
1437 2562 1623 2603 caelum.
1685 2563 1766 2603 Per

279 2634 477 2682 “potare
500 2636 610 2682 potu
632 2629 818 2681 frigidae
842 2641 976 2668 unum
1000 2640 1236 2680 parvorum
1259 2627 1303 2666 in
1326 2627 1506 2666 nomine
1529 2625 1732 2677 discipuli
1747 2624 1767 2641 '’

275 2693 543 2745 intelligitur
568 2706 627 2732 ex
654 2692 916 2732 obedientia
945 2691 1114 2731 bonum
1140 2690 1284 2730 facere
1316 2697 1361 2730 et
1388 2702 1541 2729 verum
1574 2688 1764 2738 docere;

276 2770 382 2797 nam
423 2770 501 2809 per
540 2755 769 2808 “aquam’‘
806 2754 1083 2807 significatur
1119 2766 1272 2794 verum
1314 2751 1562 2800 affeffifione,
1601 2758 1647 2792 et
1688 2764 1767 2804 per

279 2818 553 2872 “frigidam’'
589 2831 743 2859 verum
781 2818 1064 2867 obedientia;
1112 2816 1208 2857 sola
1244 2817 1362 2857 enim
1401 2815 1660 2856 obedientia
1695 2820 1765 2855 est

276 2881 452 2923 affectio
489 2881 703 2923 naturalis
740 2886 786 2921 et
822 2894 914 2921 non
951 2879 1204 2933 spiritualis,
1238 2893 1373 2932 quare
1411 2876 1657 2931 respec'tive
1695 2883 1765 2918 est
