1962 3334
314 258 420 299 1816
724 267 1055 300 APOCALvPffls
1079 252 1386 300 EXPLICATA.

309 392 430 418 mum
444 378 670 431 judicium,
688 386 733 420 et
752 377 1049 432 dejectionem
1068 380 1287 421 malorum
1306 381 1348 421 in
1367 380 1609 422 infernum:
1637 382 1796 423 “beati

308 454 465 481 omnes
485 441 764 482 confidentes
787 442 830 482 in
854 442 958 494 Ipso
971 442 989 456 ”
1006 442 1228 495 significat
1252 443 1548 484 salvationem
1571 457 1650 496 per
1670 458 1795 486 amo-

308 517 402 543 rem
429 510 474 544 et
502 503 635 544 fidem
662 505 703 544 in
733 504 990 545 Dominum.
1051 505 1189 557 Apud
1217 506 1423 555 eundem,

376 604 394 617 ‘⁴
407 603 557 635 Pulcher
570 614 607 635 es
625 604 731 644 longe
749 614 832 644 prae
850 604 931 635 filiis
948 604 1143 642 hominum,
1158 605 1272 636 effusa
1288 611 1342 636 est
1358 605 1473 645 gratia
1486 615 1592 646 super
1605 606 1699 637 labia
1715 612 1774 638 tua
1788 616 1795 643 ;

490 672 497 678 .
512 672 519 678 .
534 672 540 678 .
556 648 715 687 .aecinge
735 648 892 688 gladium
913 654 1011 679 tuum
1033 658 1138 688 super
1157 648 1282 686 femur,
1303 649 1434 680 Potens
1452 649 1579 680 decore
1599 655 1660 680 tuo
1680 656 1714 681 et
1733 651 1796 681 ho-

485 700 572 721 nore
589 697 649 722 tuo
665 701 671 727 ;
696 697 731 722 et
748 692 782 722 in
800 692 936 722 honore
954 698 1014 723 tuo
1032 692 1241 729 conscende,
1259 693 1376 732 equita
1393 702 1499 732 super
1515 694 1623 724 verbo
1637 694 1795 725 veritatis

486 741 521 765 et
538 735 822 765 mansuetudinis
835 734 1001 774 justitiae,
1016 741 1051 766 et
1068 735 1206 766 docebit
1224 735 1274 766 Te
1293 736 1466 766 mirabilia
1483 736 1607 767 dextra
1619 742 1679 767 tua
1695 746 1701 774 ;
1726 738 1796 768 tela

484 784 545 809 tua
561 784 672 816 acuta,
691 778 812 818 populi
830 778 957 809 cadent
973 779 1038 809 sub
1058 778 1119 816 Te,
1140 789 1183 809 ex
1203 779 1307 809 corde
1325 779 1445 810 hostes
1465 779 1582 819 Regis.
1630 780 1795 811 Thronus

486 827 577 859 tuus,
598 821 704 859 Deus,
723 822 758 852 in
779 822 958 852 saeculum
976 828 1011 852 et
1030 828 1211 853 aeternum
1228 832 1235 858 ;
1261 829 1436 861 sceptrum
1458 821 1678 854 rectitudinis
1699 833 1796 863 scep-

484 871 577 896 trum
592 865 691 904 regni
707 866 755 895 tui
770 876 776 896 z
798 866 925 896 amasti
938 865 1111 905 justitiam
1126 872 1160 896 et
1174 866 1256 896 odio
1270 866 1423 896 habuisti
1435 866 1566 897 malum
1581 876 1588 903 ;
1610 873 1796 906 propterea

483 909 585 939 unxit
610 909 661 939 Te
688 908 795 946 Deus,
819 909 914 940 Deus
939 915 1019 940 tuus
1044 909 1124 939 oleo
1147 909 1267 948 gaudii
1296 919 1379 948 prae
1407 909 1513 940 sociis
1538 912 1616 947 tuis,
1642 910 1794 950 myrrha,

483 952 561 983 aloe
582 958 616 983 et
641 952 749 990 kesia,
771 962 897 983 omnes
917 959 1035 983 vestes
1056 959 1134 983 tuas
1149 963 1173 983 ε.
1189 977 1196 984 .
1210 952 1338 984 ..filiae
1360 962 1481 992 regum
1506 953 1600 984 inter
1619 953 1793 993 pretiosas

482 1001 561 1027 tuas
578 1005 584 1032 ;
614 996 777 1029 consistit
798 996 921 1036 regina
940 996 984 1026 ad
1004 996 1165 1027 dextram
1188 1002 1282 1026 tuam
1304 996 1338 1026 in
1359 1006 1445 1027 auro
1466 996 1602 1036 optimo
1623 996 1795 1038 Ophiris''

482 1039 554 1079 (Ps.
572 1039 642 1070 xlv.
662 1048 748 1078 3-10
766 1037 823 1080 [B.
838 1041 882 1070 A.
901 1037 1014 1080 2-9]):

306 1141 426 1194 quod
458 1141 569 1182 haec
602 1142 739 1181 etiam
772 1141 827 1181 de
856 1141 1052 1181 Domino
1079 1139 1199 1181 dic‘ta
1230 1141 1332 1189 sint,
1361 1155 1419 1181 ex
1447 1141 1632 1194 singulis
1663 1142 1707 1181 in
1739 1155 1793 1182 eo

306 1204 482 1257 psalmo
501 1211 653 1257 patet;
688 1211 733 1244 et
757 1204 858 1244 inde
883 1204 1001 1257 quod
1026 1205 1127 1256 Ipse
1150 1205 1206 1244 sit
1229 1204 1284 1244 de
1302 1218 1390 1257 quo
1408 1204 1582 1252 dicitur,
1606 1205 1794 1246 “Unxit

307 1267 375 1307 Te
408 1267 544 1315 Deus,
581 1267 702 1307 Deus
735 1274 837 1307 tuus
869 1267 971 1307 oleo
1002 1267 1165 1320 gaudii,
1201 1267 1394 1318 myrrha,
1429 1266 1542 1315 aloe,
1577 1267 1713 1316 kesia‚
1748 1275 1794 1308 et

307 1343 464 1371 omnes
495 1337 644 1370 vestes
677 1336 775 1370 tuas
794 1330 827 1380 ;”
864 1341 980 1383 quae
1013 1330 1117 1382 quid
1149 1329 1418 1382 significant,
1452 1344 1510 1370 ex
1544 1331 1654 1371 serie
1687 1344 1793 1371 con-

307 1401 426 1434 stare
450 1399 627 1446 potest:
662 1406 838 1445 nempe,
863 1392 983 1446 quod
1011 1392 1101 1445 Ipsi
1127 1393 1184 1432 sit
1213 1392 1374 1432 Divina
1401 1391 1642 1445 Sapientia,
1668 1399 1712 1434 et
1739 1394 1796 1434 ab

307 1456 412 1509 Ipso
450 1453 654 1495 doctrina
697 1455 845 1495 Divini
883 1454 1005 1503 Veri,
1044 1453 1320 1507 significatur
1361 1468 1439 1506 per
1479 1454 1708 1495 “Pulcher
1748 1468 1795 1494 es

307 1517 443 1570 longe
487 1531 592 1570 prae
629 1517 727 1557 filiis
764 1518 1009 1565 hominum,
1049 1517 1186 1557 effusa
1223 1523 1292 1557 est
1330 1518 1476 1569 gratia
1511 1530 1642 1569 super
1679 1516 1796 1556 labia

307 1587 385 1621 tua
402 1580 435 1631 ;‘’
461 1580 712 1632 “pulcher'’
727 1579 950 1633 significat
967 1580 1232 1632 sapientem,
1253 1583 1277 1599 “
1291 1579 1366 1619 filii
1382 1580 1611 1630 hominum
1624 1579 1642 1594 ’'
1658 1579 1795 1632 signi—

306 1642 444 1684 ficant
476 1643 788 1696 intelligentes
820 1644 863 1683 in
897 1642 1070 1682 Divinis
1096 1643 1224 1690 veris,
1253 1648 1299 1682 et
1329 1642 1515 1682 “labia'’
1541 1641 1795 1694 significant

307 1705 597 1747 doftrinalia:
643 1707 785 1759 Ipsius
824 1706 1154 1758 omnipotentia
1190 1719 1248 1745 ex
1288 1705 1452 1745 Divino
1484 1704 1607 1746 Vero
1638 1718 1794 1757 proce-

307 1769 444 1810 dente
487 1784 545 1810 ex
589 1770 754 1809 Divino
797 1769 938 1817 Bono,
979 1775 1024 1808 et
1066 1768 1170 1808 inde
1213 1766 1457 1808 destructio
1497 1767 1707 1807 falsorum
1749 1773 1795 1807 et

307 1832 541 1881 malorum,
569 1839 614 1873 et
647 1832 903 1884 subjugatio
934 1831 1220 1878 infernorum,
1250 1830 1525 1883 significatur
1556 1843 1634 1882 per
1662 1829 1794 1870 “Ac-

307 1897 437 1949 cinge
470 1896 671 1948 gladium
704 1908 836 1947 super
867 1894 1020 1943 femur,
1055 1894 1223 1933 Potens
1255 1893 1416 1933 decore
1449 1899 1494 1932 et
1531 1893 1715 1941 honore,
1749 1899 1795 1933 et

307 1960 350 1999 in
393 1959 562 1999 honore
605 1965 682 1999 tuo
723 1957 992 2004 conscende,
1035 1957 1187 2009 equita
1228 1969 1359 2007 super
1399 1955 1536 1995 verbo
1577 1956 1793 2002 veritatis,

309 2023 491 2064 docebit
529 2021 594 2062 Te
633 2020 851 2061 mirabilia
888 2021 1054 2060 dextra
1092 2026 1182 2067 tua,
1222 2019 1315 2059 tela
1351 2025 1428 2058 tua
1464 2024 1609 2066 acuta,
1644 2018 1795 2070 populi

308 2086 472 2127 cadent
510 2085 591 2125 sub
623 2084 704 2132 Te,
733 2098 791 2124 ex
832 2083 966 2123 corde
998 2083 1152 2122 hostes
1187 2081 1325 2134 Regis
1343 2081 1376 2131 ;”
1417 2094 1495 2133 per
1529 2080 1796 2133 “gladium’'

308 2148 583 2201 significatur
624 2160 776 2187 verum
820 2159 1026 2198 pugnans
1069 2151 1227 2185 contra
1268 2144 1427 2184 falsum
1472 2150 1518 2184 et
1560 2144 1796 2183 destruens

307 2212 433 2260 illud,
467 2225 546 2263 per
579 2209 828 2250 “currum''
861 2207 1064 2248 doctrina
1095 2208 1200 2255 veri,
1235 2206 1436 2247 similiter
1468 2219 1545 2258 per
1573 2206 1795 2246 “verbum

307 2274 548 2323 veritatis,'’
572 2287 649 2326 per
678 2273 915 2325 “equitare
931 2271 949 2285 '⁷
976 2272 1193 2311 instruere
1221 2276 1265 2310 et
1293 2283 1506 2322 pugnare,
1535 2283 1614 2321 per
1640 2269 1794 2309 “dex-

307 2337 455 2379 tram‘’
478 2337 822 2389 omnipotentia,
850 2348 928 2387 per
953 2338 977 2354 “
992 2333 1113 2374 tela”
1136 2332 1443 2385 significantur
1465 2346 1569 2372 vera
1591 2345 1795 2385 pugnan-

308 2401 385 2449 tia,
420 2413 497 2453 per
531 2397 789 2452 “populos”
822 2397 883 2437 illi
921 2397 993 2450 qui
1031 2397 1073 2436 in
1105 2395 1226 2435 falsis
1258 2394 1376 2442 mali,
1411 2401 1455 2455 et
1493 2407 1570 2447 per
1604 2395 1796 2434 “hostes

310 2462 482 2515 Regis’'
500 2463 573 2515 qui
597 2468 757 2501 contra
778 2474 896 2508 vera,
918 2460 981 2499 ita
1002 2459 1196 2498 inferna:
1232 2457 1351 2510 quod
1374 2457 1476 2497 inde
1496 2457 1584 2509 Ipsi
1607 2469 1795 2509 regnum

309 2532 355 2567 et
382 2526 626 2566 dominium
653 2525 696 2564 in
723 2530 970 2570 aeternum,
999 2521 1274 2574 significatur
1300 2534 1377 2573 per
1406 2520 1652 2560 “Thronus
1679 2525 1794 2566 tuus,

309 2589 447 2637 Deus,
491 2588 533 2627 in
579 2586 806 2626 saeculum
853 2592 898 2626 et
941 2591 1200 2634 aeternum;
1250 2589 1476 2635 sceptrum
1517 2581 1796 2623 rectitudinis

310 2658 538 2704 sceptrum
564 2650 690 2702 regni
716 2650 779 2689 tui
798 2649 830 2699 ;”
865 2651 1131 2700 “sceptrum
1158 2645 1466 2687 rectitudinis’'
1489 2651 1558 2686 est
1586 2645 1795 2685 Divinum

309 2713 482 2754 Verum
514 2713 582 2752 cui
619 2712 823 2764 potentia
859 2717 905 2751 et
937 2723 1149 2762 regnum:
1192 2710 1293 2762 quia
1323 2708 1566 2748 vindicavit
1597 2707 1740 2748 bonos
1772 2721 1797 2747 a

311 2776 601 2817 damnatione
628 2774 903 2814 destruendo
930 2773 1086 2821 malos,
1115 2772 1234 2825 quod
1266 2772 1367 2812 ideo
1400 2771 1551 2823 Ipsum
1585 2770 1795 2810 Divinum

312 2838 503 2879 univerit
536 2837 592 2878 Se
627 2837 839 2877 Humano
866 2837 1022 2888 Ipsius,
1051 2834 1327 2887 significatur
1358 2847 1436 2886 per
1464 2833 1682 2873 “Amasti
1703 2833 1795 2885 jus-

311 2901 458 2942 titiam
489 2906 535 2941 et
567 2900 670 2940 odio
701 2900 894 2940 habuisti
922 2898 1102 2947 malum,
1137 2904 1374 2948 propterea
1401 2897 1531 2937 unxit
1564 2896 1629 2936 Te
1657 2895 1792 2941 Deus,
