1962 3334
605 260 710 293 CAP.
734 260 815 302 XL,
838 218 976 293 VERs.
1004 260 1172 304 15.—N.
1193 251 1288 302 683.
1483 279 1487 281 >
1577 251 1685 302 1809

201 373 368 414 mundo
393 372 621 426 spirituali,
650 379 698 414 ut
724 379 941 426 quantum
966 372 1172 413 inferiora
1196 373 1241 413 in
1267 371 1422 412 ordine
1450 377 1554 412 sunt
1580 377 1683 412 tan-

200 442 297 477 tum
333 437 470 476 etiam
507 436 596 476 sint
632 436 884 488 superiora;
927 435 1132 476 inferiora
1169 436 1288 476 enim
1327 435 1386 474 ibi
1426 440 1532 475 sunt
1568 434 1683 474 sicut

199 499 403 539 inferiora
425 499 583 539 domus
609 511 660 538 ac
686 499 800 538 sicut
823 497 1115 538 fundamenta
1140 497 1258 550 ejus;
1291 503 1509 551 quantum
1531 498 1682 550 itaque

199 561 309 602 haec
336 562 513 613 integra
538 568 655 609 sunt,
683 566 861 601 tantum
888 561 1115 612 superiora
1140 561 1183 600 in
1210 566 1333 600 statu
1359 559 1500 608 firmo,
1526 573 1682 600 securo

150 636 156 651 ²
198 629 245 664 et
271 621 469 676 perfecto
491 629 620 673 sunt;
652 636 740 663 non
762 623 881 663 enim
904 629 1080 670 nutant,
1105 622 1319 663 vacillant
1345 635 1396 662 ac
1420 622 1570 663 hiant:
1604 628 1681 662 aut

198 686 312 726 sicut
334 693 551 739 quantum
573 687 616 725 in
639 685 819 726 homine
840 686 1068 726 exteriora
1089 685 1194 738 ejus,
1219 686 1333 726 sicut
1355 699 1526 738 organa
1547 685 1680 733 visus,

197 754 370 800 gustus,
403 749 594 796 auditus,
628 746 788 796 tactus,
823 761 913 788 non
950 748 1073 788 laesa
1108 754 1226 796 sunt,
1261 754 1439 788 tantum
1471 748 1683 788 interiora

197 809 290 863 ejus
315 811 429 851 bene
455 811 624 859 vident,
647 817 848 863 gustant,
873 811 1073 858 audiunt,
1097 817 1143 851 et
1170 809 1295 851 tactu
1321 811 1680 862 persentiscunt;

198 886 301 912 nam
327 873 537 913 interiora
563 880 666 913 sunt
692 886 805 926 quae
830 873 1031 913 sentiunt
1057 873 1100 912 in
1127 873 1440 921 exterioribus,
1469 879 1515 913 et
1547 879 1680 913 exte-

197 935 312 975 riora
343 935 451 976 nihil
482 949 507 976 a
538 950 598 976 se.
659 935 872 976 Similiter
895 935 938 975 in
971 935 1134 975 caelis:
1174 935 1402 975 inferiores
1434 935 1546 975 caeli
1577 941 1681 976 sunt

197 998 241 1038 in
266 1011 377 1051 quos
403 998 614 1038 desinunt
640 1005 686 1039 et
708 998 865 1051 quibus
888 998 1100 1038 insistunt
1123 997 1234 1038 caeli
1257 998 1532 1050 superiores;
1565 998 1682 1038 inter

197 1074 308 1113 quos
334 1061 434 1101 ideo
461 1061 563 1101 talis
589 1061 825 1101 continens
851 1074 997 1101 nexus
1023 1066 1092 1100 est
1125 1060 1266 1113 qualis
1298 1067 1367 1101 est
1394 1061 1510 1100 inter
1536 1061 1682 1112 priora

196 1131 243 1164 et
269 1124 530 1176 posteriora,
555 1130 632 1164 aut
659 1124 771 1163 sicut
798 1124 915 1163 inter
940 1136 1097 1164 causas
1123 1130 1168 1163 et
1195 1121 1404 1172 effectu&
1437 1124 1472 1163 si
1498 1121 1681 1163 effectus

197 1199 285 1226 non
304 1200 482 1239 prorsus
501 1186 823 1238 correspondet
844 1199 950 1226 suae
968 1199 1142 1233 causae,
1162 1186 1246 1226 hoc
1270 1192 1354 1233 est,
1374 1186 1408 1226 si
1432 1199 1521 1226 non
1542 1185 1681 1226 habet

196 1250 240 1289 in
271 1263 319 1289 se
349 1249 588 1290 formatum
620 1262 754 1290 omne
785 1249 904 1301 quod
942 1249 985 1288 in
1024 1262 1158 1288 causa
1189 1247 1413 1288 efficiente
1444 1254 1527 1296 est,
1561 1248 1680 1301 quod

196 1325 245 1362 se
269 1311 402 1352 refert
427 1312 484 1352 ad
510 1313 624 1352 vires
650 1318 696 1352 et
723 1318 912 1351 conatus
936 1311 1115 1363 agendi,
1144 1317 1251 1351 tunc
1278 1324 1412 1351 causa
1438 1309 1680 1352 labefacta-

196 1381 280 1422 tur,
308 1381 354 1414 et
385 1375 479 1427 agit
511 1372 799 1427 imperfe&e;
837 1387 940 1414 nam
972 1374 1123 1414 omnia
1147 1387 1308 1414 causae
1335 1374 1550 1426 inscripta
1575 1381 1680 1415 sunt

195 1435 396 1487 effe&ui;
436 1451 571 1490 quare
598 1436 695 1477 sola
721 1450 855 1477 causa
880 1443 948 1477 est
980 1450 1094 1489 quae
1121 1436 1228 1488 agit,
1258 1449 1348 1476 non
1380 1442 1531 1477 autem
1557 1437 1680 1490 quic-

196 1513 330 1554 quam
361 1498 543 1540 effectus
574 1504 807 1552 separatus
838 1513 864 1539 a
900 1512 1048 1539 causa.
1109 1498 1262 1539 Simile
1299 1505 1369 1538 est
1407 1512 1508 1539 cum
1545 1499 1681 1540 caelis

196 1563 492 1616 superioribus
510 1570 555 1603 et
577 1563 879 1612 inferioribus;
913 1563 955 1602 in
974 1561 1110 1602 caelis
1129 1561 1426 1613 superioribus
1448 1568 1552 1603 sunt
1574 1576 1680 1603 cau-

196 1639 285 1674 sae,
313 1632 359 1666 et
384 1624 566 1666 effectus
598 1626 742 1665 causis
769 1624 1175 1676 correspondentes
1201 1638 1248 1664 se
1275 1625 1439 1664 sistunt
1471 1625 1514 1664 in
1546 1625 1680 1665 caelis

195 1688 484 1729 inferioribus.
548 1688 674 1728 Haec
707 1686 827 1727 dicta
864 1693 966 1727 sunt
1006 1694 1054 1727 ut
1093 1687 1259 1727 sciatur
1296 1687 1413 1727 unde
1452 1693 1522 1728 est
1558 1688 1680 1740 quod

195 1762 273 1802 per
297 1753 467 1790 “voces
490 1763 678 1803 magnas
703 1751 746 1789 in
770 1749 927 1790 caelo”
950 1748 1224 1802 significetur
1246 1749 1486 1790 illustratio
1508 1764 1566 1790 ex
1594 1764 1680 1804 qua

195 1813 416 1865 sapientia
446 1820 492 1854 et
524 1813 736 1866 gaudium
769 1814 811 1852 in
844 1812 981 1853 caelis
1012 1812 1325 1863 superioribus,
1354 1812 1535 1865 quando
1567 1813 1679 1853 caeli

194 1875 422 1916 inferiores
447 1874 748 1929 purificantur,
776 1875 860 1915 hoc
887 1882 970 1924 est,
1000 1875 1105 1915 mali
1136 1889 1161 1915 a
1187 1875 1316 1915 bonis
1343 1882 1607 1927 separantur
1632 1882 1679 1917 et

195 1945 495 1979 removentur,

274 2011 409 2064 683.
447 2010 680 2058 “Dicente-5,
705 2011 832 2051 Facta
862 2015 960 2051 sunt
985 2024 1115 2064 regna
1144 2010 1282 2050 mundi
1305 2010 1461 2050 Domini
1483 2011 1617 2051 nostri
1639 2015 1684 2052 et

195 2071 346 2112 ohe-isti
363 2070 725 2123 Ipsius.''-Quod
751 2070 976 2123 significet
1002 2071 1151 2110 omnia
1175 2070 1223 2110 in
1247 2070 1382 2110 caelis
1406 2077 1449 2110 et
1467 2070 1514 2110 in
1539 2071 1678 2112 terris

156 2138 162 2143 ”
195 2132 384 2186 ,ςιιρίεᾶα
405 2132 603 2180 Domino,
627 2133 800 2184 quando
821 2132 1025 2184 separati
1042 2138 1146 2171 sunt
1166 2131 1277 2171 mali
1296 2146 1323 2171 a
1345 2131 1480 2180 bonis,
1503 2138 1546 2172 et
1566 2133 1685 2185 quod

195 2202 295 2236 tunc
317 2195 530 2238 Divinum
560 2195 730 2235 Bonum
761 2209 811 2235 ac
834 2195 1047 2234 Divinum
1084 2194 1241 2234 Verum
1261 2195 1498 2246 procedens
1529 2209 1557 2235 a
1586 2195 1678 2235 Do·

195 2258 310 2298 mino
334 2258 450 2299 clare
474 2258 725 2310 recipiatur,
754 2264 935 2298 constat
960 2271 1018 2297 ex
1045 2256 1372 2310 significatione
1398 2260 1676 2310 “regnorum

195 2321 387 2369 mundi,”
411 2334 512 2362 cum
543 2319 661 2361 facta
691 2327 794 2361 sunt
828 2321 1022 2367 Domini,
1048 2320 1167 2373 quod
1199 2322 1256 2360 sit
1286 2320 1407 2373 quod
1439 2321 1678 2374 recipiatur

196 2382 411 2422 Divinum
433 2382 687 2434 procedens
712 2395 737 2421 a
763 2381 962 2420 Domino
987 2394 1142 2420 amore
1167 2387 1214 2421 et
1240 2380 1326 2421 fide
1352 2391 1407 2429 (de
1419 2400 1483 2428 qua
1494 2393 1675 2432 sequitur);

195 2450 242 2484 et
273 2457 332 2484 ex
365 2442 689 2495 significatione
725 2442 943 2482 “Domini
975 2449 1021 2482 et
1058 2441 1223 2482 Christi
1256 2442 1438 2494 Ipsius,”
1469 2443 1588 2496 quod
1620 2444 1677 2484 sit

196 2507 416 2547 Dominus
441 2506 588 2559 quoad
616 2506 826 2545 Divinum
854 2505 1028 2545 Bonum
1056 2505 1203 2545 Divini
1230 2505 1427 2553 Amoris,
1456 2514 1502 2546 et
1528 2506 1674 2559 quoad

196 2569 406 2609 Divinum
429 2569 599 2608 Verum
625 2582 683 2608 ex
711 2567 788 2607 illo
811 2567 980 2608 Amore
1004 2568 1252 2620 procedens
1270 2582 1292 2618 ;-
1312 2568 1432 2621 quod
1458 2568 1675 2609 Dominus

196 2632 369 2672 dicatur
409 2631 698 2671 “Dominus”
735 2645 792 2670 ex
831 2631 994 2671 Divino
1033 2630 1174 2679 Bono,
1213 2644 1263 2671 ac
1305 2630 1581 2672 “Christus'’
1617 2645 1675 2671 ex

197 2694 360 2734 Divino
396 2693 534 2741 Vero,
572 2694 795 2734 videbitur
831 2693 953 2733 infra.
1026 2692 1160 2745 Quod
1201 2698 1427 2746 “regnum
1466 2693 1677 2733 Domini’‘

196 2758 253 2797 sit
278 2757 477 2808 receptio
503 2756 651 2795 Divini
679 2756 790 2795 Boni
822 2769 873 2795 ac
901 2755 1049 2795 Divini
1077 2755 1198 2804 Veri,
1227 2757 1290 2796 ita
1320 2756 1438 2807 apud
1471 2756 1571 2796 illos
1603 2756 1676 2808 qui

196 2820 428 2871 recipiunt,
471 2824 678 2858 constare
720 2824 871 2870 potest
915 2832 974 2858 ex
1020 2831 1087 2866 e0‚
1131 2818 1250 2870 quod
1297 2818 1515 2858 Dominus
1557 2818 1676 2870 apud

197 2880 384 2934 angelos
406 2880 515 2921 caeli
537 2887 582 2922 et
605 2880 721 2932 apud
744 2880 946 2920 homines
968 2880 1183 2921 ecclesiae
1206 2887 1364 2933 regnet
1388 2893 1466 2932 per
1488 2880 1530 2920 id
1554 2880 1675 2933 quod
