1962 3334
549 288 656 321 CAP.
678 287 741 329 x.,
764 286 903 319 VERs.
925 286 1071 319 2.—N.
1092 275 1260 330 600[b].
1460 278 1468 284 ’
1542 285 1645 328 1511

143 402 310 456 'agitur
338 402 398 443 ibi
428 401 486 443 de
516 400 846 442 instauratione
877 398 1100 441 ecclesiae
1130 397 1358 446 caelestis,
1391 411 1470 438 seu
1500 396 1649 438 eccle-

161 466 254 506 siae
284 479 398 519 quae
430 465 474 505 in
505 464 626 504 bono
657 464 822 504 amoris
853 463 898 503 in
925 462 1171 503 Dominum
1198 462 1312 511 erit;
1354 460 1432 501 illa
1457 459 1653 500 ecclesia

159 527 432 580 intelligitur
455 541 535 580 per
562 527 788 567 “domum
812 524 1069 579 Jehudae:”
1105 537 1184 578 per
1217 524 1395 564 “duces
1407 523 1427 538 ''
1458 522 1552 575 ejus
1582 522 1651 562 in-

161 589 430 643 telliguntur
454 590 575 630 bona
600 603 702 630 cum
726 590 845 630 veris
876 588 995 629 illius
1021 587 1268 628 ecclesiae:
1308 586 1529 639 dispersio
1554 597 1650 630 ma-

160 651 304 694 lorum
325 659 373 694 et
394 652 608 694 salsorum
630 653 688 692 ab
713 651 816 700 illis,
840 650 1120 705 significatur
1142 664 1222 704 per
1242 649 1362 703 quod
1387 653 1653 702 “ponentur

159 716 277 757 sicut
297 715 458 756 fornax
480 716 597 768 ignis
619 716 664 755 in
686 715 835 768 lignis,
860 722 906 755 et
929 715 1046 754 sicut
1068 713 1146 754 sax
1170 714 1288 766 ignis
1314 714 1358 752 in
1382 709 1653 765 manipulo,'’

158 784 207 819 et
233 792 313 832 per
342 779 464 832 quod
493 783 519 799 “
536 778 782 820 comedent
812 778 871 818 ad
897 777 1110 818 dextram
1137 783 1184 817 et
1215 776 1273 816 ad
1300 776 1528 816 sinistram
1554 786 1652 814 om-

160 854 242 882 nes
267 841 458 895 populos
484 842 772 882 circumcirca
791 840 827 891 ;’'
863 840 984 881 mala
1009 854 1124 894 quae
1150 840 1468 893 dispergentur
1493 837 1551 878 ab
1575 836 1653 878 illa

160 903 355 945 ecclesia
376 904 688 958 significantur
709 918 788 958 per
812 905 966 944 “sicut
988 903 1216 944 fornacem
1239 904 1283 943 in
1310 902 1445 955 lignis
1467 907 1514 942 et
1536 901 1652 942 sicut

159 967 304 1008 facem
321 968 367 1008 in
383 967 614 1021 manipulo
631 968 665 1019 ;”
696 975 743 1008 et
761 967 887 1015 falsa,
912 981 1027 1021 quae
1049 968 1187 1007 etiam
1206 966 1539 1019 dispergentur,
1559 965 1652 1017 sig-

159 1029 399 1071 nificantur
429 1045 508 1084 per
541 1030 774 1084 “populos
806 1029 1128 1071 circumcirca”
1153 1043 1266 1083 quos
1298 1028 1543 1069 comedent
1574 1041 1653 1068 seu

56 1105 77 1111 “
111 1136 114 1137 ⁷
160 1100 457 1135 consument:
503 1095 624 1148 quod
661 1094 854 1135 ecclesia
888 1093 967 1134 illa
1008 1099 1110 1134 tuta
1145 1094 1231 1133 erit
1267 1093 1325 1133 ab
1361 1092 1653 1132 infestatione

159 1156 379 1197 malorum
411 1163 459 1198 et
490 1157 718 1205 falsorum,
746 1163 794 1198 et
825 1154 997 1197 victura
1027 1157 1073 1196 in
1105 1156 1226 1196 bono
1251 1157 1373 1196 vitae
1405 1152 1652 1195 secundum

52 1197 95 1241 '⁰'
158 1232 267 1260 vera
297 1217 544 1268 doctrinae,
577 1219 856 1272 significatur
892 1233 971 1272 per
1005 1219 1127 1272 quod
1161 1218 1429 1259 “habitabit
1459 1217 1653 1271 amplius

162 1281 486 1335 Hierosolyma
496 1282 583 1340 *sub
599 1296 647 1323 se
665 1283 710 1323 in
730 1281 1054 1334 Hierosolyma
1071 1281 1106 1332 ;”
1140 1286 1166 1302 “
1178 1282 1374 1322 habitari
1385 1281 1406 1295 ”
1419 1281 1652 1334 praedica-

54 1365 78 1380 2
116 1387 119 1389 ,
147 1351 236 1386 'tur
260 1345 318 1386 de
348 1345 471 1386 bono
495 1346 632 1394 vitae,
660 1352 709 1387 et
737 1345 1132 1398 “Hierosolyma'‘
1158 1344 1386 1398 significat
1411 1344 1652 1385 ecclesiam

77 1404 108 1420 “
159 1408 310 1462 quoad
341 1422 448 1449 vera
478 1407 726 1449 doch-inae.
781 1408 921 1462 Apud
945 1408 1233 1457 Ezechielem,

226 1508 395 1541 “Contra
413 1519 542 1541 omnes
562 1515 685 1550 portas
705 1509 849 1541 illorum
869 1510 964 1541 dabo
983 1510 1100 1541 aciem
1119 1509 1242 1550 gladii,⁴
1260 1515 1298 1541 et
1314 1507 1431 1540 factus
1451 1515 1507 1541 est
1530 1509 1571 1540 in
1587 1508 1655 1540 ful·

332 1562 409 1593 gur,
426 1559 600 1585 exacutus
620 1553 666 1584 ad
685 1552 964 1589 mactationem:
988 1553 1109 1584 aduna
1125 1560 1169 1589 te.
1187 1553 1232 1584 ad
1252 1553 1415 1584 dextram
1436 1559 1557 1589 verte:
1582 1553 1655 1584 dis-

266 1601 271 1607 ·
332 1597 764 1682 ffineqtei5ad6sli)nistram
783 1603 903 1636 verte;
927 1607 999 1638 quo
1018 1597 1130 1628 facies
1150 1604 1233 1628 tuae
1254 1603 1384 1628 nutant
1394 1596 1413 1607 ’'
1433 1596 1517 1636 (xxi.
1541 1605 1593 1634 20,
1612 1603 1651 1628 21

386 1664 395 1672 .
448 1664 456 1672 .
518 1665 526 1678 ,
629 1666 637 1672 .

69 1720 102 1754 ¹⁸⁷
158 1741 428 1792 describitur
463 1755 543 1795 per
578 1741 691 1783 haec
729 1739 979 1782 destruffio
1014 1742 1107 1782 veri
1144 1755 1223 1795 per
1259 1742 1355 1782 dira
1391 1741 1531 1792 falsa3
1573 1755 1653 1795 per

76 1812 84 1820 ⁴
161 1803 402 1857 “gladium
413 1804 433 1819 ‘'
454 1803 735 1857 significatur
758 1804 853 1846 tale
879 1804 1041 1845 falsum
1067 1805 1307 1846 destruens
1329 1818 1511 1855 verum;
1545 1805 1651 1846 diri-

158 1873 232 1908 tas
257 1873 304 1909 et
330 1869 579 1909 enormitas
610 1868 728 1908 illius
753 1868 852 1908 falsi
883 1868 1152 1909 describitur
1183 1882 1262 1922 per
1287 1869 1407 1922 quod
1436 1868 1652 1922 “gladius

157 1927 302 1971 faetus
332 1931 391 1972 sit
426 1931 471 1972 in
507 1930 655 1984 fulgur
691 1937 738 1972 et
770 1937 994 1971 exacutus
1027 1932 1084 1971 ad
1116 1930 1441 1972 mactationem
1459 1932 1494 1982 ;'’
1531 1933 1651 1986 quod

78 1988 99 1996 ”
159 2005 251 2034 non
280 1992 383 2042 illis,
410 1994 484 2047 qui
515 1994 559 2034 in
590 2007 646 2034 eo
676 1993 790 2034 falso
815 2001 935 2042 sunt,
963 1995 1023 2035 sit
1054 1994 1238 2048 aliquod
1264 1995 1431 2035 bonum
1463 2009 1546 2036 nec
1573 2010 1652 2037 ve-

83 2050 94 2066 ²
157 2069 271 2105 rum,
294 2069 561 2110 quocunque
588 2057 740 2097 studio
766 2057 1009 2110 inquirunt,
1037 2056 1316 2110 significatur
1342 2072 1421 2111 per
1445 2058 1653 2099 “Aduna

160 2125 224 2167 te,
246 2119 304 2160 ad
326 2119 541 2160 dextram
559 2126 687 2160 verte
705 2134 713 2169 ;
748 2120 938 2172 dispone
960 2126 1022 2167 te,
1046 2121 1103 2160 ad
1126 2121 1357 2161 sinistram
1374 2127 1502 2161 verte
1521 2135 1531 2172 ;
1563 2135 1652 2175 quo

157 2180 294 2222 facies
319 2188 425 2223 tuae
452 2182 655 2223 nutant.’'
715 2181 854 2236 Apud
878 2179 1197 2231 [¹¹Saclzariam,

223 2279 328 2312 “Vae
347 2281 484 2321 pastori
509 2281 612 2312 nihili
632 2281 814 2312 deserenti
834 2291 1004 2321 gregem:
1033 2282 1176 2322 gladius
1201 2292 1309 2322 super
1330 2283 1479 2314 brachio
1504 2282 1594 2323 ejus,
1616 2289 1653 2315 et

330 2334 439 2364 super
454 2325 560 2355 oculo
572 2325 718 2356 dextrae
735 2325 833 2364 ejus:
854 2325 1039 2356 brachium
1057 2325 1134 2365 ejus
1152 2326 1351 2358 arescendo
1368 2326 1501 2364 arefiet,
1516 2333 1552 2358 et
1569 2337 1653 2359 ocu-

330 2367 387 2399 lus
403 2368 549 2399 dextrae
566 2367 645 2408 ejus
662 2369 853 2408 caligando
871 2368 1069 2408 caligabit”
1085 2369 1144 2408 (xi.
1166 2370 1231 2409 17):

157 2480 237 2521 per
273 2471 542 2522 “pastorem
584 2469 710 2510 nihili
746 2470 1034 2510 deserentem
1076 2471 1296 2524 gregem”
1331 2471 1651 2525 intelliguntur

70 2523 98 2587 11³
136 2531 231 2585 ·qui
261 2544 351 2572 non
382 2532 551 2573 docent
575 2546 730 2573 verum
757 2539 804 2574 et
838 2547 917 2586 per
947 2533 991 2573 id
1023 2533 1195 2575 ducunt
1226 2535 1284 2575 ad
1315 2535 1484 2576 bonum
1511 2537 1648 2585 vitae,

156 2594 314 2647 quibus
340 2608 431 2635 non
462 2608 594 2636 curae
625 2603 696 2636 est
730 2609 836 2636 num
862 2609 1016 2636 verum
1049 2597 1107 2638 sit
1136 2597 1208 2638 vel
1234 2597 1394 2638 falsum
1419 2599 1539 2651 quod
1566 2599 1648 2640 do-

70 2636 103 2703 “ ”
138 2662 291 2707 ‘cent;
329 2670 408 2710 per
441 2657 681 2710 “gladium
714 2672 847 2712 super
877 2659 1064 2699 brachio
1094 2659 1188 2712 ejus
1204 2660 1223 2675 ”
1255 2660 1535 2714 significatur
1566 2662 1648 2702 fal-

90 2729 103 2761 ῥ’
149 2731 254 2759 sum
279 2719 517 2760 destruens
542 2734 676 2761 omne
703 2721 871 2761 bonum
898 2721 1177 2773 voluntatis;
1216 2731 1262 2764 et
1295 2738 1375 2777 per
1403 2724 1647 2777 “gladium

77 2777 85 2785 “’
155 2793 288 2834 super
317 2781 449 2822 oculo
480 2782 704 2824 dextrae”
735 2783 1015 2836 significatur
1046 2784 1207 2826 salsum
1239 2787 1480 2828 destruens
1511 2800 1647 2828 omne

154 2855 308 2884 verum
344 2843 629 2896 intellectu&
675 2847 796 2900 quod
833 2847 1097 2900 deprivandi
1138 2849 1230 2890 sint
1272 2850 1395 2890 omni
1436 2850 1558 2890 bono
1599 2856 1647 2890 et

154 2918 276 2956 vere,
309 2907 588 2961 significatur
624 2922 702 2963 per
737 2910 858 2963 quod
892 2910 1160 2952 “brachium
1192 2913 1442 2954 arescendo
1473 2912 1645 2963 arefiet,
