1962 3334
639 286 745 319 CAP.
770 287 852 327 1x.‚
876 286 1014 319 VERs.
1039 286 1182 331 5.—N.
1209 278 1308 330 548.‘
1401 296 1407 300 >
1604 282 1710 331 1373

227 400 321 441 nati
360 407 464 442 sunt
502 400 634 441 valde
674 394 795 454 quod
835 400 1160 449 intellexerint,
1203 393 1407 441 dicentes
1446 405 1553 441 tunc
1594 400 1714 453 quod

227 476 364 516 usque
390 477 480 504 non
502 476 655 504 verum
677 470 812 504 esset.
871 461 1068 504 Affectio
1089 464 1207 504 enim
1234 477 1355 516 quae
1373 468 1443 504 est
1464 460 1714 503 voluntatis

226 525 330 566 facit
356 539 536 566 omnem
567 524 849 566 intellectum
880 526 954 579 qui
985 532 1055 566 est
1086 526 1204 578 apud
1235 526 1455 574 homines,
1482 538 1587 565 nam
1618 527 1715 577 ipsa

225 588 319 628 vita
354 587 611 629 intellectus
650 595 720 629 est
757 589 874 629 inde.
934 588 1160 641 Expende
1201 601 1306 628 num
1342 588 1501 641 aliquis
1540 590 1715 640 cogitet

225 650 393 703 absque
418 649 667 699 affectione,
692 658 739 692 et
765 664 915 692 annon
941 649 1118 691 affectio
1143 651 1201 692 sit
1231 651 1328 704 ipsa
1352 651 1445 691 vita
1470 651 1714 704 cogitatio-

225 713 306 762 nis,
323 715 518 766 'proinde
542 715 636 756 vita
659 712 929 755 intellectus.
990 714 1166 755 Dicitur
1190 707 1380 762 affectio,
1408 727 1460 755 ac
1492 713 1712 766 intelligi-

226 782 298 816 tur
318 775 493 818 affetffio
515 791 628 831 quae
650 784 718 818 est
741 778 918 824 amoris,
936 790 1015 817 seu
1036 790 1162 817 amor
1182 777 1227 816 in
1248 790 1328 817 suo
1350 777 1577 817 continuo.
1638 776 1714 816 Ex
1738 770 1742 773 ⁷

226 838 294 878 his
316 845 445 891 patet
467 840 587 892 quod
612 840 748 880 homo
770 839 949 893 quidem
971 838 1252 880 intellectum
1274 840 1366 880 veri
1391 846 1436 880 et
1460 840 1713 892 perceptio-

227 914 330 942 nem
356 902 461 942 boni
486 903 627 955 possit
653 903 853 955 perdere,
877 903 997 956 quod
1024 902 1072 943 fit
1099 916 1177 955 per
1203 902 1314 943 falsa
1338 902 1457 951 mali,
1485 902 1564 942 sed
1590 902 1711 955 quod

226 977 364 1018 usque
401 978 490 1006 non
527 966 630 1007 ideo
665 966 823 1018 perdat
860 965 1122 1006 facultatem
1159 965 1444 1018 intelligendi
1475 978 1630 1006 verum
1665 972 1713 1006 et

225 1027 495 1080 percipiendi
517 1028 712 1079 bonum;
745 1030 780 1069 si
805 1028 928 1069 illam
953 1029 1114 1081 perdit,
1138 1042 1229 1069 non
1255 1028 1444 1080 amplius
1466 1034 1535 1068 est
1561 1028 1711 1076 homo,

224 1091 368 1142 ipsum
390 1092 508 1131 enim
531 1091 773 1132 humanum
795 1092 838 1132 in
860 1091 937 1132 illa
957 1092 1172 1132 facultate
1195 1091 1428 1141 consistit;
1461 1105 1519 1132 ex
1546 1091 1623 1131 illa
1643 1098 1714 1131 est

225 1153 345 1205 quod
384 1153 520 1194 homo
558 1155 680 1195 vivat
720 1161 824 1207 post
864 1161 1073 1203 mortem,
1108 1161 1155 1195 et
1195 1154 1314 1207 quod
1351 1160 1565 1207 appareat
1605 1160 1712 1195 tunc

225 1215 340 1256 sicut
364 1215 528 1267 homo;
565 1216 775 1257 Divinum
802 1218 920 1257 enim
952 1230 1052 1257 cum
1084 1216 1160 1257 illa
1184 1216 1401 1257 facultate
1427 1215 1714 1269 conjunctum

224 1284 308 1318 est.
368 1278 479 1319 Inde
505 1286 588 1328 est,
612 1280 732 1333 quod
759 1281 940 1320 tametsi
966 1280 1103 1320 homo
1126 1280 1273 1333 quoad
1300 1280 1427 1320 binas
1452 1294 1554 1320 suas
1580 1281 1712 1327 vitas,

225 1355 337 1394 quae
359 1349 463 1383 sunt
484 1343 579 1383 vita
599 1341 856 1383 intellectus
878 1349 924 1384 et
946 1343 1040 1393 vita
1061 1343 1322 1391 voluntatis,
1346 1357 1372 1383 a
1398 1343 1562 1383 Divino
1585 1357 1712 1384 aver-

225 1416 300 1443 sus
324 1404 396 1453 sit,
424 1418 562 1458 usque
588 1419 666 1458 per
691 1405 735 1445 id
761 1405 882 1458 quod
909 1406 1051 1458 possit
1077 1405 1332 1458 intelligere
1358 1419 1513 1446 verum
1539 1413 1586 1447 et
1612 1419 1712 1459 per-

225 1467 371 1519 cipere
403 1467 570 1508 bonum
601 1467 962 1521 conjunctionem
995 1482 1096 1509 cum
1128 1469 1293 1509 Divino
1323 1468 1503 1517 habeat,
1531 1476 1577 1509 et
1610 1470 1712 1509 inde

224 1530 346 1571 vivat
372 1531 415 1570 in
437 1537 684 1571 aeternum.
744 1531 819 1571 Ex
845 1532 912 1572 his
938 1545 1054 1572 nunc
1079 1538 1287 1572 constare
1310 1537 1463 1584 potest
1490 1532 1609 1585 quod
1635 1546 1715 1584 per

229 1592 387 1647 [quod]
418 1594 610 1634 “datum
646 1595 703 1634 sit
740 1583 925 1635 locustis
962 1601 1010 1635 ut
1046 1607 1137 1635 non
1173 1594 1431 1635 occiderent
1468 1594 1714 1642 homines,”

225 1656 500 1709 significetur
526 1658 645 1710 quod
676 1671 813 1710 usque
845 1670 935 1697 non
966 1657 1307 1710 deprivarentur
1332 1657 1548 1698 facultate
1577 1658 1712 1698 intel-

226 1718 395 1771 ligendi
419 1733 573 1759 verum
599 1725 646 1760 et
672 1720 943 1771 percipiendi
970 1720 1151 1760 bonum.

304 1785 439 1839 548.
477 1786 588 1826 “Sed
611 1790 656 1826 ut
682 1787 1108 1845 cruciat-en‘tmonses
1131 1785 1539 1839 quinque.''—Quod
1571 1788 1712 1840 signi-

225 1845 330 1888 ficet
350 1848 471 1900 quod
489 1847 732 1888 intellec‘lus
758 1862 786 1888 a
799 1848 946 1900 falsis
972 1848 1085 1888 mali
1110 1848 1327 1901 caligaret
1354 1853 1397 1887 et
1425 1844 1726 1889 abstrahere-⁷

225 1916 302 1950 tur
324 1924 352 1950 a
377 1910 562 1950 videndo
582 1924 733 1950 verum
755 1911 967 1963 quamdiu
989 1911 1034 1951 in
1059 1910 1135 1950 illo
1155 1917 1278 1951 statu
1298 1917 1415 1959 sunt,
1444 1918 1626 1952 constat
1652 1926 1712 1952 ex

225 1972 553 2025 significatione
581 1973 853 2021 “cruciare,”
879 1974 999 2026 quod
1030 1974 1086 2014 sit
1119 1974 1266 2027 quoad
1297 1972 1577 2014 intellectum
1603 1974 1711 2015 cali-

226 2047 336 2086 gare
366 2040 413 2074 et
449 2034 654 2074 abstrahi
688 2048 714 2074 a
748 2035 948 2075 videndo
978 2048 1136 2075 verum
1168 2046 1223 2082 (de
1251 2054 1316 2082 qua
1342 2046 1526 2086 sequitur);
1568 2041 1615 2076 et
1650 2049 1711 2076 ex

225 2094 552 2148 significatione
578 2096 834 2136 “mensium
857 2096 1088 2149 quinque,’'
1110 2096 1229 2150 quod
1252 2097 1308 2137 sit
1331 2097 1542 2149 quamdiu
1566 2098 1610 2137 in
1633 2097 1711 2138 illo

228 2163 351 2198 statu
376 2164 493 2198 sunt.
555 2157 688 2210 Quod
712 2160 944 2199 “cruciare
958 2158 977 2173 ”
998 2159 1068 2199 hic
1096 2158 1316 2212 significet
1344 2159 1539 2212 caligare
1562 2160 1711 2213 quoad

225 2219 519 2270 intellectum,
558 2228 604 2261 et
640 2221 840 2262 abstrahi
877 2235 903 2261 a
942 2221 1138 2262 videndo
1173 2235 1340 2270 verum,
1378 2229 1448 2263 est
1484 2224 1587 2276 quia
1623 2224 1708 2264 hoc

226 2283 386 2323 dicitur
406 2283 463 2323 de
489 2283 674 2324 locustis
697 2291 741 2324 et
764 2284 938 2324 illarum
962 2290 1191 2337 potestate
1213 2285 1436 2334 laedendi,
1459 2299 1572 2339 quae
1595 2288 1710 2327 sicut

226 2346 414 2398 sc'orpii;
446 2352 492 2386 et
515 2341 593 2399 per
617 2346 884 2387 “locustas‘’
906 2346 1173 2404 intelligitur
1195 2347 1400 2388 ultimum
1422 2349 1541 2388 vitae
1564 2349 1709 2389 homi-

225 2407 306 2456 nis,
338 2409 458 2461 quod
489 2415 675 2449 vocatur
706 2408 924 2458 sensuale,
952 2415 998 2450 et
1034 2423 1111 2462 per
1139 2413 1453 2463 “potestatem
1485 2411 1707 2459 laedendi,

225 2471 340 2511 sicut
376 2471 575 2524 scorpii,”
607 2471 881 2524 significatur
917 2473 1234 2524 persuasivum‚
1268 2473 1387 2526 quod
1424 2473 1515 2514 tale
1553 2480 1623 2514 est
1660 2480 1709 2514 ut

225 2532 393 2573 auferat
419 2532 668 2574 intelle&ui
695 2534 838 2574 lucem
865 2535 970 2582 veri,
993 2548 1045 2575 ac
1071 2535 1252 2576 inducat
1279 2537 1489 2576 tenebras
1515 2537 1707 2577 inferna-

225 2595 316 2646 les;
362 2609 496 2648 quare
533 2598 730 2650 sequitur
768 2610 882 2637 nunc
923 2598 1042 2650 quod
1073 2599 1332 2640 “cruciatus
1372 2599 1545 2640 illarum
1586 2608 1707 2642 esset

227 2659 342 2699 sicut
369 2659 588 2699 cruciatus
614 2661 774 2712 scorpii
801 2673 901 2700 cum
928 2661 1120 2713 percutit
1147 2661 1415 2710 hominem,'’
1441 2675 1519 2714 per
1547 2665 1707 2702 “scor-

226 2719 347 2771 pium
360 2719 380 2733 ’'
395 2720 514 2759 enim
530 2720 810 2772 significatur
826 2720 920 2760 tale
935 2722 1244 2773 persuasivum
1261 2733 1419 2771 (videatur
1430 2742 1576 2770 supram.
1596 2732 1706 2774 544).

226 2780 401 2821 Dicitur
431 2780 515 2821 hoc
544 2781 814 2829 “cruciare,''
841 2783 941 2835 quia
971 2795 1103 2835 supra
1135 2783 1295 2824 dicitur
1320 2784 1439 2837 quod
1467 2783 1706 2824 “locustae

226 2843 456 2898 laederent
484 2843 726 2891 homines‚'‘
752 2850 798 2884 at
828 2848 954 2885 “non
980 2845 1236 2886 occiderent
1255 2846 1288 2896 ;’'
1319 2853 1364 2887 et
1396 2846 1468 2900 qui
1494 2846 1631 2886 laedit
1659 2854 1706 2886 et

226 2918 315 2946 non
346 2906 524 2956 occidit,
557 2906 593 2945 is
625 2907 817 2957 cruciat;
855 2913 900 2948 et
932 2921 1107 2961 quoque
1139 2903 1457 2961 persuasivum,
1485 2909 1602 2962 quod
1635 2916 1706 2950 est
