1962 3334
0 2213 39 2643 ‘maesta-‘mm

0 2687 43 2978 μενῑφζτῖᾆκῆῑὲϊ]
6 2656 30 2673 .·

12 3075 49 3192 ἐξ-,ΗΒΕ
11 3011 48 3066 '‘5'ss
25 2988 40 3002 f

603 337 606 339 Α
635 286 847 327 CAP.1x.,
869 284 1008 318 VERS.
1036 282 1207 328 17.-N.
1234 281 1325 326 575.
1427 281 1433 285 ·
1618 280 1726 322 1439

239 410 295 447 (de
316 419 381 448 qua
401 410 495 439 etiam
524 410 556 438 in
582 410 661 438 locis
682 407 779 447 supra
799 407 929 447 citatis),
960 396 1031 437 hic
1065 401 1223 436 autem
1257 391 1631 434 ratiocinationes
1666 389 1724 429 de

239 475 373 502 sensu
389 461 530 502 Verbi
551 474 611 501 ex
627 459 830 507 fallaciis,
849 458 1062 512 quoniam
1079 457 1229 510 agitur
1250 455 1306 495 de
1328 452 1526 494 sensuali
1541 451 1724 492 homine

239 529 287 562 et
306 521 402 574 ejus
418 521 771 561 ratiocinatione
792 533 852 560 ex
869 518 1061 559 fallaciis
1083 529 1243 566 (videatur
1254 535 1404 564 supra,n.
1422 513 1534 566 569),
1556 518 1604 553 et
1620 512 1726 565 quia

238 583 400 623 dicitur
424 582 544 636 quod
569 582 731 622 viderit
757 581 859 622 illos
887 581 970 621 “in
995 577 1207 626 visione,'’
1229 584 1276 618 et
1302 589 1393 617 non
1420 582 1469 615 ut
1495 574 1614 628 prius
1642 573 1725 612 “in

238 645 395 698 spiritu
411 644 446 695 ;”
479 644 670 684 “videre
687 644 731 683 in
749 644 919 684 visione
930 643 950 657 ’'
967 642 1038 683 hic
1057 639 1282 694 significat
1304 653 1364 679 ex
1381 637 1582 678 fallaciis.
1642 634 1725 675 Vi·

239 708 390 748 siones
420 707 554 755 enim,
582 720 693 760 quas
725 713 771 747 et
803 720 862 746 ex
893 705 1052 759 quibus
1083 701 1224 744 homo
1256 709 1333 743 aut
1365 701 1547 754 spiritus
1577 698 1725 739 homi·
1775 729 1778 730 ν

240 770 308 810 nis
323 769 463 818 videt,
482 776 587 810 sunt
605 768 794 822 duplicis
810 768 990 821 generis
1006 781 1016 818 ;
1049 772 1154 807 sunt
1171 765 1366 806 visiones
1389 762 1534 804 reales
1555 767 1603 802 et
1620 767 1726 801 sunt

239 834 434 873 visiones
459 845 550 873 non
580 831 750 872 reales:
788 832 984 871 visiones
1014 829 1160 870 reales
1185 834 1290 869 sunt
1322 826 1481 868 talium
1507 838 1620 879 quae
1652 837 1725 864 re-

240 895 374 936 aliter
394 901 615 948 apparent
641 894 685 934 in
712 894 881 934 mundo
907 892 1141 946 spirituali,
1165 904 1345 945 prorsus
1367 886 1726 941 corresponden-

241 964 312 999 tes
329 957 683 1010 cogitationibus
702 963 748 997 et
766 954 1074 997 affefflonibus
1091 953 1356 1007 angelorum
1373 967 1382 1003 ;
1415 950 1603 1005 proinde
1621 955 1726 990 sunt

240 1019 385 1061 reales
416 1020 876 1072 correspondentiae;
913 1018 1030 1059 tales
1056 1018 1253 1058 visiones
1283 1015 1460 1056 fuerunt
1492 1012 1727 1067 prophetis

240 1083 314 1136 qui
326 1096 431 1123 vera
446 1082 790 1135 prophetarunt,
808 1088 855 1122 et
870 1094 1047 1134 quoque
1062 1079 1181 1121 tales
1195 1079 1390 1119 visiones
1405 1083 1509 1117 sunt
1524 1089 1637 1129 quae
1649 1074 1727 1127 Jo-

240 1145 379 1185 hanni
396 1151 713 1198 apparuerunt,
729 1158 843 1197 quae
867 1144 1010 1184 ubivis
1033 1144 1077 1184 in
1094 1142 1135 1183 A
1137 1139 1726 1195 pocalypsidescribuntur:

242 1214 290 1248 at
315 1207 511 1248 visiones
537 1220 628 1247 non
660 1207 806 1248 reales
838 1213 942 1247 sunt
974 1220 1088 1260 quae
1119 1206 1163 1246 in
1195 1211 1389 1246 externa
1414 1203 1557 1243 forma
1588 1214 1728 1254 appa-

240 1276 342 1311 rent
373 1269 540 1310 similes
571 1269 779 1317 realibus,
814 1269 894 1310 sed
925 1282 1016 1310 non
1047 1269 1092 1309 in
1123 1269 1327 1317 interna;
1365 1266 1673 1319 producuntur
1702 1277 1730 1304 a

240 1332 468 1386 spiritibus
499 1345 578 1385 per
604 1332 895 1385 phantasias;
926 1331 1044 1372 tales
1069 1331 1266 1371 visiones
1292 1329 1470 1369 fuerunt
1496 1327 1729 1381 prophetis

241 1395 315 1448 qui
336 1408 453 1435 vana
474 1408 553 1435 seu
575 1395 813 1435 mendacia
836 1394 1192 1448 prophetarunt;
1230 1406 1388 1433 omnes
1410 1391 1496 1432 hae
1518 1391 1728 1437 visiones,

241 1457 344 1511 quia
368 1470 459 1498 non
485 1457 646 1505 reales,
672 1463 776 1498 sunt
798 1456 1016 1506 fallaciae,
1041 1470 1178 1510 quare
1204 1456 1343 1496 etiam
1365 1452 1621 1507 significant
1647 1452 1730 1493 fal-

242 1519 405 1560 lacias:
449 1526 495 1560 et
518 1521 620 1573 quia
645 1520 787 1573 “equi
813 1526 860 1560 et
886 1520 1101 1560 sedentes
1122 1533 1255 1572 super
1279 1517 1398 1558 illis”
1419 1517 1502 1557 visi
1526 1522 1632 1556 sunt
1652 1515 1729 1568 Jo-

243 1582 383 1623 hanni
408 1583 451 1622 in
479 1582 559 1622 tali
584 1583 771 1631 visione,
799 1583 902 1623 ideo
928 1596 1008 1635 per
1032 1581 1136 1622 illos
1158 1580 1467 1634 significantur
1489 1579 1731 1619 ratiocina-

243 1645 391 1685 tiones
413 1659 473 1685 ex
497 1644 702 1692 fallaciis,
727 1652 772 1685 et
799 1645 903 1685 inde
925 1643 1265 1685 falsificationes
1287 1643 1441 1683 Verbi.
1504 1641 1732 1694 Quoniam

244 1707 490 1760 prophetis,
516 1721 594 1760 per
619 1721 731 1760 quos
754 1707 956 1748 Verbum
983 1707 1293 1760 conscriptum
1319 1712 1405 1753 est,
1427 1706 1605 1745 fuerunt
1626 1705 1731 1744 visi-

244 1783 354 1810 ones
398 1770 557 1817 reales,
596 1777 643 1810 et
686 1770 880 1823 reliquis,
915 1770 990 1823 qui
1031 1770 1167 1810 etiam
1206 1768 1457 1822 prophetae
1494 1773 1730 1814 vocantur,

244 1832 439 1872 visiones
471 1845 562 1872 non
595 1830 753 1879 reales,
791 1839 837 1872 et
868 1832 1028 1873 horum
1059 1832 1255 1872 visiones
1290 1831 1468 1872 fuerunt
1504 1843 1648 1871 vanae
1684 1836 1733 1870 et

244 1908 420 1948 quoque
435 1899 460 1915 “
473 1895 708 1935 mendacia
722 1895 741 1909 ”
752 1902 987 1944 vocantur,
1001 1896 1190 1936 interest
1209 1895 1321 1935 scire
1336 1894 1492 1948 quales
1509 1900 1614 1934 sunt
1628 1893 1733 1933 visi-

244 1970 381 1998 ones:
425 1971 603 2010 nempe,
647 1958 801 1997 omnia
843 1972 957 2011 quae
999 1958 1044 1998 in
1085 1958 1254 1998 mundo
1294 1956 1515 2010 spirituali
1551 1955 1735 1997 realiter

245 2026 480 2073 apparent,
509 2027 613 2060 sunt
645 2021 1096 2073 correspondentiae,
1124 2020 1482 2074 correspondent
1514 2019 1634 2060 enim
1665 2019 1733 2058 in-

245 2083 482 2124 terioribus
499 2082 767 2135 angelorum
792 2097 907 2136 quae
930 2084 1096 2124 mentis
1118 2096 1273 2124 eorum
1295 2089 1414 2131 sunt,
1434 2097 1512 2123 seu
1534 2095 1648 2136 quae
1670 2081 1733 2122 af-

245 2143 450 2186 fectionis
493 2151 539 2185 et
580 2145 684 2185 inde
726 2146 1021 2198 cogitationis
1061 2159 1242 2196 eorum;
1286 2151 1561 2199 quapropter
1596 2144 1735 2185 etiam

246 2206 502 2260 significant
529 2207 664 2248 talia:
705 2208 849 2249 induit
875 2209 994 2248 enim
1021 2208 1267 2262 spirituale,
1295 2208 1415 2261 quod
1442 2214 1512 2248 est
1534 2205 1734 2248 affectio-

246 2271 315 2311 nis
345 2276 392 2311 et
423 2270 527 2310 inde
561 2271 855 2323 cogitationis
887 2271 1166 2324 angelorum,
1198 2271 1365 2312 formas
1401 2270 1557 2324 quales
1593 2283 1734 2323 appa-

246 2338 349 2373 rent
387 2332 431 2372 in
474 2333 670 2373 naturali
713 2333 881 2373 mundo
921 2334 966 2373 in
1007 2333 1171 2387 triplici
1210 2333 1302 2386 ejus
1341 2347 1498 2386 regno,
1536 2332 1732 2380 animali,

246 2394 494 2447 vegetabili
526 2401 571 2435 et
605 2395 824 2443 minerali,
859 2402 905 2436 et
942 2409 1100 2437 omnes
1132 2396 1217 2437 hae
1248 2396 1417 2437 formae
1449 2403 1553 2437 sunt
1585 2409 1733 2436 corre—

247 2457 561 2510 spondentiae,
594 2457 750 2510 quales
782 2459 905 2498 visae
941 2464 1046 2499 sunt
1082 2458 1329 2512 prophetis,
1363 2466 1409 2499 et
1446 2473 1559 2513 quae
1595 2459 1734 2512 signi-

247 2518 495 2560 ficaverunt
544 2533 614 2560 res
663 2520 821 2573 quibus
869 2521 1297 2574 correspondebant.
1358 2521 1426 2563 At
1474 2523 1517 2562 in
1566 2522 1735 2562 mundo

247 2581 465 2634 spirituali
492 2582 655 2622 dantur
688 2583 828 2623 etiam
859 2584 1150 2636 apparentiae
1180 2598 1295 2637 quae
1327 2598 1417 2625 non
1450 2591 1554 2625 sunt
1586 2597 1733 2625 corre-

248 2644 560 2696 spondentiae,
585 2658 698 2697 quae
721 2645 1027 2698 producuntur
1048 2659 1074 2686 a
1096 2646 1323 2700 spiritibus
1346 2648 1583 2701 praecipue
1606 2646 1735 2687 malis

247 2719 326 2759 per
356 2706 634 2759 phantasias,
669 2721 747 2760 per
784 2708 866 2748 has
898 2709 1017 2749 enim
1049 2717 1239 2762 possunt
1270 2709 1334 2750 illi
1365 2711 1545 2764 spiritus
1577 2710 1735 2750 sistere

248 2767 429 2821 palatia,
458 2775 504 2809 et
531 2769 690 2810 domos
718 2770 875 2823 plenas
902 2771 1251 2821 decoramentis,
1275 2779 1371 2814 tum
1398 2787 1574 2826 quoque
1602 2786 1735 2813 orna-

249 2837 320 2870 tas
342 2837 507 2879 vestes,
532 2838 577 2872 et
603 2846 780 2886 quoque
803 2834 885 2873 sibi
911 2833 1122 2875 inducere
1143 2834 1279 2876 facies
1306 2835 1530 2889 pulchras,
1555 2841 1735 2888 praeter

249 2892 407 2934 similia
433 2893 546 2946 alia;
579 2902 625 2935 at
653 2902 701 2936 ut
728 2896 916 2949 primum
944 2897 1187 2951 phantasia
1212 2898 1390 2950 desinit,
1419 2899 1555 2940 etiam
1583 2899 1734 2940 omnia
