1962 3334
245 233 351 287 1648
656 245 988 279 APOCALYPSIS
1020 247 1322 280 EXPLICATA.

296 354 378 409 [6.]
426 355 568 410 Apud
596 356 882 407 Sacharz'am,

305 438 489 470 “Stabunt
507 439 615 479 pedes
635 439 752 480 Ipsius
771 440 806 471 in
824 441 880 472 die
898 441 958 472 illo
976 451 1084 482 super
1102 441 1227 473 Monte
1242 442 1438 479 Olivarum,
1453 442 1510 483 qui
1528 448 1611 473 ante
1629 442 1737 474 facies

415 482 691 523 Hierosolymae
715 484 760 514 ab
781 484 940 521 oriente;
970 492 1004 516 et
1024 485 1227 516 diffindetur
1248 485 1356 517 Mons
1381 486 1578 524 Olivarum,
1598 493 1633 517 et
1653 495 1736 526 pars

413 526 491 566 ejus
511 536 636 558 versus
656 533 773 558 ortum
794 534 828 558 et
849 538 973 559 versus
999 539 1097 560 mare
1117 529 1209 560 valle
1230 539 1363 569 magna
1382 529 1508 565 valde:
1538 535 1572 560 et
1597 530 1737 560 recedet

412 579 494 609 pars
513 570 646 602 montis
665 581 788 602 versus
806 573 1100 611 septentrionem,
1115 583 1267 613 parsque
1284 572 1362 613 ejus
1380 583 1505 604 versus
1523 573 1706 604 meridiem
1718 572 1736 584 ’¹

412 613 494 652 (xiv.
512 613 546 654 4)
561 625 567 645 :

236 700 343 753 quid
375 700 488 741 haec
520 700 799 753 significant,
832 715 968 755 supra
1000 713 1045 750 (n.
1061 712 1220 755 405[d])
1251 702 1539 756 explicatum
1570 709 1655 751 est,
1688 709 1734 744 et

236 769 471 803 ostensum
503 763 623 816 quod
658 776 737 815 per
770 763 1021 805 “Montem
1057 763 1320 805 Olivarum”
1347 764 1623 818 significetur
1654 765 1734 805 Di-

235 826 364 866 vinus
397 825 569 866 Amor:
616 826 751 867 Mons
783 828 902 867 enim
936 826 1168 868 Olivarum
1200 834 1296 868 erat
1329 829 1386 868 ab
1417 829 1590 869 oriente
1624 828 1734 869 Hie-

234 888 506 941 rosolymae,
531 895 578 930 et
603 889 995 942 “Hierosolyma’'
1017 890 1301 943 significabat
1325 890 1564 931 ecclesiam
1587 891 1734 944 quoad

235 951 513 1003 doetrinam;
557 959 603 993 et
637 954 783 1000 omnis
815 953 1022 1001 ecclesia,
1056 960 1102 994 et
1135 967 1268 994 omne
1302 952 1533 995 doctrinae
1565 967 1732 1003 verum,

233 1016 483 1057 illustratur
505 1022 551 1056 et
576 1016 722 1057 lucem
746 1017 903 1069 recipit
930 1031 956 1057 a
983 1017 1181 1058 Domino
1207 1018 1250 1057 in
1278 1017 1479 1067 oriente3
1513 1023 1559 1057 et
1586 1017 1733 1058 oriens

233 1080 278 1119 in
310 1078 437 1120 caelo
469 1085 539 1119 est
572 1079 645 1119 ubi
680 1079 902 1120 Dominus
934 1086 1124 1132 apparet
1157 1086 1204 1120 ut
1238 1079 1342 1129 Sol;
1385 1086 1431 1120 et
1463 1080 1565 1133 quia
1598 1079 1734 1120 “sol’'

234 1142 458 1196 significat
485 1143 698 1183 Divinum
722 1142 957 1191 Amorem,
982 1143 1084 1183 ideo
1112 1143 1338 1191 “oriens,”
1360 1156 1411 1183 ac
1437 1143 1609 1183 “Mons
1636 1141 1731 1183 Oli-

232 1219 388 1247 varum
401 1205 420 1221 ’³
446 1206 519 1259 qui
547 1206 604 1246 ab
630 1207 804 1247 oriente
833 1206 1181 1259 Hierosolymae
1207 1213 1319 1254 erat,
1344 1206 1537 1247 eundem
1564 1207 1731 1259 signifi-

233 1275 321 1310 cat.
383 1267 608 1321 Quoniam
636 1269 711 1309 ille
738 1282 869 1326 mons
895 1269 1193 1322 significabat,
1222 1276 1270 1310 ut
1298 1268 1466 1310 dictum
1493 1276 1577 1318 est,
1607 1270 1730 1311 Divi-

233 1346 338 1372 num
377 1333 560 1373 Domini
601 1332 837 1381 Amorem,
879 1333 981 1373 ideo
1023 1332 1243 1373 Dominus
1285 1347 1416 1386 super
1455 1333 1533 1373 illo
1574 1341 1761 1382 monte>

233 1396 454 1437 ordinarie
481 1402 788 1436 commoratus
815 1402 912 1446 est;
944 1396 1191 1436 secundum
1218 1395 1552 1448 Evangelz'stas,

306 1492 410 1533 Quod
430 1491 534 1533 Jesus
559 1497 655 1523 esset
676 1492 695 1506 “
709 1491 833 1522 diebus
854 1491 889 1522 in
911 1491 1062 1531 Templo
1082 1491 1227 1529 docens,
1250 1489 1414 1522 noc'tibus
1435 1501 1521 1522 vero
1542 1491 1729 1532 egrediens

406 1533 633 1576 pernoctaret
657 1536 692 1566 in
720 1535 855 1572 Monte,
877 1535 934 1576 qui
959 1535 1087 1566 dicitur
1111 1534 1295 1566 Olivarum
1310 1534 1328 1546 ”
1353 1535 1448 1574 (Luc.
1470 1535 1539 1566 xxi.
1562 1543 1622 1574 37;
1653 1545 1729 1575 cap,

406 1579 488 1610 xxii.
508 1587 567 1619 39:
599 1579 680 1620 Jolz.
698 1579 770 1610 viii.
793 1578 844 1618 1):

305 1623 408 1665 Quod
426 1633 532 1663 super
549 1633 592 1654 eo
610 1623 747 1653 locutus
765 1622 810 1653 sit
827 1632 905 1653 cum
924 1622 1106 1662 discipulis
1123 1622 1166 1653 de
1183 1622 1309 1653 ultimo
1322 1621 1454 1662 judicio
1471 1621 1615 1662 (Mattlz.
1635 1623 1728 1654 xxiv.

407 1675 435 1706 3,
454 1676 541 1707 seq.;
567 1667 678 1697 Marc.
696 1666 767 1697 xiii.
786 1675 815 1704 3,
834 1665 920 1706 seq.)
936 1675 942 1702 ;

305 1710 350 1742 Et
366 1711 460 1751 quod
474 1710 557 1741 inde
576 1710 679 1741 iverit
695 1709 987 1750 Hierosolymam
1006 1715 1040 1740 et
1057 1719 1184 1750 passus
1200 1721 1206 1741 :
1229 1715 1368 1749 praeter
1382 1709 1483 1749 plura
1499 1708 1642 1749 (Matth.
1657 1710 1727 1742 xxi.

408 1763 422 1785 1
440 1764 446 1790 ;
471 1762 546 1794 cap.
560 1754 654 1785 xxvi.
670 1762 730 1792 30:
762 1754 874 1784 Marc.
889 1753 933 1784 xi.
952 1762 965 1784 1
984 1763 990 1788 ;
1016 1763 1089 1794 cap.
1105 1754 1173 1784 xiv.
1185 1751 1282 1784 [¹126:
1315 1753 1398 1785 Luc.
1413 1753 1482 1784 xix.
1498 1761 1549 1794 29,
1565 1761 1627 1792 37;
1651 1763 1726 1794 cap.

403 1798 474 1830 xxi.
496 1806 558 1837 37;
584 1797 759 1838 cap-xxii.
778 1805 839 1837 39:
870 1797 952 1838 Jolz.
970 1797 1042 1828 viii.
1064 1797 1115 1837 1):

228 1896 339 1936 haec
373 1895 523 1935 omnia
554 1908 613 1934 ex
647 1907 780 1934 causa
811 1893 913 1947 quia
946 1893 1119 1933 “Mons
1153 1891 1415 1933 Olivarum'’
1442 1891 1727 1945 significabat

229 1959 440 1999 Divinum
467 1957 716 2007 Amorem;
754 1970 805 1997 ac
833 1955 1144 2010 significativa,
1172 1956 1274 2009 quia
1306 1963 1435 1997 erant
1463 1969 1726 2009 repraesen-

228 2023 371 2063 tativa
408 2021 520 2062 caeli
557 2027 603 2061 et
640 2020 874 2068 ecclesiae,
907 2033 1020 2072 quae
1058 2033 1112 2059 eo
1149 2026 1356 2071 tempore
1395 2018 1727 2071 conjunxerunt

229 2086 474 2126 Dominum
501 2097 601 2125 cum
633 2083 762 2124 caelo
793 2090 840 2124 et
871 2082 1052 2123 mundo.
1114 2082 1267 2123 Etiam
1299 2082 1451 2135 angeli
1477 2083 1622 2122 intimi
1648 2095 1727 2122 seu

228 2149 350 2190 tertii
377 2148 490 2189 caeli
516 2147 727 2188 habitant
759 2147 803 2187 in
831 2147 1005 2186 oriente
1031 2159 1164 2198 super
1190 2146 1434 2194 montibus,
1459 2145 1531 2185 ubi
1558 2144 1727 2186 oliveta

227 2226 333 2266 prae
359 2212 522 2252 ceteris
548 2210 779 2251 arboribus
805 2209 980 2250 florent.
1042 2208 1180 2261 Apud
1207 2208 1470 2256 Jeremz'am,

297 2308 452 2339 “Oleam
482 2308 669 2344 virentem,
699 2306 883 2347 pulchram
912 2303 1030 2336 frud'tu
1058 2304 1206 2342 formae,
1231 2304 1373 2335 vocavit
1400 2303 1562 2345 Jehovah
1591 2314 1724 2335 nomen

402 2358 501 2382 tuum
517 2360 524 2388 ς
544 2352 588 2382 ad
603 2361 728 2382 vocem
743 2350 914 2381 turnultus
929 2349 1050 2389 magni
1064 2348 1245 2379 succendit
1259 2349 1378 2388 ignem
1397 2357 1504 2388 super
1517 2358 1569 2386 ea,
1583 2357 1623 2379 ac
1640 2357 1726 2378 con-

402 2395 584 2435 fregerunt
598 2394 814 2435 propagines
829 2393 906 2433 ejus
921 2403 928 2430 ;
954 2402 1036 2424 nam
1050 2392 1212 2434 Jehovah
1227 2391 1395 2429 Zebaoth,
1410 2392 1468 2432 qui
1486 2391 1662 2431 plantavit
1679 2397 1724 2429 te,

401 2439 540 2470 locutus
561 2445 615 2470 est
639 2444 765 2469 contra
788 2443 822 2468 te
843 2437 988 2474 malum,
1013 2442 1159 2476 propter
1179 2435 1351 2466 malitiam
1373 2435 1501 2466 domus
1524 2434 1668 2466 Israelis
1688 2441 1724 2467 et

401 2483 530 2514 domus
547 2482 707 2524 Jehudae
720 2481 738 2493 ''
756 2481 814 2521 (xi.
836 2482 886 2518 16,
910 2480 982 2520 17):

225 2578 296 2620 hic
329 2577 490 2618 domus
513 2575 715 2629 Jehudae
748 2581 794 2617 et
828 2575 1006 2616 Israelis
1037 2581 1227 2615 vocatur
1260 2573 1402 2614 “olea
1433 2574 1595 2621 virens,
1624 2573 1722 2626 pul-

226 2642 334 2682 chra
364 2639 507 2681 fructu
538 2639 747 2689 formae‚''
773 2640 875 2693 quia
907 2653 985 2692 per
1019 2638 1235 2679 “oleam”
1262 2644 1307 2678 et
1340 2637 1432 2690 ejus
1466 2635 1724 2678 “fructum'’

226 2703 503 2757 significatur
534 2704 702 2743 bonum
734 2703 913 2751 amoris,
941 2709 987 2743 et
1021 2715 1099 2755 per
1127 2700 1343 2741 “virens‘’
1375 2707 1421 2741 et
1450 2699 1722 2752 “pulchram

225 2766 396 2807 forma’'
419 2765 696 2819 significatur
718 2779 873 2806 verum
899 2765 1016 2806 illius
1043 2765 1163 2812 boni,
1188 2778 1247 2804 ex
1274 2778 1362 2817 quo
1388 2763 1719 2815 intelligentia:

226 2843 329 2870 nam
371 2843 449 2882 per
491 2829 712 2869 “domurn
751 2828 985 2882 Jehudae’'
1026 2827 1304 2880 significatur
1343 2826 1535 2866 ecclesia
1571 2826 1719 2879 quoad

225 2894 393 2934 bonum
417 2893 592 2942 amoris,
613 2898 658 2933 et
682 2906 760 2946 per
785 2892 1006 2933 “domum
1031 2889 1448 2932 Israelis”ecc1esia
1471 2890 1619 2943 quoad
1641 2904 1719 2932 ve·
