1962 3334
291 291 395 332 1882
650 297 653 300 ⁴
700 299 1033 333 APOCALYPsis
1065 301 1365 334 EXPLICATA.

284 426 364 454 nes
387 412 542 453 fluvius
555 412 574 427 '’
593 412 868 466 significaret
891 413 1273 455 introductionem
1297 415 1434 463 illam,
1460 421 1505 456 et
1527 415 1777 468 “Jericho’'

284 474 654 516 instructionem:
701 483 747 517 et
780 478 883 530 quia
917 477 1166 529 “Jericho”
1198 478 1483 531 significabat
1516 477 1776 520 instructio-

287 552 404 587 nem,
439 540 578 579 etiam
616 539 902 592 significabat
939 540 1107 580 bonum
1144 542 1280 588 vitae,
1314 542 1416 594 quia
1453 555 1587 582 nemo
1618 542 1776 583 instrui

288 608 442 655 potest
476 603 519 642 in
551 603 667 642 veris
700 601 932 643 doctrinae
965 604 1047 644 nisi
1084 605 1156 657 qui
1188 605 1232 644 in
1264 604 1385 644 bono
1416 605 1538 645 vitae
1570 612 1658 646 est:
1697 605 1777 646 sed

288 678 389 704 cum
431 671 551 705 terra
593 664 778 706 Canaan
818 680 1027 718 possessa
1068 667 1147 707 fuit
1190 681 1215 707 a
1255 667 1468 719 gentibus
1507 667 1774 716 idololatris,

285 727 557 780 significatio
584 727 789 768 locorum
817 735 863 769 et
896 729 1069 769 urbium
1097 730 1140 769 in
1173 729 1250 770 illa
1282 736 1402 770 terra
1428 736 1606 770 mutata
1631 737 1701 771 est
1733 731 1777 771 in

288 791 579 838 contrarium,
614 797 660 831 et
694 791 798 832 inde
830 797 937 832 tunc
969 792 1218 845 “Jericho”
1250 791 1536 845 significabat
1569 793 1776 846 profana-

289 853 461 893 tionem
494 854 586 894 veri
625 860 670 894 et
708 854 843 894 boni:
887 868 946 894 ex
984 854 1053 894 his
1086 856 1286 907 sequitur
1317 855 1437 907 quod
1474 855 1571 908 ipsa
1604 855 1778 896 “urbs”

287 915 609 968 significaverit
637 914 889 956 doc‘trinam
922 916 1020 957 falsi
1053 923 1099 957 et
1132 917 1252 966 mali,
1281 931 1395 970 quae
1421 918 1640 970 pervertit
1671 931 1779 959 vera

286 984 332 1018 et
369 978 489 1019 bona
521 978 740 1020 ecclesiae
778 986 824 1019 et
863 980 1117 1033 profanavit
1155 979 1245 1028 illa,
1279 980 1399 1033 quod
1434 980 1653 1021 “murus’'
1685 980 1778 1033 ejus

284 1040 396 1081 salsa
423 1041 529 1082 mali
556 1043 757 1082 tutantia
785 1042 924 1090 illam,
953 1049 999 1083 et
1026 1042 1146 1096 quod
1173 1042 1527 1083 “habitatores'’
1554 1042 1779 1096 significa-

284 1105 432 1145 verint
471 1105 712 1157 profanos;
757 1111 802 1145 et
840 1106 943 1158 quia
980 1119 1114 1145 omne
1149 1105 1383 1158 profanum
1420 1112 1490 1146 est
1529 1119 1587 1146 ex
1625 1119 1779 1146 amore

285 1167 488 1207 infernali
516 1174 620 1220 post
647 1169 930 1220 agnitionem
958 1169 1049 1208 veri
1077 1175 1122 1208 et
1150 1169 1269 1216 boni,
1299 1168 1401 1208 ideo
1434 1169 1536 1208 urbs
1568 1168 1646 1208 illa
1671 1169 1776 1221 igne

286 1230 525 1270 combusta
565 1236 650 1277 est,
694 1231 981 1271 habitatores
1024 1230 1116 1283 ejus
1159 1231 1393 1271 devotioni
1435 1231 1530 1271 dati
1570 1238 1690 1280 sunt,
1732 1239 1779 1273 et

287 1306 437 1332 murus
484 1292 576 1345 ejus
623 1294 849 1343 concidit;
905 1294 1062 1346 “ignis
1080 1293 1098 1308 ’¹
1144 1295 1262 1334 enim
1309 1294 1533 1346 significat
1579 1308 1780 1336 amorem

287 1355 566 1404 infernalem,
595 1356 853 1397 “devotio’'
880 1356 1157 1397 deletionem
1185 1357 1393 1404 totalem,
1423 1363 1468 1397 et
1496 1358 1780 1398 “conciden-

287 1419 351 1459 tia
386 1419 529 1459 muri''
556 1420 852 1460 nudationem
885 1433 965 1473 pro
998 1421 1119 1460 omni
1152 1419 1272 1460 malo
1304 1427 1349 1460 et
1382 1420 1519 1460 falso:
1559 1434 1637 1474 per
1671 1424 1779 1461 “sa-

287 1482 497 1522 cerdotes
539 1482 808 1534 clangentes
849 1482 1079 1522 buccinis'’
1120 1482 1460 1535 significabatur
1500 1484 1778 1536 praedicatio

289 1544 440 1585 Divini
464 1544 573 1585 Veri
596 1559 621 1585 a
645 1546 810 1585 Divino
834 1545 989 1595 Bono;
1023 1559 1101 1598 per
1125 1545 1534 1586 “vociferationem
1557 1553 1603 1586 et
1630 1546 1779 1587 accla-

288 1609 537 1648 mationem
561 1608 745 1661 populi'’
769 1607 1108 1660 significabatur
1130 1621 1376 1648 consensus
1399 1615 1445 1649 et
1469 1608 1778 1660 confirmatio;

288 1684 368 1724 per
396 1672 794 1711 “circumitionem
823 1671 941 1711 urbis
957 1670 976 1685 ''
1003 1670 1342 1723 significabatur
1368 1671 1578 1712 lustratio
1609 1672 1707 1712 falsi
1733 1679 1779 1713 et

291 1733 397 1774 mali
429 1740 475 1775 et
508 1734 600 1786 ejus
633 1735 870 1787 dissipatio
902 1730 980 1787 per
1006 1733 1223 1773 influxum
1253 1734 1402 1774 Divini
1430 1734 1538 1775 Veri
1569 1748 1596 1775 a
1622 1735 1780 1775 Domi-

289 1811 361 1846 no,
381 1798 454 1851 qui
478 1798 671 1837 influxus
690 1796 1029 1850 significabatur
1052 1811 1130 1849 per
1150 1797 1576 1838 “circumlationem
1598 1811 1730 1838 arcae
1747 1797 1782 1838 :”

289 1861 409 1914 quod
445 1861 746 1901 “sacerdotes
779 1873 965 1900 numero
998 1866 1175 1912 septem
1208 1860 1401 1908 essent,'’
1427 1867 1473 1901 et
1506 1860 1627 1914 quod
1656 1861 1780 1902 “cir-

289 1924 533 1964 cumiretur
570 1923 674 1963 urbs
711 1929 889 1976 septem
926 1922 1096 1970 diebus,
1136 1936 1187 1963 ac
1229 1924 1398 1976 septies
1436 1924 1631 1976 septimo
1669 1923 1783 1973 die,”

290 1986 577 2039 significabat
619 1984 825 2026 sanctum
867 1992 913 2026 et
959 1984 1164 2026 sanctam
1205 1986 1590 2039 praedicationem
1632 1986 1783 2027 Divini

292 2050 415 2098 Veri,
451 2063 555 2090 nam
591 2048 839 2102 “septem”
872 2048 1129 2101 significant
1163 2047 1368 2089 sanctum
1406 2055 1452 2089 et
1489 2050 1533 2089 in
1569 2049 1782 2102 opposito

291 2126 425 2153 sensu
448 2113 710 2165 profanum;
744 2125 880 2165 quare
907 2113 1010 2165 quia
1033 2110 1238 2152 sanctum
1261 2112 1318 2151 ab
1345 2125 1430 2152 una
1457 2118 1586 2165 parte
1612 2117 1709 2152 erat
1735 2118 1782 2152 et

291 2175 524 2228 profanum
547 2176 604 2215 ab
626 2175 784 2223 altera,
808 2179 1023 2227 “septem
1046 2181 1174 2215 erant
1198 2175 1460 2215 sacerdotes
1473 2174 1492 2189 ''
1515 2187 1616 2214 cum
1642 2177 1782 2228 “sep-

291 2246 385 2278 tem
432 2237 672 2286 buccinis,'’
718 2244 764 2278 et
813 2238 1020 2290 “septies
1061 2237 1379 2277 circumibatur
1424 2236 1566 2277 urbs.”
1647 2235 1782 2289 Quod

294 2305 501 2349 “aurum‚
536 2307 791 2353 argentum,
825 2314 933 2340 vasa
965 2301 1080 2340 aeris
1112 2306 1157 2340 et
1189 2300 1303 2348 ferri,
1337 2300 1447 2340 data
1479 2300 1569 2340 sint
1601 2300 1644 2339 in
1677 2299 1781 2340 the-

292 2377 471 2404 saurum
498 2364 659 2404 domus
684 2363 926 2417 Jehovae,''
953 2369 1049 2404 erat
1082 2363 1185 2416 quia
1210 2361 1528 2415 significabant
1555 2362 1781 2415 cognitio-

292 2440 371 2467 nes
394 2427 485 2467 veri
513 2434 558 2467 et
582 2427 687 2467 boni
711 2425 953 2480 spiritualis
980 2432 1025 2466 et
1050 2425 1293 2475 naturalis;
1329 2428 1522 2464 “aurum
1549 2431 1595 2465 et
1618 2438 1781 2478 argen-

292 2496 388 2530 tum
401 2489 420 2504 ’'
452 2490 739 2542 cognitiones
772 2490 864 2530 veri
896 2495 942 2529 et
975 2489 1080 2528 boni
1112 2487 1371 2541 spiritualis,
1405 2500 1456 2527 ac
1492 2491 1637 2528 “vasa
1668 2489 1783 2528 aeris

292 2562 338 2592 et
376 2552 506 2592 ferri''
549 2554 836 2607 cognitiones
874 2552 966 2592 veri
1006 2558 1052 2591 et
1094 2551 1199 2591 boni
1237 2549 1468 2598 naturalis,
1508 2564 1622 2603 quae
1664 2550 1783 2603 apud

292 2615 395 2655 illos
432 2615 505 2668 qui
537 2615 777 2668 profanant
810 2621 1048 2655 vertuntur
1078 2615 1122 2654 in
1158 2614 1254 2654 dira
1290 2613 1401 2653 falsa
1433 2620 1478 2653 et
1511 2612 1661 2664 mala;
1704 2613 1784 2654 sed

292 2679 395 2731 quia
427 2692 565 2731 usque
598 2685 703 2718 sunt
730 2678 1032 2731 cognitiones,
1063 2677 1248 2717 tametsi
1274 2676 1530 2729 applicatae
1559 2676 1616 2715 ad
1649 2675 1783 2724 mala,

293 2742 541 2782 inserviunt
579 2741 675 2780 usui
713 2741 830 2793 apud
869 2741 1011 2780 bonos
1048 2754 1127 2793 per
1158 2739 1510 2792 applicationem
1542 2738 1600 2778 ad
1637 2737 1782 2788 bona;

292 2805 395 2846 ideo
419 2804 495 2845 illa
524 2804 672 2844 “data
698 2810 802 2844 sunt
834 2804 878 2843 in
906 2803 1167 2844 thesaurum
1196 2803 1356 2842 domus
1380 2799 1620 2854 Jehovae.'’
1681 2799 1782 2840 Hoc

299 2869 437 2908 etiam
461 2873 531 2908 est
555 2866 674 2920 quod
698 2866 969 2919 intelligitur
992 2879 1070 2918 per
1097 2866 1278 2905 “minas
1294 2863 1312 2878 ’'
1335 2877 1448 2917 quae
1472 2861 1786 2903 [¹³auferrentur

294 2931 423 2971 malis
456 2936 501 2971 et
534 2930 751 2971 darentur
776 2930 919 2979 bonis,
952 2936 1048 2970 tum
1081 2943 1159 2983 per
1188 2927 1441 2981 “injustum
1474 2938 1733 2967 mammona
1749 2924 1786 2977 ;‘'
