1962 3334
297 304 403 348 1724
705 305 1039 340 APOCALYPSIS
1070 307 1370 340 EXPLICATA.

468 427 543 449 ram
565 418 878 458 philisthaeorum,
902 425 937 452 et
956 430 1068 462 usque
1088 421 1133 452 ad
1153 427 1264 452 terras
1282 420 1438 462 Aegypti
1451 420 1469 432 ”
1485 420 1532 462 (ν.
1555 429 1570 452 1
1594 415 1654 463 [B.
1674 422 1719 454 A.
1740 422 1784 454 iv.

469 459 562 503 21]):

250 585 263 592 ·
289 573 482 614 ecclesia
500 573 632 621 enim,
653 588 766 627 quae
789 574 833 614 in
856 589 903 615 se
926 582 996 616 est
1019 575 1274 629 spiritualis,
1296 577 1563 617 terminatur
1584 577 1627 617 in
1651 583 1784 632 natu÷

237 627 242 631 ⁴
288 636 369 676 rali
401 636 596 685 homine,
632 651 794 690 nempe
831 638 875 678 in
912 638 1004 691 ejus
1040 639 1249 679 rationali
1282 646 1327 680 et
1361 638 1636 690 scientifico;
1681 653 1785 680 nam

288 698 508 739 rationale
547 706 616 739 est
650 700 694 739 in
731 700 924 741 naturali
962 700 1144 742 homine
1181 702 1394 750 interiori,
1433 709 1502 742 est
1539 702 1657 742 enim
1694 701 1785 754 ejus

290 759 583 812 intelletftus;
631 762 835 803 similiter
868 764 913 803 in
945 778 999 804 eo
1037 771 1106 805 est
1137 764 1458 815 scientificum;
1502 778 1554 805 ac
1587 765 1787 805 nascitur

287 824 509 865 rationale
547 838 626 877 per
663 825 923 874 scientifica,
965 840 1069 866 nam
1107 827 1230 868 videt
1268 828 1312 867 in
1349 827 1417 868 his
1455 841 1534 867 sua
1570 826 1785 868 conclusa

287 888 402 928 sicut
434 888 478 927 in
516 887 716 941 speculo,
750 895 796 928 et
829 888 1067 930 confirmat
1100 903 1146 930 se
1185 904 1262 943 per
1298 889 1388 939 illa,
1422 890 1501 931 sed
1538 897 1692 931 tamen
1724 905 1783 931 ex

286 950 531 1002 spirituali;
565 951 734 1004 absque
761 951 845 992 hoc
870 965 959 992 non
983 959 1051 992 est
1078 953 1247 993 homini
1270 953 1507 1002 rationale,
1532 967 1614 994 nec
1642 954 1785 994 scien-

286 1012 456 1054 tificum
489 1027 658 1062 verum,
693 1014 772 1054 sed
810 1028 891 1067 pro
928 1016 1137 1055 rationali
1174 1023 1244 1056 est
1285 1017 1666 1066 ratiocinatiQet
1704 1030 1784 1069 pro

288 1075 537 1117 scientifico
569 1091 675 1117 vero
712 1084 782 1118 est
820 1077 1115 1118 scientificum
1147 1078 1335 1129 falsum;
1378 1079 1455 1120 illa
1491 1079 1596 1120 bina
1631 1080 1783 1133 itaque

285 1139 453 1180 faciunt
494 1140 712 1180 terminos
754 1141 994 1193 spiritualis
1033 1141 1267 1190 ecclesiae,
1307 1156 1422 1195 quae
1461 1156 1540 1195 per
1579 1146 1783 1183 “terram

287 1201 578 1243 Canaanem”
604 1202 893 1255 significatur.
954 1203 1094 1256 Apud
1120 1203 1402 1253 Ezechielem,

351 1301 448 1332 “Fili
474 1302 642 1339 hominis,
663 1302 718 1333 dic
742 1303 786 1334 ad
813 1302 1037 1334 Pharaonem
1063 1313 1181 1343 regem
1203 1304 1370 1344 Aegypti,
1391 1310 1426 1336 et
1448 1305 1493 1336 ad
1518 1305 1781 1337 multitudinem

463 1345 551 1386 ejus,
574 1345 640 1376 Cui
661 1346 787 1377 similis
808 1345 922 1377 factus
947 1356 985 1378 es
1011 1347 1045 1378 in
1067 1348 1312 1387 magnitudine
1333 1350 1414 1381 tua?
1460 1349 1549 1380 Ecce
1569 1350 1709 1381 Aschur
1727 1360 1783 1381 ce-

459 1390 544 1420 drus
566 1389 602 1419 in
626 1389 772 1427 Libano,
791 1390 936 1430 pulchra
955 1400 1054 1421 ramo
1075 1397 1110 1422 et
1129 1391 1220 1422 silva
1237 1393 1416 1429 umbrosa,
1437 1399 1472 1423 et
1491 1393 1563 1423 alta
1582 1393 1780 1431 altitudine,

459 1439 495 1463 et
516 1433 607 1463 inter
631 1433 786 1473 implexa
810 1433 875 1464 fuit
895 1434 1054 1465 surculus
1075 1434 1152 1474 ejus
1169 1444 1175 1472 ;
1204 1445 1316 1475 aquae
1337 1445 1493 1467 crescere
1513 1436 1672 1468 fecerunt
1691 1447 1781 1474 eam,

460 1477 611 1517 abyssus
629 1477 736 1507 altam
758 1477 840 1508 fecit
859 1487 948 1515 eam,
967 1478 1015 1508 ita
1035 1485 1072 1509 ut
1092 1488 1169 1509 cum
1193 1478 1309 1510 fluviis
1329 1480 1402 1510 suis
1423 1480 1515 1510 irent
1534 1480 1663 1511 circum
1682 1481 1784 1520 plan<

460 1526 544 1556 tam,
569 1526 605 1550 et
628 1519 870 1560 aquaeduotus
895 1521 1054 1552 emiserit
1078 1522 1122 1552 ad
1147 1532 1273 1553 omnes
1297 1523 1442 1554 arbores
1466 1523 1564 1563 agri;
1592 1524 1686 1555 unde
1710 1524 1782 1565 alta

459 1562 555 1594 facta
571 1570 625 1595 est
642 1564 792 1594 altitudo
806 1564 910 1603 ejus„
926 1589 933 1596 .
948 1589 954 1596 .
970 1571 1019 1596 .et
1037 1565 1135 1605 longi
1153 1564 1236 1597 faeti
1254 1566 1342 1597 rami
1360 1566 1436 1606 ejus
1454 1577 1516 1606 per
1528 1577 1637 1607 aquas
1652 1568 1780 1598 multas

459 1617 547 1648 quas
571 1608 713 1639 emisit:
742 1607 778 1638 in
803 1608 912 1639 ramis
936 1608 1014 1648 ejus
1035 1609 1258 1640 nidificarunt
1282 1619 1408 1641 omnes
1432 1620 1518 1641 aves
1537 1611 1725 1648 caelorum,
1746 1618 1784 1645 et.

459 1652 524 1681 sub
543 1651 650 1682 ramis
671 1650 747 1690 ejus
765 1658 979 1691 pepererunt
996 1653 1111 1684 omnis
1129 1653 1243 1684 bestia
1262 1654 1348 1693 agri,
1365 1663 1406 1684 ac
1426 1654 1460 1684 in
1479 1655 1606 1685 umbra
1625 1654 1701 1694 ejus
1721 1655 1781 1685 ha-

459 1695 615 1725 bitarunt
644 1705 770 1725 omnes
799 1702 926 1734 gentes
955 1706 1126 1736 magnae:
1161 1697 1307 1736 pulchra
1334 1697 1400 1728 fuit
1428 1697 1673 1739 magnitudine
1702 1708 1776 1735 sua,

456 1738 681 1778 longitudine
695 1748 875 1769 ramorum
892 1749 1051 1774 suorum.
1068 1750 1150 1770 nam
1165 1740 1230 1771 {uit
1244 1741 1344 1771 radix
1361 1740 1438 1781 ejus
1455 1742 1549 1781 apud
1563 1751 1673 1782 aquas
1692 1743 1782 1773 mul-

460 1788 524 1813 tas.
573 1781 679 1812 Cedri
701 1792 772 1812 non
794 1783 1017 1814 occultarunt
1037 1794 1115 1814 eam
1140 1784 1175 1814 in
1202 1784 1306 1815 horto
1328 1784 1404 1822 Dei,
1425 1785 1560 1816 abietes
1580 1795 1652 1816 non
1674 1795 1777 1825 pares

459 1825 602 1856 fuerunt
623 1826 731 1856 ramis
752 1825 857 1866 ejus„
873 1851 879 1857 .
894 1851 901 1857 .
917 1827 1049 1858 .omnis
1069 1827 1175 1858 arbor
1195 1828 1230 1859 in
1251 1828 1355 1858 horto
1377 1828 1443 1859 Dei
1464 1838 1536 1859 non
1562 1838 1625 1868 par
1643 1828 1709 1860 fuit
1729 1829 1780 1860 illi

462 1869 497 1899 in
523 1869 785 1909 pulchritudine
805 1870 905 1909 ejus;
935 1870 1116 1910 pulchram
1142 1871 1301 1902 fecerunt
1326 1881 1404 1902 eam
1430 1881 1493 1911 per
1517 1872 1778 1913 multitudinem

457 1922 637 1943 ramorum
656 1912 744 1952 ejus,
763 1919 797 1944 et
814 1914 1014 1945 aemulatae
1032 1921 1114 1945 sunt
1131 1914 1180 1945 illi
1199 1924 1326 1946 omnes
1343 1916 1488 1946 arbores
1507 1915 1617 1953 Eden,
1635 1926 1724 1956 quae
1743 1916 1778 1947 in

456 1956 561 1987 horto
581 1956 647 1987 Dei
660 1955 678 1967 '¹
695 1956 806 1995 (xxxi.
828 1954 962 1997 [¹]2—9):

281 2063 492 2117 quoniam
537 2076 615 2115 per
658 2063 982 2104 “Pharaonem
1027 2078 1183 2118 regem
1226 2065 1464 2118 Aegypti”
1504 2065 1779 2119 significatur

281 2124 589 2167 intellectuale
619 2126 835 2167 naturalis
867 2127 1073 2176 hominis,
1104 2128 1223 2181 quod
1256 2129 1455 2169 nascitur
1486 2135 1531 2170 et
1563 2129 1779 2171 formatur

281 2203 340 2229 ex
367 2190 482 2229 veris
505 2189 762 2230 scientificis
789 2190 1072 2231 rationaliter
1095 2192 1213 2239 visis,
1237 2192 1339 2232 inde
1367 2199 1435 2232 est
1462 2193 1580 2246 quod
1606 2193 1681 2233 ille
1707 2193 1777 2234 hic

281 2252 455 2292 dicatur
483 2251 740 2301 “Aschur,”
767 2266 847 2305 per
877 2266 1011 2306 quem
1047 2253 1327 2306 significatur
1358 2255 1591 2304 rationale,
1620 2262 1666 2297 et
1698 2256 1776 2297 de-

282 2315 488 2355 scribitur
511 2329 588 2368 per
609 2319 634 2335 “
648 2316 862 2356 cedrum’‘
879 2330 930 2357 ac
950 2316 1042 2369 ejus
1061 2316 1361 2366 altitudinem,
1379 2325 1425 2358 et
1444 2332 1668 2359 ramorum
1685 2319 1777 2372 ejus

282 2378 613 2430 longitudinem
650 2385 695 2419 et
736 2379 1088 2428 multitudinem,
1127 2387 1173 2421 et
1211 2381 1296 2421 hoc
1334 2382 1436 2434 quia
1470 2382 1697 2422 “cedrus”
1733 2383 1777 2423 in

281 2439 439 2481 Verbo
470 2440 609 2479 etiam
641 2439 869 2493 Significat
895 2441 1137 2481 rationale.
1197 2453 1275 2490 (Sed
1288 2453 1503 2490 pleraquehic
1518 2454 1614 2482 allata
1627 2463 1776 2491 supra.n.

279 2499 437 2552 650[a']‚
453 2510 610 2547 explicata
625 2511 723 2548 sunt.)
784 2499 903 2552 Quia
925 2500 1020 2540 tale
1046 2507 1118 2541 est
1143 2501 1368 2542 rationale
1390 2503 1541 2555 quoad
1563 2503 1775 2544 intellec-

281 2560 433 2609 tualia,
468 2566 514 2601 et
551 2560 648 2601 tale·
681 2560 787 2601 inde
828 2561 1032 2602 naturale
1064 2563 1212 2616 quoad
1246 2577 1351 2603 vera
1382 2563 1640 2612 scientifica,
1674 2565 1776 2605 ideo

281 2623 441 2663 dicitur
467 2623 586 2676 quod
612 2624 771 2664 “cedri
798 2637 887 2664 non
915 2624 1243 2666 occultaverint
1269 2625 1393 2665 illam
1420 2626 1463 2665 in
1490 2626 1623 2667 horto
1650 2627 1776 2675 Dei,”

281 2692 327 2727 et
359 2686 479 2739 quod
515 2686 728 2726 “abietes
762 2700 850 2727 non
889 2701 1018 2740 pares
1056 2687 1216 2729 fuerint
1248 2689 1381 2728 ramis
1413 2688 1545 2741 ejus‚’'
1577 2696 1622 2730 et
1655 2690 1774 2743 quod

283 2749 469 2789 “omnis
495 2748 627 2788 arbor
653 2750 695 2788 in
722 2750 856 2790 horto
884 2750 966 2790 Dei
993 2763 1082 2790 non
1110 2764 1188 2803 par
1213 2751 1340 2791 fuerit
1368 2751 1430 2791 illi
1456 2752 1499 2791 in
1525 2751 1773 2805 pulchritu-

281 2811 435 2862 dine;'’
480 2825 558 2864 per
598 2812 816 2852 “hortum
860 2813 974 2853 Dei’'
1011 2813 1286 2866 significatur
1322 2814 1624 2867 intelligentia
1660 2829 1772 2868 quae

281 2881 350 2914 est
377 2874 545 2914 homini
572 2874 789 2915 ecclesiae
822 2876 894 2928 qui
926 2876 968 2915 in
1001 2877 1205 2928 genuinis
1231 2877 1371 2926 veris;
1415 2890 1493 2929 per
1521 2878 1740 2918 “cedrum
1753 2878 1772 2893 ”

282 2936 559 2989 significatur
590 2938 811 2978 rationale
844 2938 935 2990 ejus
973 2939 1091 2991 quod
1130 2953 1187 2980 ex
1221 2940 1391 2992 origine
1423 2940 1641 2990 spirituali
1672 2948 1769 2987 est:

1884 1715 1892 1726 0-

1942 2106 1946 2115 „
1946 2003 1948 2006 ,
1930 1732 1932 1734 “
1934 1670 1937 1673 “
1934 1623 1946 1643 ,ιι

1948 2118 1950 2121 “
1948 1781 1962 2061 namt-mmmm.
1952 1743 1962 1765 a.
1951 1699 1962 1716 -2
1956 1660 1962 1684 ...
1957 1630 1962 1649 ..
1960 1588 1962 1590 ,

1912 3116 1959 3206 ,3³

1897 3158 1962 3334 i

1917 3040 1962 3131 ,ξ
