1962 3334
260 272 368 313 1680
670 279 1004 313 APOCALYPSIS
1035 279 1335 312 EXPLICATA.

253 395 372 435 viam
392 394 450 435 ad
477 394 667 444 caelum,
692 408 807 448 quae
831 400 937 435 sunt
960 408 1067 435 vera
1089 393 1191 435 fidei
1214 399 1260 434 et
1282 393 1403 434 bona
1426 393 1605 442 amoris,
1630 392 1750 446 quod

254 458 433 498 dicatur
459 458 514 498 de
539 457 747 510 Jehovah
775 458 895 511 quod
926 461 951 477 ‘⁴
968 463 1207 510 praeparet
1235 463 1382 497 terrae
1409 455 1619 509 pluviam,
1648 469 1750 508 ger-

255 521 425 561 minare
457 521 593 562 faciat
626 527 808 561 montes
840 534 1044 573 gramen,
1073 521 1151 560 det
1184 520 1342 560 bestiis
1374 520 1538 568 cibum,
1572 525 1618 560 et
1651 518 1751 559 filiis

255 584 376 624 corvi
419 584 491 637 qui
537 584 753 624 invocant
796 583 949 636 Ipsum
965 583 1006 623 ”?
1069 582 1195 623 Haec
1239 589 1394 623 tamen
1437 596 1575 635 usque
1612 582 1751 635 digna

255 646 420 687 Divino
444 646 600 687 Verbo
632 652 751 694 sunt,
778 646 959 699 quando
991 660 1070 699 per
1095 645 1330 698 “pluviam
1343 644 1362 659 '’
1384 644 1749 697 intelligitur.in-

253 709 399 749 fluxus
425 709 574 749 Divini
597 708 721 758 Veri,
742 723 821 762 per
841 712 1061 749 “montes
1075 708 1093 723 ’'
1111 708 1280 748 bonum
1304 708 1483 755 amoris,
1510 721 1588 760 per
1609 711 1750 761 “ger-

254 772 424 812 minare
461 771 617 826 facere·
645 785 835 824 gramen
852 771 871 786 '’
903 769 1143 812 instructio
1182 770 1402 811 naturalis
1439 770 1634 810 hominis
1672 784 1752 824 per

253 835 542 887 cognitiones
579 849 603 875 e
636 834 806 882 Verbo,
842 848 921 888 per
955 833 1197 874 “bestias''
1230 831 1493 874 affectiones
1531 833 1750 874 naturalis

252 897 461 946 hominis,
486 911 601 951 quae
625 897 886 938 desiderant
910 896 1014 937 inde
1038 896 1196 936 nutriri
1215 910 1235 950 ;ι
1258 896 1447 936 nutritio
1470 894 1751 949 significatur

252 972 332 1011 per
359 958 506 999 “dare
533 959 680 999 cibum
699 958 732 998 :'’
764 965 810 999 et
838 971 940 999 cum
968 972 1046 1011 per
1075 957 1228 998 “filios
1256 957 1410 998 corvi''
1437 956 1751 1010 significentur

254 1021 483 1062 naturales
509 1021 732 1069 homines,
761 1021 835 1074 qui
868 1021 911 1061 in
945 1021 1236 1061 tenebricoso
1263 1020 1431 1060 lumine
1464 1034 1523 1060 ex
1555 1020 1747 1062 fallaciis

253 1090 358 1125 sunt
385 1084 440 1124 de
467 1084 584 1124 veris
617 1084 809 1132 Divinis,
838 1085 881 1124 in
910 1083 1030 1137 quali
1062 1084 1240 1124 fuerunt
1269 1083 1400 1124 multi
1432 1098 1491 1124 ex
1518 1084 1746 1136 gentibus,

253 1161 388 1202 quare
415 1148 579 1188 dicitur
600 1147 720 1201 quod
747 1147 864 1188 “det
892 1147 991 1187 filiis
1014 1148 1137 1188 corvi
1160 1147 1233 1200 qui
1260 1146 1519 1194 invocant‚’'
1542 1146 1605 1187 illi
1628 1147 1748 1188 enim

253 1212 465 1251 invocare
495 1210 720 1263 Jehovam
753 1217 960 1264 possunt,
995 1223 1085 1250 non
1118 1217 1271 1250 autem
1304 1209 1380 1250 filii
1412 1210 1549 1250 corvi.
1611 1209 1750 1264 Apud

254 1275 462 1322 eundern,
1678 1280 1680 1282 ’

322 1362 441 1395 “Mihi
467 1364 586 1394 omnis
607 1363 683 1394 fera
707 1363 829 1400 silvae,
850 1363 989 1394 bestiae
1015 1362 1051 1393 in
1078 1362 1262 1393 montibus
1288 1362 1464 1398 millium:
1491 1362 1578 1393 novi
1602 1372 1748 1394 omnem

428 1417 533 1438 avem
554 1407 742 1445 montium,
761 1413 796 1438 et
816 1406 893 1438 fera
913 1416 1083 1446 agrorum
1105 1415 1268 1437 meorum
1292 1406 1435 1437 Mecum
1450 1405 1467 1417 '’
1485 1405 1559 1445 (Ps.
1574 1405 1596 1437 1.
1613 1415 1662 1444 10,
1678 1409 1748 1446 11):

253 1492 366 1533 haec
394 1493 574 1546 quidem
602 1492 658 1533 de
692 1492 920 1533 sacrificiis
952 1490 1072 1533 dicta
1105 1499 1225 1540 sunt,
1253 1492 1374 1546 quod
1408 1492 1630 1532 Dominus
1658 1506 1749 1533 non

253 1555 340 1596 illis
367 1554 634 1604 delectetur,
663 1555 744 1596 sed
771 1556 1056 1596 confessione
1084 1556 1231 1596 cordis
1263 1562 1310 1596 et
1342 1556 1663 1606 invocatione3
1702 1562 1750 1597 at

254 1633 393 1672 usque
435 1633 512 1672 per
540 1619 716 1659 “feram
749 1618 931 1668 silvae,’'
959 1619 1168 1659 “bestias
1200 1619 1244 1659 in
1278 1618 1550 1667 montibuS,”
1582 1633 1750 1672 perque

257 1685 430 1722 “avem
457 1683 682 1722 montium
695 1682 714 1696 '’
737 1689 783 1723 et
809 1682 987 1723 “feram
1015 1682 1267 1735 agrorum,''
1290 1682 1602 1735 significantur
1627 1683 1750 1723 simi-

255 1744 314 1785 lia
339 1759 454 1799 quae
478 1759 623 1798 supra,
645 1759 808 1799 nempe
835 1759 950 1799 quae
977 1745 1096 1798 apud
1123 1745 1355 1785 hominem
1382 1745 1604 1786 ecclesiae
1630 1751 1749 1787 sunt.

255 1807 394 1862 Apud
420 1809 627 1857 eundern,

321 1898 495 1940 “Justitia
512 1904 573 1929 tua
590 1898 682 1929 sicut
700 1904 843 1929 montes
864 1898 939 1936 Dei,
954 1898 1087 1939 judicia
1103 1904 1164 1929 tua
1181 1899 1337 1939 abyssus
1352 1908 1495 1938 magna,
1509 1898 1694 1930 hominem
1712 1903 1750 1930 et

429 1942 581 1973 bestiam
600 1952 734 1980 servas,
751 1942 915 1984 Jehovah
928 1941 944 1953 ''
961 1942 1032 1983 (Ps.
1051 1942 1168 1973 xxxvi.
1189 1950 1206 1980 7
1223 1940 1282 1983 [B.
1297 1943 1341 1973 A.
1359 1940 1431 1983 6]):

256 2042 335 2082 per
363 2028 665 2069 “hominem'’
691 2035 738 2070 et
768 2029 1034 2070 “bestiam''
1057 2028 1336 2082 significatur
1362 2028 1539 2070 affectio
1565 2030 1752 2070 interior

255 2106 370 2146 quae
403 2091 646 2145 spiritualis
681 2106 741 2132 ex
779 2106 867 2145 qua
899 2092 1221 2145 intelligentia,
1256 2098 1303 2133 et
1341 2091 1519 2133 affefflo
1551 2093 1752 2133 exterior

256 2169 371 2208 quae
394 2155 610 2196 naturalis
629 2169 687 2196 ex
706 2169 793 2209 qua
812 2156 1004 2196 scientia
1024 2155 1357 2208 intelligentiae
1376 2156 1750 2208 correspondens.

257 2218 428 2259 Similia
454 2233 532 2272 per
560 2218 862 2259 “hominem”
889 2225 935 2259 et
964 2219 1200 2259 “bestiam
1213 2218 1232 2233 ‘’
1259 2218 1571 2272 significantur
1602 2219 1646 2259 in
1678 2233 1751 2260 se-

257 2282 498 2336 quentibus
525 2281 636 2322 locis
653 2280 864 2335 z—‘Apud
882 2282 1148 2331 Jeremiam,
1185 2321 1191 2327 ,
1530 2286 1533 2289 ’

325 2375 423 2406 Dixit
439 2374 534 2405 Deus
551 2374 707 2412 Israelis,
723 2375 741 2388 “
755 2374 831 2414 Ego
850 2373 918 2405 feci
936 2380 1078 2412 terram,
1096 2373 1282 2404 hominem
1300 2378 1335 2404 et
1351 2373 1515 2410 bestiam,
1534 2383 1625 2414 quae
1643 2382 1753 2413 super

432 2418 592 2449 faciebus
626 2424 754 2455 terrae,
788 2427 851 2458 per
882 2418 1050 2449 virtutem
1084 2427 1200 2448 meam
1231 2426 1399 2457 magnam
1411 2416 1429 2428 ’'
1453 2417 1574 2456 (xxvii.
1602 2424 1617 2455 5
1634 2426 1641 2454 ;
1675 2426 1751 2456 cap.

433 2459 585 2492 [dxxxvi.
604 2462 680 2502 29);

259 2539 377 2593 apud
404 2538 612 2587 eundem,

325 2611 443 2643 “Ecce
461 2612 537 2643 dies
555 2612 729 2649 venient,.
745 2636 751 2643 .
766 2612 911 2652 ,quibus
930 2611 1119 2642 seminabo
1137 2611 1284 2642 domum
1302 2610 1464 2652 Jehudae
1479 2611 1617 2642 semine
1635 2610 1751 2642 homi-

434 2655 490 2686 nis
507 2661 542 2686 et
559 2655 697 2686 semine
715 2655 880 2687 bestiae'’
894 2655 1000 2695 (xxxi.
1020 2656 1094 2694 27);

261 2731 380 2785 apud
406 2731 615 2779 eundem,

326 2804 481 2836 “Adhuc
495 2804 659 2835 audietur
672 2804 708 2834 in
723 2804 804 2835 loco
817 2804 895 2842 hoc,
906 2804 950 2835 de
964 2814 1034 2845 quo
1047 2804 1175 2842 dicitis,
1194 2804 1414 2835 Devastatus
1427 2804 1487 2835 ille
1499 2810 1537 2835 ut
1551 2814 1623 2835 non
1638 2804 1749 2835 homo

435 2854 470 2879 et
495 2857 567 2878 non
588 2848 713 2885 bestia,
734 2854 769 2878 et
793 2848 829 2879 in
850 2848 998 2879 urbibus
1018 2848 1189 2888 Jehudae,
1207 2854 1242 2879 et
1263 2848 1298 2878 in
1319 2848 1446 2887 plateis
1470 2847 1749 2888 Hierosolymae

435 2891 642 2928 devastans,
660 2898 698 2922 ut
716 2901 789 2922 non
807 2892 917 2922 homo
934 2898 970 2922 et
988 2892 1266 2928 non-habitator,
1285 2897 1320 2922 et
1338 2901 1411 2922 non
1430 2891 1556 2929 bestia,
1575 2901 1645 2922 vox
1663 2901 1748 2931 gau·

433 2935 482 2967 dii
501 2941 535 2966 et
552 2944 622 2966 vox
638 2935 824 2966 laetitiae''
842 2935 974 2975 (xxxiii.
996 2936 1135 2975 10-12);
