1962 3334
257 246 364 298 1664
670 256 1002 289 APOCALYPSIS
1034 257 1331 289 EXPLICATA.

250 374 369 416 sunt,
404 381 482 420 per
519 382 634 421 quae
671 367 758 408 illis
790 369 959 409 bonum
994 369 1187 420 amoris;
1233 381 1337 410 nam
1375 383 1453 422 per
1486 369 1744 411 “Zionem'’

249 429 528 483 significatur
551 431 744 472 ecclesia
770 431 983 473 caelestis
1008 446 1123 486 quae
1154 433 1198 472 in
1230 432 1352 472 bono
1378 433 1543 472 amoris
1570 433 1614 472 in
1648 433 1743 474 Do-

249 494 419 534 minum
456 501 527 535 est
565 509 644 547 per
679 495 876 547 genuina
907 509 1038 536 vera:
1082 495 1203 548 quod
1236 495 1458 535 Dominus
1489 495 1608 548 apud
1641 495 1744 536 illos

248 556 403 597 influat
437 570 538 598 cum
570 558 692 598 bono
723 559 903 607 amoris,
937 565 984 599 et
1021 572 1080 599 ex
1117 557 1196 598 illo
1233 559 1276 598 in
1309 572 1429 606 vera,
1463 558 1744 610 significatur

248 633 327 672 per
358 620 478 673 quod
508 621 676 661 “dabit
709 620 797 661 illis
824 621 1021 674 pluviam
1050 621 1370 674 tempestivam
1398 621 1441 660 in
1465 620 1688 673 justitiam
1709 620 1747 671 ;''

252 682 493 735 “justitia”
525 684 569 723 in
603 683 759 724 Verbo
795 683 1083 737 praedicatur
1119 684 1175 724 de
1212 683 1334 723 bono
1370 684 1549 731 amoris,
1582 690 1628 724 et
1666 697 1744 736 per

251 743 469 795 “justos”
494 744 816 797 intelliguntur
840 745 915 798 qui
944 745 988 784 in
1019 744 1099 784 illo
1124 744 1247 784 bono
1279 750 1385 785 sunt
1412 754 1572 792 (videatur
1586 763 1693 792 supra,
1709 763 1743 786 n.

249 813 426 853 204[a]):
469 804 590 857 quod
621 803 779 844 influat
809 817 910 845 cum
942 804 1065 844 bono
1095 805 1262 845 amoris
1292 805 1337 845 in
1368 817 1476 844 vera
1507 804 1742 852 continue,

249 864 528 918 significatur
554 879 633 919 per
664 865 784 919 quod
813 865 1129 906 “descendere
1155 866 1289 907 faciat
1317 866 1512 919 pluviam
1539 871 1740 918 tempes-

249 930 390 969 tivam
432 935 478 969 et
519 929 767 969 serotinam
807 929 851 969 in
893 929 1036 982 primo
1057 928 1091 979 ;'’
1138 929 1258 982 quod
1299 929 1403 969 inde
1444 928 1532 968 illis
1571 928 1739 968 bonum

248 992 413 1031 amoris
435 1004 543 1044 erga
569 991 753 1032 fratrem
779 998 825 1032 et
853 992 1037 1039 socium,
1063 991 1345 1044 significatur
1371 1005 1449 1044 per
1471 991 1591 1045 quod
1618 990 1743 1031 “illis

250 1054 412 1107 plenae
444 1055 534 1095 sint
567 1068 697 1095 areae
728 1054 954 1095 frumento
985 1068 1096 1107 puro
1115 1054 1149 1104 ;’'
1194 1060 1239 1095 et
1278 1054 1399 1107 quod
1431 1053 1535 1093 inde
1567 1052 1654 1093 illis
1685 1054 1743 1094 sit

249 1130 404 1158 verum
427 1131 478 1158 ac
501 1117 670 1157 bonum
688 1118 853 1158 amoris
876 1118 919 1157 in
944 1117 1206 1165 Dominum,
1228 1115 1507 1169 significatur
1525 1129 1602 1168 per
1624 1116 1743 1169 quod

253 1184 277 1200 “
294 1181 531 1221 exundent
558 1179 803 1221 torcularia
830 1186 1028 1221 mustum
1055 1186 1101 1237 et
1129 1179 1317 1220 oleum.''
1378 1178 1516 1232 Apud
1541 1178 1644 1219 illos
1670 1180 1743 1232 qui

250 1243 307 1283 ab
329 1243 524 1284 ecclesia
556 1242 746 1284 caelesti
779 1243 962 1283 Domini
989 1249 1108 1291 sunt,
1137 1249 1207 1283 est
1240 1242 1409 1283 bonum
1438 1242 1603 1282 amoris
1635 1255 1743 1294 erga

250 1306 433 1347 fratrem
466 1313 511 1347 et
545 1307 744 1356 socium;
787 1306 860 1359 qui
899 1319 1026 1346 amor
1063 1305 1182 1358 apud
1214 1305 1316 1346 illos
1353 1306 1427 1358 qui
1464 1304 1521 1344 ab
1552 1303 1744 1345 ecclesia

251 1369 474 1423 spirituali
508 1369 691 1409 Domini
723 1376 843 1418 sunt,
877 1375 1066 1409 vocatur
1098 1368 1297 1409 charitas
1330 1381 1438 1421 erga
1469 1368 1741 1421 proximum.

250 1433 389 1486 Apud
418 1432 688 1474 Samariam

317 1521 462 1553 “Petite
482 1531 503 1552 a
523 1521 686 1563 Jehovah
708 1520 868 1561 pluviam
894 1521 930 1552 in
952 1527 1113 1561 tempore
1135 1518 1247 1558 [¹¹suo,
1267 1520 1432 1561 Jehovah
1456 1519 1564 1551 faciet
1589 1519 1743 1556 nimbos,

424 1571 460 1596 et
477 1565 636 1606 pluviam
654 1565 778 1596 imbris
796 1565 895 1596 dabit
913 1565 992 1602 illis,
1010 1565 1087 1596 viro
1103 1565 1251 1595 herbam
1269 1564 1305 1595 in
1323 1573 1410 1603 agro
1424 1563 1442 1574 ”
1459 1565 1504 1603 (x.
1525 1563 1555 1603 1)
1570 1574 1576 1595 ε

251 1674 329 1713 per
357 1659 592 1713 “pluviam
608 1659 628 1674 '¹
654 1660 794 1700 etiam
826 1658 897 1700 hic
925 1658 1205 1712 significatur
1230 1658 1427 1698 influxus
1455 1657 1607 1697 Divini
1633 1656 1743 1698 Veri

251 1737 276 1763 a
300 1723 510 1771 Domino,
531 1737 590 1763 ex
613 1737 701 1776 quo
723 1722 893 1763 homini
915 1721 1222 1774 intelligentia
1244 1720 1515 1774 spiritualis;
1551 1719 1741 1773 “pluvia

250 1786 435 1826 imbris”
468 1785 693 1838 significat
732 1785 944 1825 Divinum
978 1785 1148 1825 Verum
1185 1786 1228 1825 in
1267 1785 1397 1837 copia
1433 1783 1648 1833 influens;
1694 1789 1741 1823 et

251 1862 330 1902 per
365 1849 511 1889 “dare
543 1848 730 1889 herbam
762 1849 806 1888 in
838 1862 949 1901 agro
965 1847 984 1862 ’'
1015 1847 1294 1901 significatur
1326 1847 1530 1900 cognitio
1565 1847 1657 1886 veri
1693 1852 1740 1887 et

240 1913 356 1953 boni
383 1927 442 1953 ex
465 1913 634 1961 Verbo,
664 1918 710 1953 et
736 1913 840 1953 inde
867 1912 1187 1965 intelligentia.
1250 1911 1387 1964 Apud
1414 1910 1649 1959 Davidem,

318 2009 335 2022 ‘¹
346 2008 481 2040 Visitas
495 2014 638 2045 terram,
648 2014 683 2039 et
697 2006 887 2039 delecstaris
901 2018 953 2046 ea,
964 2008 1067 2039 valde
1081 2008 1173 2039 ditas
1190 2018 1281 2044 eam,
1294 2008 1392 2038 rivus
1408 2007 1473 2038 Dei
1488 2007 1615 2047 plenus
1627 2007 1743 2048 aquis,

425 2061 619 2092 praeparas
636 2051 854 2083 frumentum
873 2061 1006 2087 eorum,
1026 2057 1062 2083 et
1079 2052 1130 2083 sic
1147 2052 1288 2083 stabilis
1306 2061 1384 2082 eam
1399 2060 1406 2088 ;
1432 2051 1552 2082 sulcos
1570 2050 1647 2090 ejus
1666 2051 1743 2082 irri-

426 2105 481 2135 ga,
502 2095 651 2126 demitte
671 2102 807 2126 turmas
828 2095 916 2135 ejus,
935 2095 1041 2126 stillis
1061 2095 1214 2135 liquefac
1235 2095 1344 2133 illam,
1362 2094 1515 2134 germini
1535 2094 1614 2134 ejus
1634 2095 1744 2125 bene-

424 2139 480 2170 dic
493 2138 510 2150 '’
528 2139 600 2178 (Ps.
619 2139 688 2170 lxv.
709 2147 758 2177 10,
780 2147 815 2170 11
838 2137 897 2180 [B.
911 2140 956 2170 A.
974 2149 1003 2179 9,
1024 2137 1116 2180 10]):

250 2248 329 2287 per
354 2234 591 2274 “terram''
613 2234 672 2274 ibi
698 2232 978 2286 significatur
1000 2233 1217 2283 ecclesia;
1251 2247 1330 2286 per
1353 2233 1534 2273 “rivum
1557 2231 1741 2285 plenum

251 2296 407 2351 aquis”
434 2296 713 2349 significatur
744 2295 949 2337 doctrina
981 2296 1115 2349 plena
1141 2297 1283 2346 veris;
1322 2310 1400 2348 per
1429 2295 1617 2335 “sulcos
1649 2293 1742 2346 ejus

250 2361 447 2413 irrigare,
473 2361 716 2401 demittere
739 2366 925 2408 turmas,
949 2366 996 2400 et
1023 2358 1157 2400 stillis
1185 2358 1491 2412 liquesacere‚”
1514 2356 1740 2410 significa-

250 2432 324 2465 tur
355 2423 542 2477 implere
574 2423 910 2476 cognitionibus
943 2423 1048 2463 boni
1086 2429 1131 2463 et
1164 2423 1281 2472 veri;
1325 2436 1403 2475 per
1438 2425 1742 2474 “praeparare

251 2488 524 2528 frumentum
537 2487 556 2501 ''
579 2486 857 2540 significatur
880 2499 1014 2526 omne
1041 2486 1160 2539 quod
1184 2486 1324 2526 nutrit
1348 2486 1571 2534 animam;
1604 2498 1741 2537 quare

251 2551 446 2598 additur,
489 2549 598 2590 “Sic
640 2549 817 2590 stabilis
855 2548 1063 2597 terram‚''
1100 2549 1184 2589 hoc
1226 2554 1311 2596 est,
1351 2547 1618 2588 ecclesiam:
1664 2560 1742 2599 per

254 2614 558 2655 “benedicere
581 2613 802 2666 germini''
820 2611 1098 2665 significatur
1120 2626 1144 2652 e
1167 2625 1287 2652 novo
1303 2611 1472 2664 jugiter
1494 2610 1741 2663 producere

252 2685 298 2719 et
325 2691 510 2718 nascere
536 2678 682 2718 facere
708 2691 827 2718 vera.
889 2676 1028 2730 Apud
1055 2675 1263 2721 eundem,

319 2769 339 2782 ‘⁴
354 2767 518 2800 Pluviam
538 2767 875 2799 benevolentiarum
897 2766 1031 2798 stillare
1056 2765 1156 2803 facis,
1178 2764 1278 2796 Deus
1288 2763 1306 2776 ”
1326 2763 1398 2805 (Ps.
1423 2764 1531 2796 lxviii.
1555 2772 1595 2795 10
1616 2761 1675 2805 [B.
1695 2763 1726 2794 A

426 2809 498 2852 9]);

253 2889 371 2943 apud
398 2888 607 2937 eundem,
