1962 3334
562 294 668 356 clu}
690 294 772 334 1x.‚
794 293 933 326 VERS.
956 292 1103 325 2.—-N.
1129 292 1149 337 5
1156 282 1294 338 37[a].
1566 295 1667 337 1331

188 407 263 460 qui
286 406 331 447 in
356 405 486 446 bonis
507 406 626 456 veri;
652 405 842 446 “fodere
854 404 875 420 '¹
891 403 1121 457 'significat
1144 404 1452 457 pervestigare
1474 410 1520 444 et
1543 403 1671 444 colli-

186 482 320 522 gere;
368 467 697 521 “Legislator’'
734 466 958 520 significat
1000 467 1244 507 Dominum
1282 466 1432 519 quoad
1469 465 1671 506 Verbum

186 537 233 571 et
259 531 406 584 quoad
432 528 683 571 dostrinam
708 545 767 571 ex
794 529 963 577 Verbo,
987 536 1034 569 et
1063 528 1280 569 “baculi'’
1306 527 1563 581 significant
1589 542 1670 582 po-

186 594 378 634 tentiam
402 599 447 634 et
474 594 590 633 vires
617 593 810 642 mentis;
842 592 914 632 hic
941 606 967 632 a
994 592 1192 632 Domino
1219 605 1297 644 per
1322 591 1540 638 Verbum,
1569 592 1671 645 quia

186 655 349 696 dicitur
391 659 508 709 “per
547 655 881 709 Legislatorem
898 654 933 695 :''
978 655 1082 695 inde
1123 660 1253 707 patet
1295 654 1399 707 quid
1439 657 1639 707 “puteus
1651 653 1671 668 ’‘

185 718 245 759 ibi
270 718 506 771 significat.
570 718 703 771 Quod
729 718 785 758 de
811 732 865 758 eo
891 718 1103 758 cecinerit
1138 716 1277 757 Israel
1303 717 1544 764 canticum,
1572 723 1669 757 erat

184 781 287 835 quia
303 781 415 822 Beer
436 782 479 821 in
502 781 654 834 lingua
671 780 877 833 originali
899 779 1124 833 significat
1148 786 1349 833 puteum,
1369 786 1415 819 et
1437 778 1670 832 “puteus‘’

184 844 229 884 in
247 843 465 897 spirituali
480 857 613 884 sensu
627 842 851 896 significat
867 842 1069 883 Verbum
1084 849 1130 883 et
1146 840 1397 883 doctrinam
1412 856 1471 882 ex
1487 841 1642 882 Verbo
1659 856 1668 892 ;

184 906 389 947 similiter
426 905 787 954 “Beerscheba,”
823 919 937 959 quae
978 906 1022 945 in
1063 904 1291 945 historicis
1327 904 1467 945 Verbi
1504 904 1668 957 pluries

185 970 454 1010 nominatur.
516 968 669 1009 Simile
695 968 919 1021 significat

251 1058 384 1089 Puteus
400 1057 537 1099 Jacobi‚
557 1058 602 1089 ad
618 1067 724 1098 quem
743 1057 922 1088 Dominus
939 1057 1113 1094 consedit,
1134 1063 1170 1088 et
1193 1057 1332 1088 locutus
1350 1063 1404 1088 est
1421 1066 1500 1087 cum
1519 1057 1668 1087 muliere

358 1102 581 1138 Samaritide,
600 1108 635 1132 et
659 1101 758 1137 dixit.
783 1101 853 1132 “Si
873 1101 983 1132 scires
1007 1101 1142 1132 donum
1169 1100 1247 1137 Dei,
1268 1106 1304 1131 et
1328 1100 1407 1141 quis
1432 1100 1478 1131 sit
1501 1100 1560 1141 qui
1584 1100 1670 1131 dicit

357 1145 422 1176 tibi
426 1169 518 1181 .....
526 1151 564 1176 tu
577 1151 716 1184 peteres
730 1145 775 1175 ab
794 1144 846 1175 Eo
856 1143 875 1155 '¹
889 1153 1029 1184 aquam,
1049 1146 1071 1158 ¹⁸
1081 1151 1116 1175 et
1129 1144 1230 1175 daret
1244 1153 1372 1184 aquam
1387 1144 1565 1174 viventem
1571 1168 1663 1179 .....

356 1198 446 1229 quae
463 1188 536 1220 fiet.
551 1188 648 1220 ‚fons
665 1198 776 1229 aquae
793 1187 955 1219 salientis
972 1187 1009 1218 in
1025 1187 1137 1218 vitam
1153 1194 1336 1218 aeternam
1347 1186 1474 1228 '’(Jolz.
1489 1187 1535 1219 iv.
1549 1187 1667 1226 6—15):

184 1276 304 1330 quod
337 1275 556 1316 Dominus
582 1275 641 1315 ibi
673 1275 851 1316 locutus
877 1275 935 1315 sit
967 1288 1069 1316 cum
1096 1274 1280 1315 muliere
1307 1273 1578 1315 samaritide
1610 1275 1667 1315 ad

181 1338 309 1378 illum
353 1344 552 1391 puteum,
594 1344 691 1378 erat
737 1338 839 1390 quia
884 1351 963 1390 per
1005 1337 1276 1378 “mulierem
1318 1336 1668 1378 Samaritidem”

182 1400 523 1454 intelligebatur
558 1400 751 1441 ecclesia
787 1400 1081 1440 instauranda
1117 1400 1236 1453 apud
1273 1406 1463 1453 gentes;
1506 1407 1552 1440 et
1589 1414 1668 1453 per

185 1462 511 1511 “Samaritas‚”
547 1464 621 1516 qui
662 1464 801 1503 etiam
842 1462 948 1503 alibi
990 1469 1313 1511 memorantur,
1351 1462 1669 1515 intelliguntur

182 1533 345 1579 gentes
363 1540 479 1580 quae
501 1532 762 1578 recepturae
786 1523 1037 1566 do&rinam
1060 1525 1117 1565 ab
1144 1525 1250 1578 Ipso
1272 1532 1317 1566 et
1344 1526 1400 1566 de
1424 1526 1554 1578 Ipso:
1589 1539 1668 1578 per

185 1592 212 1609 ‘⁴
223 1595 407 1642 puteum
419 1588 572 1628 ”illum
585 1587 862 1641 significatur
873 1586 1078 1628 dofffina
1089 1602 1148 1628 ex
1162 1588 1330 1635 Verbo,
1344 1602 1422 1641 per
1435 1592 1460 1607 “
1473 1590 1635 1641 aquam
1647 1588 1667 1601 ’'

181 1665 336 1692 verum
372 1650 618 1699 doctrinae,
652 1657 697 1691 et
736 1665 815 1703 per
849 1650 1136 1691 “Dominum
1173 1651 1411 1691 sedentem
1447 1651 1504 1690 ad
1540 1650 1666 1690 illum

182 1721 369 1768 puteum
381 1714 400 1729 ”
423 1713 624 1754 Verbum
647 1727 724 1753 seu
748 1713 960 1754 Divinum
979 1713 1176 1754 Verum:
1210 1714 1329 1766 quod
1353 1727 1430 1766 per
1454 1714 1665 1753 Divinum

183 1776 355 1818 Verum
396 1790 455 1817 ex
492 1776 647 1817 Verbo
688 1790 715 1816 a
756 1776 954 1816 Domino
995 1777 1054 1816 sit
1096 1776 1231 1824 salus,
1271 1776 1549 1829 significatur
1588 1790 1667 1829 per

182 1840 303 1893 quod
331 1843 482 1892 “aqua
513 1851 646 1892 quam
674 1839 775 1891 Ipse
807 1839 951 1886 daret,
979 1838 1056 1879 fiet
1087 1838 1186 1879 sons
1218 1852 1360 1892 aquae
1386 1839 1589 1879 salientis
1621 1840 1662 1879 in

181 1902 324 1943 vitam
342 1901 613 1942 aeternam.”
671 1900 827 1943 Simile
841 1901 960 1954 quod
978 1915 1057 1955 per
1074 1905 1099 1921 ‘⁶
1111 1908 1296 1955 puteum
1312 1901 1508 1954 Jacobi‚”
1526 1903 1663 1942 etiarn

182 1963 459 2017 significatur
484 1978 562 2017 per

249 2053 381 2086 Puteos
398 2064 486 2094 quos
511 2054 678 2085 foderunt
702 2054 795 2085 servi
819 2054 1015 2085 Abrahami
1039 2060 1076 2086 et
1099 2054 1192 2085 servi
1219 2053 1321 2092 Isaci,
1341 2055 1385 2086 de
1409 2055 1536 2096 quibus
1561 2055 1664 2086 rixati

354 2104 438 2129 sunt
454 2107 534 2128 cum
549 2098 663 2128 servis
678 2097 900 2128 Abimelechi
915 2097 1010 2136 (Gen.
1026 2098 1098 2130 xxi.
1116 2106 1155 2136 25
1171 2108 1178 2136 ;
1203 2107 1279 2138 cap.
1295 2098 1391 2130 xxvi.
1411 2107 1461 2137 15,
1478 2099 1594 2137 13-22,
1610 2107 1661 2138 25,

355 2142 431 2180 32):
719 2186 734 2202 ο

181 2230 261 2270 per
287 2219 486 2270 “puteos
498 2216 517 2230 ''
543 2230 654 2269 quos
680 2216 889 2256 foderunt
916 2217 1031 2257 servi
1057 2215 1308 2258 Abrahami
1334 2224 1379 2258 et
1407 2218 1522 2258 servi
1549 2218 1663 2259 Isaci

181 2278 488 2331 significantur
505 2293 609 2319 vera
627 2277 872 2327 doetrinae,
893 2279 994 2331 quia
1015 2293 1094 2332 per
1114 2279 1504 2328 “Abrahamum,'’
1526 2284 1550 2300 “
1567 2281 1663 2321 Isa-

182 2341 315 2382 cum”
346 2347 391 2381 et
427 2340 712 2392 “Jacobum’'
738 2342 782 2380 in
810 2340 965 2382 Verbo
996 2341 1267 2394 intelligitur
1299 2343 1546 2394 Dominus;
1585 2358 1663 2396 per

183 2403 568 2444 “Abimelechum
581 2403 600 2417 ”
618 2410 784 2449 autem,
805 2416 957 2455 regem
977 2403 1154 2444 Geraris
1171 2419 1249 2445 seu
1268 2405 1660 2453 Philisthaeorum,

181 2466 497 2519 intelliguntur
521 2467 594 2519 qui
626 2467 669 2506 in
701 2466 808 2506 solis
835 2467 951 2506 veris
983 2467 1151 2520 absque
1183 2468 1303 2508 bono
1334 2469 1454 2508 vitae
1487 2476 1662 2521 ponunt

180 2529 389 2577 salutem,
409 2529 614 2569 similiter
630 2542 681 2569 ac
704 2529 872 2569 faciunt
895 2529 1030 2570 hodie
1048 2531 1120 2583 qui
1146 2531 1190 2570 in
1213 2531 1310 2571 sola
1327 2530 1426 2572 fide.
1479 2531 1540 2572 Et
1559 2533 1662 2585 quia

180 2604 314 2632 omne
339 2604 492 2631 verum
516 2598 585 2632 est
613 2605 671 2632 ex
697 2591 831 2638 bono,
860 2605 938 2631 seu
963 2605 1096 2633 omne
1114 2592 1216 2633 fidei
1242 2600 1312 2634 est
1339 2608 1397 2634 ex
1421 2594 1658 2642 charitate,

179 2660 226 2695 et
249 2654 311 2694 illi
338 2655 411 2708 qui
434 2661 646 2707 separant
672 2660 718 2694 et
745 2654 995 2695 excludunt
1021 2655 1188 2696 bonum
1214 2670 1240 2696 a
1270 2671 1391 2703 vero,
1416 2671 1493 2697 seu
1519 2657 1662 2698 chari-

179 2722 323 2757 tatem
351 2730 377 2756 a
402 2715 502 2764 fide,
531 2730 620 2757 non
647 2717 828 2769 aliquod
854 2730 1007 2757 verum
1033 2719 1277 2770 genuinum
1299 2717 1531 2760 doctrinae
1553 2734 1658 2772 pos-

179 2778 342 2826 sident,
371 2779 449 2819 sed
476 2786 545 2819 est
572 2792 705 2819 omne
731 2792 884 2819 verum
911 2779 1051 2820 Verbi
1082 2781 1200 2834 apud
1231 2781 1333 2821 illos
1359 2783 1474 2822 sicut
1501 2795 1659 2822 sensus

178 2853 340 2880 vocum
371 2841 538 2894 absque
569 2842 859 2894 perceptione
892 2842 967 2890 rei,
1000 2843 1064 2883 ita
1094 2844 1209 2884 sicut
1241 2850 1456 2897 putamen
1489 2844 1656 2897 absque

179 2902 354 2953 nucleo,
382 2903 482 2944 ideo
514 2904 568 2944 de
600 2905 714 2945 veris
745 2903 846 2944 fidei
877 2905 1106 2946 rixantur:
1145 2905 1231 2947 hoc
1264 2914 1656 2960 repraesentatum
