1962 3334
631 283 738 316 CAP.
762 283 845 324 1x.,
868 282 1005 315 VERS.
1031 282 1176 326 3.—N.
1203 238 1294 327 5421.
1403 297 1408 301 -
1499 313 1506 321 ,
1599 273 1707 327 1369

221 402 428 438 tutentur
449 410 475 437 a
497 388 707 437 Domino.
769 395 1113 437 Antediluviani
1135 396 1208 449 qui
1233 394 1534 449 “Nephilim”
1550 397 1705 437 vocati

220 466 339 510 sunt,
366 460 410 500 in
442 459 522 501 tali
553 460 813 513 persuasivo
843 459 1020 500 fuerunt
1052 472 1158 512 prae
1189 458 1312 509 aliis;
1350 452 1461 512 quOs
1493 459 1576 499 nisi
1609 458 1704 500 Do-

219 522 379 570 minus,
412 535 513 563 cum
543 521 623 563 fuit
660 522 704 562 in
742 522 925 571 mundo,
959 521 1265 575 subjugaverit
1297 527 1344 562 et
1377 521 1622 574 conjecerit
1659 522 1704 562 in

218 585 451 635 infernum,
498 592 544 627 et
593 586 636 626 id
686 585 941 633 occluserit,
988 598 1123 626 nemo
1171 584 1431 625 mortalium
1480 584 1704 638 potuisset

219 647 412 700 salvari3
450 662 554 689 nam
580 648 855 689 infestabant
887 654 934 689 et
965 662 1110 702 paene
1136 648 1363 689 necabant
1392 661 1704 701 quemcunque

219 711 400 752 obvium
431 713 476 752 in
501 711 670 752 mundo
696 711 939 764 spirituali:
972 711 1094 764 quod
1121 711 1344 752 Dominus
1370 711 1587 752 mundum
1612 711 1703 764 spi-

221 774 430 815 ritualem
467 775 524 815 ab
559 773 646 815 illis
678 781 724 815 et
761 774 978 814 similibus
1014 773 1284 822 liberaverit,
1318 773 1588 826 intelligitur
1627 787 1706 827 per

219 838 339 891 quod
368 837 567 878 “viderit
594 844 802 878 satanam
835 851 859 878 e
891 836 1020 878 caelo
1046 836 1329 885 cadentem‚”
1355 843 1402 878 et
1428 836 1548 890 quod
1574 836 1704 878 daret

218 900 306 940 illis
327 901 400 954 qui
425 901 469 940 in
494 900 610 940 veris
636 913 694 940 ex
717 899 838 940 bono
860 906 964 940 sunt
990 913 1017 940 a
1043 899 1241 940 Domino
1266 903 1587 953 “potestatem
1609 900 1704 940 cal-

219 963 352 1004 candi
378 977 510 1016 super
536 969 770 1016 serpentes
796 969 843 1003 et
867 962 1105 1016 scorpios.”
1165 962 1249 1003 Per
1272 962 1514 1016 “scorpios
1525 962 1544 977 ‘’
1566 962 1704 1004 etiam

219 1024 496 1079 significatur
520 1026 663 1066 dirum
690 1026 998 1079 persuasivum
1024 1025 1143 1079 apud
1169 1024 1454 1074 Ezechielem,

286 1122 305 1135 ‘⁴
314 1121 342 1153 F
343 1121 381 1153 ili
397 1121 566 1159 hominis,
581 1131 626 1153 ne
643 1121 769 1153 timeto
787 1121 849 1153 tibi
867 1122 912 1152 ab
930 1121 1011 1159 illis,
1029 1127 1064 1153 et
1081 1131 1102 1152 a
1118 1121 1239 1153 verbis
1256 1131 1392 1159 eorum,
1407 1131 1491 1152 nam
1505 1119 1703 1153 retraetarii

392 1171 427 1196 et
443 1165 580 1205 spinosi
598 1171 726 1203 tecum,
744 1171 779 1196 et
799 1165 893 1196 inter
909 1165 1073 1205 scorpios
1089 1172 1125 1196 tu
1146 1165 1288 1196 habitas
1303 1175 1310 1201 ;
1335 1175 1356 1196 a
1375 1165 1496 1196 verbis
1513 1175 1637 1196 eorum
1659 1175 1704 1196 ne

392 1209 519 1240 timeto
538 1209 613 1246 tibi,
632 1215 667 1239 et
686 1219 707 1239 a
726 1209 885 1240 faciebus
902 1218 1027 1240 eorum
1045 1218 1091 1240 ne
1107 1215 1360 1240 consternator
1376 1208 1421 1247 ;’'.
1437 1233 1444 1240 .
1458 1233 1465 1240 .
1480 1215 1580 1240 .sunt
1598 1209 1704 1240 “duri

391 1251 549 1284 faciebus
565 1258 602 1284 et
618 1252 796 1283 obfirmati
813 1252 921 1284 corde
932 1251 950 1264 ’¹
967 1252 1016 1291 (ii.
1033 1252 1063 1290 ὁ,
1080 1251 1133 1292 4):

218 1356 298 1397 per
331 1342 578 1384 “habitare
614 1343 731 1384 inter
767 1343 999 1397 scorpios‘'
1030 1343 1299 1397 intelligitur
1334 1344 1453 1385 inter
1487 1343 1591 1385 illos
1627 1345 1701 1398 qui

220 1413 536 1460 persuaserunt
562 1406 644 1446 sibi
675 1413 721 1447 et
753 1406 930 1447 fortiter
954 1406 1228 1460 persuadent
1255 1407 1352 1447 aliis
1378 1407 1503 1455 falsa,
1532 1414 1579 1448 et
1611 1421 1701 1448 non

219 1469 468 1510 admittunt
500 1469 682 1523 aliquod
708 1482 862 1510 verum
879 1483 888 1520 ;
926 1483 1064 1523 quare
1089 1476 1312 1510 vocantur
1340 1468 1623 1511 “refraftarii
1654 1478 1701 1511 et

219 1531 427 1584 spinosi,'’
467 1538 563 1572 tum
603 1532 736 1572 “duri
775 1532 972 1573 faciebus
1013 1539 1059 1573 et
1100 1532 1324 1573 obfirmati
1365 1532 1551 1573 corde:”
1596 1540 1702 1574 sunt

219 1594 357 1635 etiam
393 1595 620 1643 interiora,
658 1608 773 1648 quae
814 1595 980 1635 mentis
1015 1595 1250 1635 rationalis
1286 1602 1406 1643 sunt,
1444 1595 1563 1649 apud
1599 1595 1702 1636 illos

219 1656 293 1709 qui
324 1657 368 1696 in
393 1657 496 1697 sorti
515 1659 801 1710 persuasione
827 1657 925 1698 falsi
951 1664 1070 1705 sunt,
1099 1657 1308 1708 occlusa;
1351 1665 1397 1699 et
1430 1659 1531 1699 ideo
1556 1658 1703 1699 solum

220 1732 280 1759 ex
310 1719 507 1760 sensuali
538 1719 699 1760 ultimo
731 1721 939 1773 cogitant
970 1726 1016 1760 et
1053 1720 1319 1773 loquuntur:
1358 1721 1445 1761 hoc
1479 1721 1700 1769 sensuale,

218 1781 400 1834 quando
417 1795 658 1822 accensum
677 1789 746 1822 est
765 1783 870 1835 igne
887 1783 1053 1823 amoris
1069 1783 1150 1831 sui,
1170 1783 1328 1823 durum
1346 1790 1392 1824 et
1415 1782 1702 1825 obfirmatum

218 1850 304 1892 est,
327 1850 374 1885 et
405 1858 581 1898 quoque
607 1845 785 1885 indurat
817 1851 863 1885 et
895 1844 1104 1885 obfirmat
1135 1846 1350 1886 interiora
1374 1846 1562 1887 aliorum
1589 1860 1701 1900 quos

218 1905 534 1960 alloquuntur;
572 1919 676 1946 nam
708 1907 751 1947 in
778 1907 946 1947 mundo
972 1907 1190 1960 spirituali
1216 1914 1285 1948 est
1317 1909 1584 1958 animorum,
1612 1909 1699 1950 hoc

217 1975 301 2018 est,
325 1969 655 2022 cogitationum
682 1976 727 2009 et
750 1967 1050 2017 affectionum,
1074 1971 1440 2019 communicatio,
1465 1978 1512 2012 et
1534 1971 1591 2012 ab
1612 1971 1700 2012 illis

217 2032 292 2087 qui
330 2032 374 2071 in
415 2032 674 2085 persuasivo
715 2032 792 2072 illo
832 2039 952 2081 sunt,
994 2032 1180 2084 infusio;
1225 2033 1330 2074 inde
1371 2040 1476 2075 sunt
1516 2033 1700 2076 effe-stus

216 2095 604 2148 supramemorati.
665 2093 803 2147 Apud
828 2094 997 2144 Mosen,

279 2189 443 2233 Jehovah
465 2190 563 2222 Deus
585 2192 647 2222 “te
667 2191 801 2222 ducens
826 2201 889 2231 per
911 2191 1092 2222 desertum
1112 2202 1284 2232 magnum
1310 2199 1346 2225 et
1369 2192 1608 2231 formidabile,
1629 2203 1702 2225 ser-

388 2234 515 2275 pentis,
533 2235 702 2274 presteris
719 2241 753 2265 et
771 2234 929 2275 scorpii’'
944 2235 1080 2274 (Deutr.
1095 2235 1167 2267 viii.
1184 2237 1256 2276 15):

216 2340 295 2380 per
324 2327 487 2367 itinera
518 2333 565 2368 et
597 2341 769 2368 errores
801 2326 993 2368 filiorum
1025 2328 1205 2369 Israelis
1238 2330 1538 2383 quadraginta
1569 2331 1699 2371 annis

217 2390 262 2429 in
293 2389 476 2430 deserto
502 2397 873 2443 repraesentatae
899 2396 945 2431 et
978 2390 1259 2443 significatae
1285 2399 1390 2434 sunt
1417 2393 1698 2434 tentationes

214 2451 437 2503 fidelium3
469 2466 582 2506 quae
614 2454 715 2505 quia
752 2452 863 2493 fiunt
900 2466 978 2506 per
1014 2452 1275 2506 injectiones
1306 2462 1353 2496 et
1384 2457 1698 2509 persuasiones

214 2513 427 2555 falsorum
453 2528 479 2555 a
505 2511 732 2568 spiritibus
755 2515 898 2564 malis,
923 2516 1084 2560 dicitur
1110 2517 1230 2570 quod
1257 2516 1378 2558 ducti
1402 2522 1520 2572 “per
1545 2519 1696 2560 deser-

215 2583 311 2618 tum
332 2577 626 2625 formidabile,
647 2578 882 2631 serpentiS,
903 2579 1114 2631 presteris
1137 2586 1183 2620 et
1206 2580 1405 2634 scorpii.’'
1458 2582 1698 2623 Praeterea

215 2652 294 2693 per
327 2641 630 2693 “serpentes''
662 2642 704 2681 in
742 2654 908 2693 genere
939 2641 1217 2694 significatur
1249 2643 1455 2684 ultimum
1487 2645 1696 2686 sensuale

171 2755 174 2757 v
213 2701 420 2750 hominis,
445 2709 491 2744 et
513 2717 592 2756 per
613 2705 757 2743 varias
781 2704 952 2756 species
975 2711 1235 2758 serpentum
1253 2706 1564 2759 significantur
1586 2709 1697 2748 varii

214 2771 362 2805 status
383 2765 499 2806 illius
522 2766 741 2806 sensualis
764 2766 911 2822 quoad
938 2767 1058 2807 mala
1079 2773 1125 2808 et
1147 2768 1259 2809 salsa
1279 2783 1288 2819 ;
1321 2776 1425 2810 sunt
1448 2771 1566 2810 enim
1589 2785 1692 2811 sen-

214 2827 361 2868 suales
383 2827 588 2868 homines
614 2842 719 2881 prae
742 2829 921 2882 reliquis
943 2829 1155 2871 malitiosi
1181 2838 1227 2872 et
1250 2833 1404 2879 astuti,
1428 2846 1478 2873 ac
1503 2834 1692 2875 credunt

213 2889 311 2943 ipsi,
339 2896 385 2931 et
418 2890 634 2932 inducunt
658 2891 754 2932 aliis
781 2892 976 2942 credere,
1004 2893 1124 2946 quod
1156 2893 1351 2947 ingenio,
1381 2894 1614 2936 intellectu
1646 2904 1693 2938 et
