1962 3334
285 295 391 347 1548
695 304 1028 337 APOCALYPSIS
1060 305 1359 338 EXPLICATA.

279 415 447 468 plicata
470 421 588 457 sunt.
649 415 788 469 Apud
813 416 981 466 Mosen,

347 501 538 533 Dabuntur
558 503 594 533 in
614 508 709 534 terra
727 503 832 534 urbes
851 513 1002 544 magnae
1020 510 1055 535 et
1074 505 1190 535 bonae
1210 514 1297 545 quas
1318 514 1391 535 non
1409 504 1693 544 aedificaverunt,
1711 505 1773 537 do-

454 556 532 577 mus
554 546 680 586 plenae
704 547 803 577 omni
829 548 925 577 bono
949 557 1036 588 quas
1057 558 1130 578 non
1152 548 1400 588 impleverunt,
1421 549 1596 580 cisternae
1616 549 1771 581 effossae

454 599 540 630 quas
555 599 628 620 non
642 589 853 628 effoderunt,
867 591 994 622 vineae
1008 597 1043 622 et
1057 592 1188 622 oliveta
1202 602 1292 632 quae
1306 602 1378 623 non
1390 592 1652 632 plantaverunt,
1663 594 1772 624 edent

454 633 499 664 ad
516 633 718 664 satietatem
737 633 873 673 (Deutr.
888 634 933 665 vi.
951 632 1035 676 [10,]
1059 635 1130 675 11):

280 728 391 769 haec
425 728 640 769 naturalis
663 728 800 769 homo
833 742 922 770 non
955 729 1085 770 aliter
1110 730 1326 783 intelligit
1358 744 1492 784 quam
1524 731 1771 772 secundum

281 803 461 831 sensum
504 790 709 842 litterae;
754 792 833 832 sed
879 793 915 832 si
961 806 1050 833 non
1097 793 1337 845 spiritualis
1383 807 1539 834 sensus
1584 794 1771 847 singulis

277 854 465 902 inesset,
489 853 604 895 foret
630 854 832 895 Verbum
865 868 986 896 mere
1019 856 1222 896 naturale
1255 862 1300 897 et
1333 870 1422 897 non
1454 857 1697 910 spirituale,
1725 865 1771 898 et

278 916 340 956 sic
378 917 637 958 crederetur
667 918 786 970 quod
823 917 938 958 foret
977 919 1112 960 modo
1145 919 1376 972 opulentia
1413 926 1458 960 et
1495 920 1772 961 abundantia

279 980 508 1020 mundana
533 994 647 1034 quae
674 981 923 1034 spondetur
954 981 1040 1022 illis
1072 983 1145 1035 qui
1177 983 1423 1023 secundum
1451 983 1615 1024 Divina
1641 997 1770 1036 prae-

278 1048 413 1095 cepta
453 1043 636 1093 vivunt;
684 1044 763 1083 sed
805 1044 911 1097 quid
947 1045 1117 1085 homini
1156 1046 1191 1085 si
1233 1045 1480 1086 lucraretur
1516 1047 1770 1087 universum

277 1105 509 1154 mundum,
543 1112 590 1146 et
616 1104 836 1158 jacturam
869 1107 1044 1147 animae
1076 1107 1273 1148 faceret?
1308 1108 1520 1149 videlicet
1551 1109 1656 1162 quid
1688 1108 1770 1150 ho-

278 1168 384 1208 mini
411 1168 447 1208 si
472 1168 632 1209 domus
658 1170 697 1209 ei
724 1170 938 1210 darentur
960 1170 1122 1223 plenae
1149 1172 1270 1211 omni
1298 1171 1431 1218 bono,
1456 1171 1660 1212 similiter
1685 1173 1770 1213 cis·

276 1237 447 1280 ternae,
480 1237 526 1272 et
564 1232 599 1272 si
640 1232 679 1272 ei
713 1233 871 1273 vineae
911 1239 958 1274 et
995 1233 1176 1282 oliveta,
1204 1241 1251 1275 et
1292 1248 1351 1274 ex
1393 1234 1478 1274 illis
1518 1235 1674 1276 ederet
1714 1235 1770 1276 ad

277 1294 570 1334 satietatem?
630 1294 719 1336 Sed
742 1295 827 1336 hae
850 1309 962 1349 opes
984 1298 1234 1338 recensitae
1258 1304 1361 1338 sunt
1384 1311 1493 1350 opes
1516 1298 1770 1338 mundanae

276 1369 356 1409 per
388 1371 498 1410 quas
538 1358 853 1411 intelliguntur
893 1373 1002 1412 opes
1040 1360 1307 1412 spirituales,
1336 1375 1394 1401 ex
1420 1361 1577 1414 quibus
1602 1361 1771 1401 homini

275 1420 370 1461 vita
392 1427 602 1471 aeterna;
636 1435 715 1474 per
734 1422 902 1462 “urbes
926 1436 1115 1475 magnas
1138 1430 1183 1464 et
1210 1424 1352 1464 bonas
1365 1423 1383 1438 ”
1401 1437 1513 1477 quae
1531 1424 1768 1472 dabuntur,

276 1482 586 1536 significantur
617 1482 884 1525 doctrinalia
921 1499 979 1526 ex
1019 1487 1223 1539 genuinis
1259 1487 1388 1527 bonis
1425 1493 1472 1527 et
1509 1487 1650 1538 veris;
1693 1501 1771 1540 per

280 1545 478 1586 “domus
508 1546 666 1599 plenas
698 1549 819 1588 omni
853 1548 1003 1589 bon0'’
1030 1549 1338 1602 significantur
1363 1550 1574 1590 interiora
1606 1551 1770 1590 mentis

279 1608 414 1661 plena
445 1623 597 1650 amore
630 1616 676 1650 et
709 1611 956 1663 sapientia;
994 1625 1072 1664 per
1101 1613 1357 1652 “cisternas
1389 1612 1572 1653 effossas
1585 1612 1604 1628 ”
1630 1613 1769 1665 signi-

277 1670 469 1712 ficantur
490 1673 703 1714 interiora
725 1675 889 1714 mentis
913 1674 1128 1715 naturalis
1153 1675 1286 1728 plena
1309 1675 1641 1728 cognitionibus
1663 1676 1769 1716 boni

274 1741 322 1776 et
348 1736 467 1786 veri;
500 1748 579 1788 per
606 1737 796 1777 “vineas
822 1743 868 1778 et
895 1737 1094 1778 oliveta'’
1116 1738 1425 1791 significantur
1447 1739 1597 1779 omnia
1622 1737 1768 1779 eccle-

278 1799 384 1848 siae,
405 1805 499 1839 tam
518 1813 623 1840 vera
646 1813 778 1854 quam
797 1801 915 1841 bona
934 1801 1025 1854 ejus
1043 1816 1050 1852 ;
1087 1801 1134 1855 (“
1148 1802 1309 1842 vinea'’
1324 1808 1393 1843 est
1411 1802 1602 1843 ecclesia
1619 1802 1767 1855 quoad

274 1875 443 1911 verum,
468 1868 513 1903 et
534 1862 820 1904 “olivetum”
836 1864 1028 1905 ecclesia
1051 1865 1199 1918 quoad
1223 1866 1405 1914 bonum,
1425 1878 1528 1906 nam
1549 1865 1768 1906 “vinum''

275 1924 499 1978 significat
525 1940 693 1974 verum,
722 1932 767 1967 et
797 1927 1014 1968 “oleum”
1040 1929 1206 1968 bonum
1226 1927 1256 1982 ;)
1293 1929 1464 1969 “edere
1489 1929 1547 1969 ad
1579 1929 1767 1970 satieta-

273 1995 367 2029 tem
380 1988 398 2003 ’'
421 1988 645 2042 significat
668 1991 977 2043 receptionem
1000 1998 1046 2032 et
1069 1992 1482 2045 appropriationem
1506 1991 1766 2045 plenariam.

275 2050 414 2104 Apud
440 2052 642 2115 Esaiam,

339 2146 573 2179 Deliciabitur
592 2148 628 2180 in
646 2148 820 2190 Jehovah,
840 2150 903 2181 “et
920 2150 1078 2190 equitare
1099 2156 1133 2181 te
1153 2150 1281 2181 faciam
1299 2160 1406 2191 super
1425 2150 1567 2182 excelsa
1586 2157 1710 2189 terrae,
1731 2157 1766 2182 et

446 2192 572 2223 cibabo
589 2198 623 2223 te
640 2193 836 2224 hereditate
853 2192 976 2235 Jacobi
988 2193 1006 2205 '¹
1024 2194 1120 2233 (lviii.
1142 2194 1212 2233 14):

272 2301 351 2341 per
371 2288 607 2341 “equitare
630 2288 774 2329 facere
799 2302 931 2341 super
952 2289 1138 2330 excelsa
1159 2296 1306 2330 terrae
1322 2289 1341 2304 ‘'
1359 2289 1636 2342 significatur
1658 2290 1764 2330 dare

271 2349 555 2391 intellectum
591 2352 836 2391 veritatum
873 2353 1147 2404 superiorum
1184 2366 1262 2392 seu
1298 2353 1560 2393 interiorum
1597 2354 1652 2393 de
1695 2367 1764 2394 re·

270 2414 351 2454 bus
383 2413 601 2454 ecclesiae
633 2420 679 2454 et
712 2414 848 2454 caeli:
892 2421 939 2455 et
971 2428 1050 2467 per
1077 2415 1260 2455 “cibare
1292 2415 1547 2456 hereditate
1576 2415 1764 2468 Jacobi’'

271 2475 548 2529 significatur
570 2477 739 2517 donare
766 2478 973 2518 omnibus
1000 2477 1112 2518 caeli
1135 2484 1180 2518 et
1213 2477 1459 2528 ecclesiae;
1492 2492 1570 2531 per
1594 2478 1762 2519 “here-

271 2539 463 2580 ditatem
502 2539 691 2592 Jacobi’'
725 2539 995 2592 intelligitur
1033 2547 1154 2581 terra
1195 2540 1393 2589 Canaan,
1435 2548 1482 2582 et
1521 2555 1598 2594 per
1637 2541 1761 2581 illam

270 2608 436 2642 terram
469 2601 747 2655 significatur
778 2602 982 2652 ecclesia,
1010 2610 1056 2644 et
1088 2604 1131 2644 in
1165 2604 1378 2656 superiori
1410 2617 1542 2645 sensu
1574 2604 1761 2645 caelum.

354 2671 434 2725 [c.]
470 2671 700 2724 Quoniam
734 2673 1015 2714 “comedere
1028 2673 1048 2689 ''
1079 2673 1306 2727 significat
1337 2675 1630 2728 appropriare
1661 2675 1759 2723 sibi,

269 2740 479 2774 constare
506 2740 658 2786 potest
685 2734 790 2788 quid
817 2734 1096 2787 significatur
1120 2749 1198 2789 per

390 2829 588 2861 Comedere
605 2840 650 2861 ex
669 2831 795 2861 arbore
815 2831 909 2862 vitae
927 2841 1016 2872 quae
1035 2831 1069 2862 in
1091 2832 1208 2863 medio
1230 2831 1389 2863 paradisi
1406 2831 1519 2874 (Apoc.
1538 2832 1570 2864 ii.
1591 2832 1643 2872 7);

268 2934 388 2988 quod
426 2947 588 2988 nempe
629 2935 686 2976 sit
732 2936 1017 2989 appropriare
1055 2936 1137 2977 sibi
1173 2937 1312 2978 vitam
1350 2937 1618 2979 caelestem:
1659 2943 1756 2979 tum
