1962 3334
226 309 240 338 1
250 298 330 350 328
633 302 966 336 APOCALYPSIS
997 300 1298 333 EXPLICATA.

220 419 354 460 animi
381 425 426 460 et
454 418 620 459 mentis
643 422 762 465 sunt,
787 415 1022 456 conclavia
1045 413 1276 464 similiter;
1309 418 1355 454 et
1379 412 1541 465 januae
1563 426 1710 454 corre-

220 482 446 536 spondent
493 479 978 522 communicationibus
1024 491 1137 531 quae
1183 483 1288 517 sunt
1334 477 1452 517 inter
1496 477 1710 517 interiora

219 546 384 586 mentis
411 552 456 585 et
483 544 632 592 animi,
657 549 703 584 et
730 543 869 583 clavis
891 540 1217 594 correspondet
1240 540 1501 579 admissioni
1528 545 1573 579 et
1601 553 1708 592 ape-

219 609 369 649 ritioni
401 608 457 648 ab
484 621 570 647 una
598 613 725 660 parte
752 608 795 646 in
823 605 1042 653 alteram;
1075 603 1228 650 verbo,
1258 601 1436 655 singula
1462 602 1637 649 domus,
1665 602 1708 641 in

219 685 306 725 qua
328 671 538 711 habitant
557 670 708 722 angeli
727 676 773 709 et
796 669 992 721 spiritus,
1013 665 1371 719 correspondent
1390 663 1578 716 singulis
1595 677 1710 717 quae

220 735 263 773 in
286 733 386 773 illis.
449 733 582 773 Pauci
605 747 663 772 ex
682 731 911 785 spiritibus
934 730 978 770 id
1005 735 1185 777 norunt,
1211 742 1270 768 ex
1294 741 1429 768 causa
1455 728 1558 780 quia
1581 727 1721 780 pauci.

221 797 366 836 sciunt
391 796 555 849 aliquid
575 796 630 835 de
654 793 1091 846 correspondentiis;
1124 797 1228 831 sunt
1247 791 1365 831 enim
1388 791 1431 830 in
1454 789 1555 838 illis,
1573 803 1711 843 quare

221 872 311 899 non
342 857 577 899 reflectunt
610 871 741 911 super
772 856 861 897 illa.
925 854 981 896 Se
1013 854 1155 909 habet
1190 853 1276 894 hoc
1315 854 1429 893 sicut
1467 854 1510 893 in
1542 853 1711 893 mundo

220 922 337 975 apud
370 922 589 969 homines,
624 920 743 974 quod
780 919 908 972 pauci
945 919 1090 958 sciant
1128 916 1283 970 quales
1315 922 1419 956 sunt
1452 914 1711 956 affectiones

220 991 266 1025 et
299 986 600 1038 cogitationes
627 997 746 1031 suae,
775 983 877 1035 quia
903 987 1007 1021 sunt
1034 981 1079 1020 in
1104 980 1206 1028 illis,
1235 986 1280 1020 et
1309 979 1413 1019 inde
1439 992 1530 1019 non
1556 978 1710 1019 reflec-

221 1055 324 1089 tunt
357 1062 489 1101 super
514 1048 641 1098 illas;
680 1059 780 1087 cum
813 1052 968 1086 tamen
1000 1050 1104 1084 sunt
1137 1042 1493 1090 innumerabilia,
1521 1048 1570 1082 ut
1602 1055 1711 1082 con-

221 1118 341 1152 stare
365 1117 518 1164 potest
546 1124 604 1150 ex
629 1109 883 1161 analyticis,
909 1121 1022 1161 quae
1049 1121 1074 1147 a
1100 1106 1298 1160 pluribus
1322 1106 1507 1146 eruditis
1530 1103 1713 1145 detecta

221 1181 339 1222 sunt,
374 1188 487 1227 quae
519 1173 669 1214 omnia
701 1178 806 1212 sunt
838 1171 1126 1224 operationes
1158 1169 1336 1210 mentis.
1399 1168 1474 1208 Ex
1511 1167 1580 1208 his
1611 1168 1711 1208 sciri

221 1244 374 1291 potest
402 1238 519 1277 unde
546 1243 615 1277 est
642 1235 762 1289 quod
784 1235 960 1275 dicatur
985 1232 1202 1281 “clavis,''
1226 1238 1271 1272 et
1294 1232 1413 1285 quod
1440 1230 1518 1271 illa
1540 1229 1710 1282 signifi-

176 1340 177 1343 ,
222 1307 295 1342 cet
327 1301 647 1341 admissionem
680 1304 725 1338 et
763 1297 1074 1350 aperitionem.
1136 1294 1351 1336 Similiter
1382 1293 1487 1335 alibi
1519 1294 1562 1334 in
1595 1292 1711 1333 Ver-

221 1365 279 1405 bo
295 1363 432 1405 :—Ut
459 1362 576 1416 apud
602 1360 895 1409 spsattlcaeum,

311 1463 415 1505 Jesus
433 1462 522 1493 dixit
541 1461 658 1498 Petro,
683 1461 704 1474 “
717 1460 822 1491 Dabo
839 1459 905 1490 tibi
922 1459 1041 1490 claves
1059 1458 1160 1498 regni
1178 1457 1358 1489 caelorum
1370 1455 1388 1467 ’⁹
1405 1455 1489 1495 (xvi.
1513 1454 1586 1496 19);

224 1560 326 1597 (quod
349 1559 540 1596 explicatum
564 1558 709 1586 videatur
731 1566 836 1594 supra,
860 1565 891 1585 n.
917 1544 1034 1593 2062)
1075 1550 1171 1585 tum
1210 1543 1329 1596 apud
1363 1542 1553 1582 Esaiam
1591 1540 1709 1594 (cap.

224 1609 336 1649 XXll.
362 1608 466 1656 ⁰³20,
486 1607 578 1660 22),
605 1607 679 1646 ubl
702 1606 757 1646 de
785 1605 1015 1646 EllaklmO
1041 1604 1185 1645 Simile
1208 1604 1373 1643 dlCltur
1391 1612 1600 1651 (quodetiam
1615 1611 1713 1649 expli-

222 1685 327 1709 catum
343 1683 388 1708 est
403 1688 507 1716 supra,
524 1687 554 1707 n.
572 1666 669 1716 206)
688 1680 695 1706 Ζ
729 1673 778 1707 Ut
803 1672 850 1706 et
876 1666 919 1706 in
944 1664 1236 1717 Apocalypsi,

517 1764 538 1776 ‘¹
552 1762 628 1801 Ego
646 1761 764 1792 habeo
782 1760 902 1792 claves
921 1759 1053 1791 inferni
1072 1765 1107 1790 et
1124 1759 1251 1790 mortis
1262 1757 1280 1770 ”
1294 1757 1331 1798 (i.
1350 1757 1423 1798 18);

226 1860 280 1895 (de
299 1868 364 1896 quo
377 1867 481 1896 supra,
498 1867 528 1887 n.
547 1846 601 1887 86
614 1858 635 1895 1)
667 1846 791 1895 alibi,

289 1934 308 1947 ‘⁴
322 1932 421 1963 Haec
439 1932 523 1963 dicit
543 1929 696 1963 Sanctus
714 1931 840 1968 Verus,
861 1930 999 1961 habens
1019 1929 1157 1960 clavem
1179 1928 1340 1964 Davidis‚
1358 1927 1525 1967 aperiens
1545 1932 1580 1958 et
1604 1935 1714 1958 nemo

396 1975 541 2013 claudit,
559 1981 594 2006 et
611 1975 782 2006 claudens
799 1981 834 2005 et
852 1983 959 2005 nemo
977 1972 1120 2013 aperit”
1133 1972 1247 2013 (Apoc.
1266 1972 1314 2003 iii.
1330 1972 1362 2011 7)
1378 1981 1385 2010 ;

224 2073 278 2110 (de
301 2072 417 2109 quibus
435 2080 540 2108 supra,
557 2080 587 2100 n.
606 2069 699 2112 205,
717 2059 834 2108 206:)
866 2065 912 2099 et
938 2058 1060 2107 211le

293 2149 408 2181 “Vidi
433 2149 601 2189 angelum
619 2148 897 2179 descendentem
922 2158 940 2179 e
965 2147 1078 2184 caelo,
1099 2146 1158 2187 qui
1181 2146 1338 2177 habebat
1361 2145 1499 2176 clavem
1523 2143 1657 2184 abyssi,
1677 2148 1714 2174 et

398 2199 561 2224 catenam
577 2202 744 2232 magnam
757 2202 863 2231 super
875 2201 983 2222 manu
994 2201 1070 2228 sua,
1085 2197 1120 2221 et
1133 2188 1404 2230 comprehendit
1416 2189 1622 2228 draconem,
1633 2211 1640 2218 .
1655 2211 1663 2218 .
1675 2210 1684 2218 .
1698 2210 1707 2219 .

397 2243 432 2267 et
448 2236 561 2267 vinxit
578 2236 678 2266 illum
696 2236 792 2266 mille
810 2234 942 2266 annis'’
957 2234 1028 2275 (xx.
1048 2243 1076 2272 1,
1094 2242 1146 2274 2);

225 2335 322 2372 (quae
338 2334 369 2362 in
384 2334 590 2370 sequentibus
605 2332 881 2371 explicabuntur:)
912 2327 958 2362 et
985 2321 1105 2374 apud
1129 2320 1310 2368 Lucam,

293 2412 400 2443 “Vae
417 2412 520 2442 vobis
540 2411 768 2451 legisperitis,
791 2409 908 2451 [²]quia
927 2410 1079 2450 portatis
1104 2409 1223 2440 claves
1248 2407 1349 2445 caeli,
1370 2406 1439 2447 ipsi
1464 2416 1538 2438 non
1560 2404 1716 2446 ingredi-

399 2455 499 2493 mini,
519 2461 554 2486 et
571 2455 813 2494 ingredientes
830 2453 1054 2494 prohibetis'’
1069 2453 1128 2494 (xi.
1144 2454 1217 2492 52):

227 2554 542 2607 “legisperiti'’
570 2552 677 2594 dicti
708 2553 884 2594 fuerunt
911 2553 984 2606 qui
1017 2551 1206 2593 scrutati
1238 2556 1342 2590 sunt
1370 2548 1638 2602 Scripturas,
1666 2554 1713 2589 et

226 2619 475 2659 docuerunt
508 2617 738 2670 quomodo
770 2617 1070 2669 intelligenda
1106 2621 1210 2655 sunt
1248 2627 1361 2667 quae
1399 2613 1484 2662 ibi;
1527 2618 1573 2653 et
1611 2613 1714 2665 quia

226 2680 455 2734 Scriptura
481 2679 617 2720 Sacra
639 2694 717 2720 seu
733 2679 934 2720 Verbum
958 2685 1027 2719 est
1051 2692 1129 2732 per
1151 2677 1270 2731 quod
1294 2675 1645 2717 communicatio
1667 2681 1712 2715 et

224 2745 328 2785 inde
351 2741 606 2796 conjunctio
629 2749 699 2783 est
726 2756 827 2783 cum
850 2742 991 2790 caelo,
1016 2748 1064 2782 ut
1088 2742 1131 2781 in
1154 2754 1262 2780 mox
1287 2739 1500 2792 superiori
1523 2736 1714 2778 articulo

226 2805 394 2847 dietum
421 2813 505 2854 est,
534 2812 580 2847 et
613 2806 716 2859 quia
747 2819 853 2846 vera
885 2811 989 2845 sunt
1022 2818 1136 2858 quae
1168 2803 1373 2856 aperiunt
1406 2800 1713 2842 communica-

226 2871 398 2911 tionem
425 2876 471 2910 et
503 2870 622 2910 bona
653 2870 746 2909 veri
778 2883 891 2922 quae
923 2869 1091 2909 faciunt
1124 2864 1500 2919 conjunctionem,
1529 2869 1576 2904 at
1607 2876 1710 2903 vera

227 2933 475 2982 falsificata,
503 2946 617 2986 quae
643 2933 687 2972 in
719 2946 766 2972 se
793 2938 897 2972 sunt
924 2930 1036 2972 falsa
1062 2930 1181 2979 mali,
1208 2942 1323 2982 quae
1351 2924 1710 2980 disjunffionem,
