1962 3334
277 263 384 317 1584
686 271 1018 306 APOCALYPSIS
1050 273 1350 307 EXPLICATA.

341 386 470 418 “Dixit
493 385 607 418 Amos
630 386 672 418 ad
694 385 880 418 Amaziam
885 411 996 425 ......
1005 387 1154 428 Accepit
1177 397 1233 419 me
1258 387 1421 429 Jehovah
1442 394 1523 428 post
1542 397 1700 428 gregem,
1724 393 1760 420 et

446 429 550 461 dixit.
566 455 573 462 .
587 455 594 462 .
610 454 633 468 .,
651 429 732 468 Abi,
752 431 928 471 propheta
947 437 1073 462 contra
1097 432 1267 472 populum
1293 441 1411 463 meum
1439 431 1610 463 Israelem
1626 441 1648 467 ς.
1665 456 1672 463 .
1686 457 1693 464 .
1708 438 1760 463 .et

446 479 483 505 tu
500 472 598 511 dicis,
619 474 672 505 Ne
687 474 862 514 propheta
878 481 1004 506 contra
1023 475 1204 511 Israelem,
1224 485 1339 515 neque
1356 475 1452 506 stilla
1469 482 1595 506 contra
1611 475 1759 506 domum

445 516 605 559 Jischaki
621 529 645 549 :.
661 542 667 549 .
682 528 810 549 ..uxor
830 524 892 549 tua
915 518 951 549 in
977 519 1063 549 urbe
1088 519 1313 556 scortabitur,
1339 518 1400 549 filii
1425 518 1474 549 tui
1499 525 1534 549 et
1558 518 1652 549 filiae
1676 525 1760 550 tuae

445 561 565 601 gladio
586 561 724 600 cadent,
743 571 783 592 ac
800 567 896 593 terra
911 568 973 593 tua
989 562 1073 593 fune
1090 562 1296 593 dividetur'’
1313 562 1386 602 (vii.
1406 559 1491 603 [14,]
1514 561 1651 602 15—17);

272 663 351 703 per
375 649 690 703 “prophetare
717 656 878 691 contra
905 650 1160 699 Israelem,''
1183 657 1229 691 et
1255 650 1466 692 “stillare
1492 657 1652 692 contra
1677 651 1759 692 do-

273 725 394 752 mum
415 712 654 765 jischaki,’'
672 712 952 765 significatur
975 714 1245 766 redarguere
1268 713 1370 754 illos
1397 714 1470 767 qui
1493 713 1550 754 ab
1567 713 1761 755 ecclesia

271 775 315 814 in
338 775 459 815 falsis
483 775 588 816 mali
611 782 742 826 sunt;
779 775 1092 829 “prophetare
1106 775 1124 790 ’'
1147 775 1372 829 significat
1395 777 1559 817 docere
1584 782 1630 817 et
1657 776 1759 817 red-

273 851 475 890 arguere,
523 852 574 879 ac
625 838 803 879 “Israel
816 838 835 853 '¹
881 845 927 879 et
976 839 1177 879 “domus
1225 838 1455 891 Jischaki'‘
1501 838 1760 892 significant

273 900 540 950 ecclesiam;
579 901 791 954 quoniam
819 900 930 941 falsa
963 901 1068 942 mali
1101 908 1205 942 sunt
1232 902 1391 955 quibus
1417 901 1758 954 redarguentur,

272 964 434 1005 dicitur
465 964 522 1004 ad
550 963 804 1013 Amaziam,
833 978 911 1018 per
942 978 1075 1018 quern
1107 965 1536 1018 repraesentabatur
1568 965 1761 1005 ecclesia

273 1040 509 1080 perversa:
549 1027 669 1080 quod
704 1031 859 1068 “uxor
890 1026 983 1080 ejus
1015 1027 1321 1068 scortabitur‘'
1354 1027 1577 1080 significat
1599 1026 1760 1068 -salsifi-

272 1090 500 1130 cationem
537 1096 584 1130 et
621 1089 1009 1131 adulterationem
1042 1090 1210 1140 Verbi;
1254 1090 1375 1144 quod
1410 1090 1526 1130 “filii
1563 1096 1609 1131 et
1645 1089 1761 1130 filiae

272 1151 426 1205 gladio
452 1152 652 1193 cadent”
679 1151 905 1205 significat
932 1153 1052 1206 quod
1079 1167 1185 1194 vera
1212 1160 1257 1194 et
1290 1153 1410 1193 bona
1436 1152 1656 1194 ecclesiae
1682 1166 1760 1206 pe-

270 1217 409 1257 ritura
431 1217 520 1257 sint
553 1230 631 1269 per
662 1216 773 1256 salsa
800 1216 932 1266 mali3
971 1223 1017 1257 et
1044 1217 1163 1270 quod
1193 1220 1352 1257 “terra
1377 1216 1479 1257 fune
1506 1215 1762 1256 dividetur''

271 1278 497 1332 significat
530 1279 650 1332 quod
683 1279 877 1320 ecclesia
902 1286 948 1320 et
976 1293 1111 1320 omne
1138 1279 1231 1332 ejus
1258 1280 1560 1332 dissipabitur.
1622 1278 1761 1332 Apud

272 1342 533 1391 Hosclzeam,

340 1432 358 1445 ‘¹
373 1430 441 1462 Per
458 1431 670 1471 prophetam
687 1431 882 1463 ascendere
903 1431 986 1462 fecit
1002 1431 1166 1473 Jehovah
1186 1431 1357 1463 Israelem
1375 1441 1419 1463 ex
1443 1431 1621 1472 Aegypto,
1639 1437 1675 1462 et
1699 1441 1763 1471 per

446 1475 657 1515 prophetam
676 1475 875 1506 custoditus
892 1482 967 1511 est;
997 1475 1207 1515 provocavit
1227 1475 1273 1506 ad
1293 1476 1382 1506 iram
1406 1475 1574 1515 Ephraim
1592 1475 1763 1506 amaritu-

445 1519 597 1556 dinibus,
613 1519 693 1550 ideo
711 1519 907 1559 sanguines
922 1518 1001 1559 ejus
1015 1528 1121 1559 super
1137 1529 1181 1550 eo
1199 1519 1377 1560 relinquet
1388 1518 1407 1530 '’
1421 1518 1492 1559 (xii.
1513 1527 1562 1557 14,
1583 1526 1621 1557 15
1643 1517 1701 1560 [B.
1715 1519 1761 1551 A.

448 1570 497 1601 13,
518 1560 607 1603 14]):

272 1662 350 1702 per
377 1648 720 1702 “prophetam'’
742 1648 813 1689 hic
841 1649 883 1689 in
911 1662 1044 1689 sensu
1067 1649 1276 1702 proximo
1299 1648 1568 1702 intelligitur
1591 1648 1759 1698 Moses,

273 1727 351 1766 per
377 1725 510 1766 quem
539 1712 677 1752 Israel
701 1710 887 1753 eductus
910 1718 980 1752 est
1008 1727 1067 1752 ex
1095 1712 1331 1765 Aegypto,
1357 1719 1402 1753 et
1429 1713 1533 1753 dein
1558 1712 1759 1753 custodi-

275 1782 374 1825 tus;
413 1775 492 1815 sed
525 1775 570 1815 in
597 1788 731 1815 sensu
764 1775 983 1828 spirituali
1016 1789 1095 1828 per
1123 1775 1465 1828 “prophetam'’
1491 1774 1762 1828 intelligitur

274 1839 495 1879 Dominus
521 1838 671 1891 quoad
698 1837 916 1886 Verbum,
946 1844 992 1879 et
1026 1852 1104 1891 per
1129 1842 1153 1858 “
1171 1837 1419 1878 Israelem”
1445 1837 1763 1891 intelliguntur

273 1915 431 1942 omnes
471 1902 544 1955 qui
586 1901 643 1941 ab
683 1900 878 1941 ecclesia
922 1901 966 1941 in
1007 1902 1123 1941 veris
1170 1915 1229 1942 ex
1271 1901 1393 1941 bono
1434 1907 1552 1950 sunt,
1596 1907 1642 1941 et
1683 1914 1761 1954 per

275 1964 583 2017 “Aegyptum
603 1963 622 1979 ”
662 1963 931 2017 intelligitur
968 1963 1185 2004 naturalis
1223 1963 1376 2012 homo,
1415 1965 1488 2017 qui
1525 1971 1761 2018 separatus

272 2041 297 2067 a
329 2026 548 2080 spirituali
581 2026 764 2067 homine
790 2033 861 2067 est
893 2026 1164 2077 damnatus;
1203 2027 1307 2067 inde
1337 2027 1457 2067 “Per
1489 2027 1761 2080 prophetam
1802 2077 1808 2085 .

272 2090 518 2130 ascendere
545 2089 651 2130 fecit
681 2089 890 2142 Jehovah
919 2089 1133 2130 Israelem
1162 2103 1221 2129 ex
1249 2089 1511 2142 Aegypto,”
1537 2088 1762 2142 significat

275 2153 394 2206 quod
422 2153 644 2193 Dominus
671 2151 773 2192 illos
805 2153 878 2205 qui
910 2152 953 2192 in
986 2153 1102 2192 veris
1135 2166 1193 2193 ex
1226 2152 1348 2192 bono
1374 2158 1479 2192 sunt
1507 2152 1670 2192 educat
1703 2166 1761 2192 ex

274 2216 569 2256 damnatione
602 2229 680 2269 per
712 2215 924 2255 Divinum
953 2214 1124 2255 Verum
1156 2215 1276 2268 quod
1308 2221 1379 2255 est
1412 2214 1629 2263 Verbum,
1664 2221 1760 2256 tum

273 2279 392 2333 quod
425 2293 503 2332 per
534 2278 644 2318 illud
676 2278 933 2318 custodiat:
970 2278 1277 2318 “Provocavit
1310 2277 1367 2317 ad
1399 2277 1509 2317 iram
1542 2277 1760 2331 Ephraim

273 2340 676 2382 amaritudinibus”
694 2339 918 2394 significat
937 2340 1056 2394 quod
1075 2341 1373 2393 perverterint
1388 2340 1591 2381 Verbum
1610 2341 1758 2394 quoad

272 2402 555 2445 intellectum
592 2403 711 2456 ejus;
755 2417 834 2457 per
868 2403 1156 2456 “Ephraim”
1188 2402 1466 2456 significatur
1502 2402 1761 2444 intellectus

275 2467 429 2515 Verbi,
470 2473 516 2507 et
563 2481 641 2520 per
676 2466 1071 2507 “amaritudines’‘
1103 2465 1416 2519 significantur
1451 2467 1762 2519 perversiones

273 2537 319 2571 et
352 2530 455 2570 inde
487 2529 725 2577 falsitates,
755 2543 813 2570 ex
846 2529 1004 2582 quibus
1036 2528 1300 2581 injucunda:
1343 2529 1485 2570 “ideo
1517 2530 1761 2582 sanguines

274 2593 366 2646 ejus
398 2606 530 2646 super
562 2607 615 2633 eo
648 2592 872 2646 relinquet
886 2592 904 2607 '’
937 2591 1163 2645 significat
1196 2593 1538 2633 damnationem
1572 2599 1758 2646 propter

274 2655 655 2697 adulterationem
682 2656 774 2696 veri
800 2655 920 2709 quod
946 2656 990 2695 in
1018 2655 1184 2696 Verbo.
1248 2655 1385 2708 Apud
1412 2656 1620 2705 eundem,

341 2745 554 2777 “Venerunt
581 2745 659 2776 dies
688 2744 917 2782 visitationis,
942 2750 1121 2776 venerunt
1149 2745 1226 2776 dies
1255 2744 1509 2782 retributionis,
1535 2751 1758 2784 cognoscent

449 2789 570 2826 Israel,
591 2789 719 2819 stultus
740 2789 916 2828 propheta
934 2795 970 2819 et
989 2787 1137 2820 insanus
1158 2789 1210 2819 vir
1229 2789 1383 2828 spiritus,
1402 2789 1457 2819 hic
1477 2795 1622 2828 propter
1638 2789 1758 2820 multi-

447 2832 608 2864 tudinem
621 2832 835 2872 iniquitatis.
850 2838 900 2863 .et
917 2841 1087 2872 magnum
1100 2832 1243 2867 odium:
1269 2832 1473 2871 speculator
1485 2831 1654 2871 Ephraim
1672 2841 1754 2863 cum

450 2876 527 2907 Deo
548 2885 639 2912 meo,
661 2876 835 2915 propheta
855 2875 1001 2916 laqueus
1021 2876 1167 2916 aucupis
1188 2876 1223 2906 in
1245 2875 1412 2906 omnibus
1432 2875 1499 2906 viis
1520 2875 1608 2916 ejus,
1629 2875 1755 2906 odium

449 2920 486 2951 in
506 2919 615 2951 domo
635 2918 701 2950 Dei
718 2918 796 2960 ejus
807 2918 824 2930 '’
842 2918 900 2958 (ix.
920 2926 947 2958 7,
967 2919 1017 2959 8):
