1962 3334
250 283 358 327 1900
658 283 990 316 APOCALYPSIS
1023 284 1321 316 EXPLICATA.

244 393 400 447 ligitur
432 394 550 448 quod
583 393 793 448 pacturus
826 396 883 436 sit
916 409 1017 452 cum
1041 392 1150 436 ‘filiis
1180 396 1358 437 Israelis
1390 402 1435 437 et
1469 409 1568 436 cum
1594 395 1731 449 Jehu-

245 457 318 505 da,
352 458 431 497 sed
471 471 570 497 cum
604 458 812 498 omnibus
849 459 922 511 qui
959 459 1003 498 in
1035 460 1150 499 veris
1183 457 1416 499 doctrinae
1448 466 1494 499 et
1531 460 1575 499 in
1611 459 1733 499 bono

245 521 410 559 amoris
443 520 486 560 in
520 520 765 560 Dominum
792 535 818 561 a
846 520 1043 561 Domino
1075 527 1207 571 sunt3
1246 522 1365 574 quod
1397 521 1441 561 hi
1474 535 1552 574 per
1581 520 1732 562 “filios

246 581 425 622 Israelis
439 582 458 597 ''
484 589 530 623 et
558 596 635 636 per
660 583 951 635 “Jehudam''
974 584 1016 623 in
1045 583 1199 624 Verbo
1225 583 1554 636 intelligantur,
1578 583 1731 624 videa-

245 649 318 683 tur
342 657 477 696 supra
504 653 549 691 (n.
564 654 691 694 433);
729 645 849 696 quod
876 658 954 696 per
983 644 1122 684 “dies
1147 646 1384 685 venientes
1403 644 1421 659 '¹
1447 644 1733 697 intelligatur

247 705 472 744 adventus
513 704 709 752 Domini,
750 711 904 757 patet:
949 706 1068 758 quod
1106 704 1362 757 conjunctio
1399 718 1498 745 cum
1537 705 1734 746 Domino

247 774 355 807 tunc
379 767 528 807 futura
551 768 609 807 sit
637 781 715 820 per
739 767 950 807 Divinum
975 768 1144 808 Verum
1168 769 1394 808 internum
1417 775 1462 808 et
1486 767 1731 821 spirituale,

245 830 516 883 intelligitur
558 844 636 883 per
678 830 806 878 haec,
854 830 994 871 “Hoc
1036 831 1192 871 foedus
1233 831 1352 884 quod
1395 844 1591 883 pangam
1633 843 1732 871 cum

245 893 382 932 domo
410 892 589 933 Israelis
616 899 720 945 post
748 893 843 933 dies
871 893 981 943 hos;
1021 893 1139 933 dabo
1166 893 1315 946 legem
1341 906 1488 933 meam
1515 894 1558 933 in
1585 893 1734 933 medio

244 968 412 1003 eorum,
433 961 479 996 et
503 969 636 1008 super
654 969 730 995 cor
748 955 925 996 illorum
951 956 1143 996 scribam
1166 956 1289 995 illam
1309 955 1342 1006 ;''
1364 970 1442 1009 per
1459 970 1573 1009 quae
1595 957 1732 1009 signi-

244 1016 404 1058 ficatur
436 1018 555 1071 quod
589 1019 814 1071 recepturi
842 1018 1055 1058 Divinum
1086 1018 1257 1058 Verum
1291 1019 1410 1058 intus
1442 1019 1485 1058 in
1518 1032 1565 1058 se
1583 1032 1601 1068 ;,
1630 1031 1734 1058 nam

247 1079 460 1121 Divinum
488 1080 660 1122 Verum
689 1080 922 1133 spirituale
949 1082 1163 1134 recipitur
1193 1082 1314 1121 intus
1346 1081 1403 1121 ab
1429 1080 1624 1128 homine,
1653 1080 1733 1120 ali-

245 1150 315 1183 ter
351 1156 485 1197 quarn
522 1144 640 1196 apud
678 1143 793 1184 filios
833 1144 1012 1184 Israelis
1045 1150 1090 1184 et
1121 1144 1331 1196 Judaeos,
1365 1144 1439 1196 qui
1469 1150 1734 1196 receperunt

244 1206 355 1246 illud
388 1207 445 1246 ab
477 1213 638 1257 extra;
682 1219 785 1246 nam
819 1219 920 1246 cum
953 1207 1090 1246 homo
1124 1206 1336 1246 Divinum
1370 1205 1540 1246 Verum
1572 1207 1733 1258 recipit

244 1271 363 1310 intra
390 1284 451 1319 se,
480 1269 565 1310 hoc
593 1275 678 1317 est,
706 1269 811 1309 facit
839 1269 948 1309 illud
977 1270 1143 1309 amoris
1170 1270 1235 1309 sui
1262 1275 1307 1309 et
1334 1270 1438 1309 inde
1464 1270 1585 1309 vitae
1612 1282 1732 1315 suae,

246 1339 352 1373 tunc
377 1333 516 1373 scitur
537 1345 691 1372 verum
715 1346 773 1372 ex
797 1332 894 1384 ipso
917 1346 1036 1380 vero,
1059 1333 1272 1385 quoniam
1297 1332 1517 1372 Dominus
1540 1333 1583 1371 in
1606 1344 1734 1371 suum

245 1408 399 1435 verum
438 1395 557 1448 apud
594 1394 824 1434 hominem
862 1394 1004 1434 influit
1047 1401 1093 1434 et
1132 1395 1294 1444 docet;
1342 1393 1426 1434 hoc
1464 1394 1735 1446 intelligitur

245 1471 325 1510 per
350 1457 461 1497 haec
489 1457 639 1503 verba,
672 1457 818 1497 “Non
845 1457 1073 1497 docebunt
1101 1456 1292 1510 amplius
1318 1458 1383 1496 vir
1410 1457 1579 1497 socium
1606 1469 1733 1496 suum

245 1533 296 1560 ac
320 1521 386 1560 vir
407 1520 591 1560 fratrem
611 1533 752 1566 suum,
774 1520 980 1568 dicendo,
1002 1519 1278 1572 Cognoscite
1295 1519 1516 1571 Jehovam
1534 1533 1543 1569 ;
1576 1531 1734 1559 omnes

246 1584 364 1624 enirn
388 1589 670 1636 cognoscent
696 1581 769 1622 Me
796 1596 822 1622 a
849 1583 1034 1622 minimo
1058 1596 1195 1635 usque
1222 1582 1278 1621 ad
1305 1582 1554 1621 maximum
1571 1581 1605 1621 :’'
1636 1582 1733 1634 ipsa

245 1644 503 1699 conjunctio
534 1659 613 1699 per
644 1646 702 1693 id,
737 1659 850 1698 quae
882 1644 1160 1698 significatur
1191 1658 1270 1697 per
1298 1644 1503 1700 “foedus
1526 1643 1732 1688 novum.''

247 1709 518 1761 intelligitur
549 1722 628 1762 per
657 1708 787 1748 “Ero
819 1707 907 1748 illis
940 1709 983 1747 in
1018 1707 1181 1756 Deum,
1210 1713 1255 1747 et
1288 1706 1352 1747 illi
1383 1701 1514 1747 erunt
1548 1706 1659 1746 Mihi
1690 1707 1733 1746 in

245 1771 497 1825 populum.’'
558 1771 695 1824 Apud
723 1771 931 1818 eundem,

312 1860 453 1891 “Erunt
472 1859 561 1891 Mihi
579 1860 613 1890 in
632 1860 813 1900 populum,
828 1866 863 1890 et
878 1859 954 1899 Ego
971 1869 1032 1890 ero
1050 1859 1118 1890 illis
1136 1859 1171 1890 in
1188 1859 1313 1897 Deum,
1327 1865 1362 1890 et
1379 1859 1471 1890 dabo
1489 1858 1531 1890 iis
1549 1868 1609 1889 cor
1625 1868 1734 1889 unum

419 1910 454 1934 et
478 1904 572 1934 viam
597 1913 716 1941 unam,
741 1904 785 1934 ad
811 1903 1007 1934 timendum
1035 1903 1095 1933 Me
1124 1903 1288 1934 omnibus
1313 1903 1437 1933 diebus
1453 1911 1476 1939 ς.
1492 1908 1585 1934 ...et
1609 1902 1734 1933 feriam

420 1947 488 1978 illis
510 1947 636 1978 foedus
656 1954 851 1984 aeternum,
873 1947 966 1987 quod
987 1957 1059 1977 non
1079 1956 1268 1977 aversurus
1291 1945 1350 1976 Me
1374 1946 1440 1976 sim
1466 1955 1487 1976 a
1506 1952 1587 1985 post
1606 1955 1678 1983 eos,
1698 1953 1736 1976 ut

418 1990 638 2022 benefaciam
657 1991 708 2028 iis,
726 1997 760 2021 et
778 1991 942 2021 timorem
962 1999 1078 2021 meum
1097 1990 1189 2020 dabo
1209 1990 1245 2020 in
1266 1999 1325 2020 cor
1342 1999 1475 2027 eorum,
1492 1995 1531 2020 ut
1549 1999 1621 2019 non
1640 1998 1735 2020 rece-

421 2035 507 2065 dant
524 2035 568 2065 ab
585 2035 679 2074 apud
699 2033 759 2064 Me
772 2033 789 2044 ”
807 2034 927 2073 (xxxii.
947 2034 1086 2073 38-40):

244 2118 356 2158 haec
395 2117 535 2157 etiam
573 2117 629 2157 de
668 2117 880 2164 Domino,
915 2123 961 2157 et
999 2116 1054 2156 de
1092 2129 1210 2156 novo
1247 2115 1426 2156 foedere
1462 2128 1563 2155 cum
1601 2115 1733 2168 Ipso;

245 2178 504 2232 conjunctio
537 2194 614 2233 per
645 2180 687 2220 id
721 2179 993 2232 intelligitur
1029 2193 1107 2232 per
1141 2178 1272 2219 “Ero
1309 2178 1395 2218 illis
1432 2179 1476 2218 in
1509 2178 1655 2218 Deum
1687 2185 1733 2218 et

243 2252 374 2286 erunt
408 2245 522 2285 Mihi
554 2246 598 2285 in
631 2244 887 2298 popu-lum,”
915 2251 960 2285 et
988 2244 1175 2285 ulterius
1207 2244 1474 2284 describitur
1505 2257 1583 2295 per
1614 2243 1733 2296 quod

247 2309 473 2349 “daturus
500 2310 550 2348 iis
574 2322 650 2348 cor
673 2321 808 2348 unum
837 2314 883 2348 et
906 2308 1025 2348 viam
1048 2318 1196 2355 unam,
1222 2307 1278 2347 ad
1306 2306 1557 2347 timendum
1581 2306 1733 2358 Ipsum

243 2371 453 2410 omnibus
485 2369 684 2418 diebus,”
715 2376 761 2410 et
792 2370 913 2422 quod
947 2374 1076 2409 “non
1108 2382 1344 2408 aversurus
1380 2368 1438 2407 sit
1474 2366 1532 2407 Se
1567 2380 1592 2406 a
1627 2373 1733 2419 post

242 2432 386 2481 illos,’‘
417 2439 463 2473 et
499 2434 620 2486 quod
654 2433 904 2472 “timorem
940 2432 1128 2472 daturus
1163 2432 1207 2471 in
1243 2443 1320 2470 cor
1355 2443 1525 2478 eorum,
1557 2436 1605 2470 ut
1642 2443 1732 2470 non

241 2495 461 2536 recedant
486 2495 544 2535 ab
569 2495 688 2548 apud
716 2495 869 2548 Ipsum
890 2494 923 2544 ;”
955 2508 1033 2547 per
1062 2498 1177 2533 “cor
1203 2492 1371 2532 unum'’
1397 2498 1443 2532 et
1470 2506 1549 2545 per
1577 2493 1732 2532 “viam

242 2571 378 2598 unam
405 2558 461 2598 ad
483 2558 738 2598 timendum
766 2556 882 2605 Me‚'’
904 2556 1182 2609 significatur
1204 2568 1291 2595 una
1313 2555 1527 2594 voluntas
1553 2554 1660 2594 boni
1685 2560 1731 2593 et

242 2634 355 2661 unus
386 2619 647 2660 intellectus
678 2621 772 2660 veri
802 2619 860 2659 ad
891 2619 1136 2659 colendum
1169 2618 1442 2667 Dominum;
1482 2617 1586 2670 quia
1621 2630 1730 2657 con-

237 2683 410 2735 junctio
445 2683 676 2735 reciproca
712 2689 796 2729 est,
835 2682 1019 2722 Domini
1055 2694 1157 2721 cum
1193 2680 1294 2728 illis,
1332 2686 1378 2720 et
1413 2679 1593 2719 illorum
1629 2691 1729 2719 cum

243 2746 456 2793 Domino,
484 2745 649 2784 dicitur
674 2745 795 2797 quod
825 2748 954 2783 “non
980 2757 1218 2783 aversurus
1248 2743 1306 2782 sit
1337 2741 1394 2782 Se
1425 2755 1451 2781 a
1481 2747 1585 2794 post
1611 2740 1728 2786 illos,

241 2814 290 2850 ut
318 2807 598 2848 benefaciam
625 2806 716 2854 iis,”
743 2813 789 2846 et
820 2806 941 2859 quod
971 2810 1101 2845 “non
1132 2805 1350 2844 recedent
1382 2804 1439 2843 ab
1464 2803 1582 2856 apud
1615 2802 1729 2842 Me.'’

242 2870 355 2910 Inde
395 2875 524 2923 patet
564 2869 669 2922 quid
710 2883 788 2922 per
826 2868 1025 2908 “foedus
1065 2866 1341 2914 aeternum‚”
1381 2866 1500 2919 quod
1540 2866 1728 2905 initurus

240 2939 312 2974 est
343 2946 443 2974 cum
475 2932 578 2982 illis,
606 2931 900 2984 significatur,
929 2943 1092 2983 nempe
1123 2928 1381 2982 conjunctio
1409 2942 1488 2981 per
1514 2928 1727 2968 Divinum
