<?xml version="1.0" encoding="UTF-8"?>
<!DOCTYPE html PUBLIC "-//W3C//DTD XHTML 1.0 Transitional//EN"
    "http://www.w3.org/TR/xhtml1/DTD/xhtml1-transitional.dtd">
<html xmlns="http://www.w3.org/1999/xhtml" xml:lang="en" lang="en">
 <head>
  <title>
</title>
<meta http-equiv="Content-Type" content="text/html;charset=utf-8" />
  <meta name='ocr-system' content='tesseract 3.04.00' />
  <meta name='ocr-capabilities' content='ocr_page ocr_carea ocr_par ocr_line ocrx_word'/>
</head>
<body>
  <div class='ocr_page' id='page_1' title='image "apocalypsisexpli03sweduoft_0365.png"; bbox 0 0 1962 3334; ppageno 0'>
   <div class='ocr_carea' id='block_1_1' title="bbox 641 269 1756 324">
    <p class='ocr_par' dir='ltr' id='par_1_1' title="bbox 641 269 1756 324">
     <span class='ocr_line' id='line_1_1' title="bbox 641 269 1756 324; baseline -0.002 -11"><span class='ocrx_word' id='word_1_1' title='bbox 641 281 747 314; x_wconf 82' lang='lat' dir='ltr'><strong>CAP.</strong></span> <span class='ocrx_word' id='word_1_2' title='bbox 770 280 854 321; x_wconf 86' lang='lat' dir='ltr'>x1.,</span> <span class='ocrx_word' id='word_1_3' title='bbox 877 271 1015 313; x_wconf 75' lang='lat' dir='ltr'><strong>VERs.</strong></span> <span class='ocrx_word' id='word_1_4' title='bbox 1038 280 1186 324; x_wconf 80' lang='lat' dir='ltr'><strong><em>7.——N.</em></strong></span> <span class='ocrx_word' id='word_1_5' title='bbox 1208 269 1376 324; x_wconf 86' lang='lat' dir='ltr'><em>650[b].</em></span> <span class='ocrx_word' id='word_1_6' title='bbox 1429 297 1433 300; x_wconf 55' lang='grc'><strong>«</strong></span> <span class='ocrx_word' id='word_1_7' title='bbox 1649 269 1756 322; x_wconf 85' lang='lat'>1679</span> 
     </span>
    </p>
   </div>
   <div class='ocr_carea' id='block_1_2' title="bbox 267 385 1814 507">
    <p class='ocr_par' dir='ltr' id='par_1_2' title="bbox 267 385 1814 507">
     <span class='ocr_line' id='line_1_2' title="bbox 267 385 1814 447; baseline -0.003 -11"><span class='ocrx_word' id='word_1_8' title='bbox 267 390 348 436; x_wconf 88' lang='lat' dir='ltr'><strong>tile</strong></span> <span class='ocrx_word' id='word_1_9' title='bbox 379 389 451 436; x_wconf 84' lang='lat' dir='ltr'><strong>cui</strong></span> <span class='ocrx_word' id='word_1_10' title='bbox 480 408 572 435; x_wconf 88' lang='lat' dir='ltr'><strong>non</strong></span> <span class='ocrx_word' id='word_1_11' title='bbox 603 407 827 444; x_wconf 89' lang='lat' dir='ltr'><strong>numerus,</strong></span> <span class='ocrx_word' id='word_1_12' title='bbox 854 394 974 435; x_wconf 87' lang='lat' dir='ltr'><strong>serae</strong></span> <span class='ocrx_word' id='word_1_13' title='bbox 1004 407 1172 447; x_wconf 82' lang='lat' dir='ltr'><strong>parvae</strong></span> <span class='ocrx_word' id='word_1_14' title='bbox 1203 406 1307 434; x_wconf 90' lang='lat' dir='ltr'><strong>cum</strong></span> <span class='ocrx_word' id='word_1_15' title='bbox 1338 385 1755 445; x_wconf 84' lang='lat' dir='ltr'><strong>magnis.”—Apud</strong></span> <span class='ocrx_word' id='word_1_16' title='bbox 1811 394 1814 396; x_wconf 83' lang='grc'><strong>’</strong></span> 
     </span>
     <span class='ocr_line' id='line_1_3' title="bbox 267 458 475 507; baseline -0.01 -7"><span class='ocrx_word' id='word_1_17' title='bbox 267 458 475 507; x_wconf 89' lang='lat' dir='ltr'><strong>eundem,</strong></span> 
     </span>
    </p>
   </div>
   <div class='ocr_carea' id='block_1_3' title="bbox 333 543 1757 718">
    <p class='ocr_par' dir='ltr' id='par_1_3' title="bbox 333 543 1757 718">
     <span class='ocr_line' id='line_1_4' title="bbox 333 543 1756 588; baseline -0.003 -9"><span class='ocrx_word' id='word_1_18' title='bbox 333 548 490 579; x_wconf 87' lang='lat' dir='ltr'><strong>“Serent</strong></span> <span class='ocrx_word' id='word_1_19' title='bbox 512 557 620 588; x_wconf 84' lang='lat' dir='ltr'><strong>agros</strong></span> <span class='ocrx_word' id='word_1_20' title='bbox 644 553 680 578; x_wconf 89' lang='lat' dir='ltr'><strong>et</strong></span> <span class='ocrx_word' id='word_1_21' title='bbox 703 547 920 588; x_wconf 80' lang='lat' dir='ltr'><strong>plantabunt</strong></span> <span class='ocrx_word' id='word_1_22' title='bbox 942 547 1079 584; x_wconf 85' lang='lat' dir='ltr'><strong>vineas,</strong></span> <span class='ocrx_word' id='word_1_23' title='bbox 1097 553 1133 577; x_wconf 89' lang='lat' dir='ltr'><strong>et</strong></span> <span class='ocrx_word' id='word_1_24' title='bbox 1156 546 1290 577; x_wconf 77' lang='lat' dir='ltr'><strong>facient</strong></span> <span class='ocrx_word' id='word_1_25' title='bbox 1313 543 1469 577; x_wconf 64' lang='lat' dir='ltr'><strong>fructum</strong></span> <span class='ocrx_word' id='word_1_26' title='bbox 1493 550 1702 585; x_wconf 86' lang='lat' dir='ltr'><strong>proventus,</strong></span> <span class='ocrx_word' id='word_1_27' title='bbox 1719 550 1756 576; x_wconf 90' lang='lat' dir='ltr'><strong>et</strong></span> 
     </span>
     <span class='ocr_line' id='line_1_5' title="bbox 439 588 1756 631; baseline -0.003 -9"><span class='ocrx_word' id='word_1_28' title='bbox 439 591 629 623; x_wconf 87' lang='lat' dir='ltr'>benedicet</span> <span class='ocrx_word' id='word_1_29' title='bbox 644 591 688 622; x_wconf 90' lang='lat' dir='ltr'><strong>iis</strong></span> <span class='ocrx_word' id='word_1_30' title='bbox 704 597 743 623; x_wconf 89' lang='lat' dir='ltr'><strong>ut</strong></span> <span class='ocrx_word' id='word_1_31' title='bbox 759 590 1041 631; x_wconf 83' lang='lat' dir='ltr'><strong>multiplicentur</strong></span> <span class='ocrx_word' id='word_1_32' title='bbox 1054 590 1158 621; x_wconf 88' lang='lat' dir='ltr'><strong>valde</strong></span> <span class='ocrx_word' id='word_1_33' title='bbox 1173 599 1181 627; x_wconf 87' lang='grc'><strong>;</strong></span> <span class='ocrx_word' id='word_1_34' title='bbox 1205 596 1242 621; x_wconf 92' lang='lat' dir='ltr'><strong>et</strong></span> <span class='ocrx_word' id='word_1_35' title='bbox 1258 589 1410 621; x_wconf 84' lang='lat' dir='ltr'><strong>bestiam</strong></span> <span class='ocrx_word' id='word_1_36' title='bbox 1422 598 1547 620; x_wconf 89' lang='lat' dir='ltr'><strong>eorum</strong></span> <span class='ocrx_word' id='word_1_37' title='bbox 1562 597 1637 619; x_wconf 90' lang='lat' dir='ltr'><strong>non</strong></span> <span class='ocrx_word' id='word_1_38' title='bbox 1653 588 1756 619; x_wconf 90' lang='lat' dir='ltr'><strong>dimi-</strong></span> 
     </span>
     <span class='ocr_line' id='line_1_6' title="bbox 441 631 1757 674; baseline -0.003 -8"><span class='ocrx_word' id='word_1_39' title='bbox 441 633 621 673; x_wconf 83' lang='lat' dir='ltr'><strong>nuet,1¹lat</strong></span> <span class='ocrx_word' id='word_1_40' title='bbox 636 634 886 666; x_wconf 88' lang='lat' dir='ltr'><strong>diminuuntur</strong></span> <span class='ocrx_word' id='word_1_41' title='bbox 902 640 939 665; x_wconf 89' lang='lat' dir='ltr'><strong>et</strong></span> <span class='ocrx_word' id='word_1_42' title='bbox 957 634 1194 665; x_wconf 87' lang='lat' dir='ltr'><strong>incurvantur</strong></span> <span class='ocrx_word' id='word_1_43' title='bbox 1205 643 1291 674; x_wconf 88' lang='lat' dir='ltr'><strong>prae</strong></span> <span class='ocrx_word' id='word_1_44' title='bbox 1302 632 1531 664; x_wconf 83' lang='lat' dir='ltr'>vehementia</span> <span class='ocrx_word' id='word_1_45' title='bbox 1541 631 1701 663; x_wconf 84' lang='lat' dir='ltr'>malitiae</span> <span class='ocrx_word' id='word_1_46' title='bbox 1720 637 1757 663; x_wconf 87' lang='lat' dir='ltr'><strong>et</strong></span> 
     </span>
     <span class='ocr_line' id='line_1_7' title="bbox 439 677 980 718; baseline 0 -9"><span class='ocrx_word' id='word_1_47' title='bbox 439 687 603 710; x_wconf 90' lang='lat' dir='ltr'><strong>maerore</strong></span> <span class='ocrx_word' id='word_1_48' title='bbox 613 677 632 690; x_wconf 85' lang='lat'><strong>&#39;’</strong></span> <span class='ocrx_word' id='word_1_49' title='bbox 648 677 722 717; x_wconf 87' lang='lat' dir='ltr'><strong>(Ps.</strong></span> <span class='ocrx_word' id='word_1_50' title='bbox 739 678 820 709; x_wconf 87' lang='lat' dir='ltr'><strong>cvii.</strong></span> <span class='ocrx_word' id='word_1_51' title='bbox 838 678 980 718; x_wconf 88' lang='lat'>37-39):</span> 
     </span>
    </p>
   </div>
   <div class='ocr_carea' id='block_1_4' title="bbox 238 762 1756 1446">
    <p class='ocr_par' dir='ltr' id='par_1_4' title="bbox 238 762 1756 1446">
     <span class='ocr_line' id='line_1_8' title="bbox 266 762 1753 817; baseline -0.001 -13"><span class='ocrx_word' id='word_1_52' title='bbox 266 763 416 817; x_wconf 87' lang='lat' dir='ltr'><strong>agitur</strong></span> <span class='ocrx_word' id='word_1_53' title='bbox 436 764 480 804; x_wconf 90' lang='lat' dir='ltr'><strong>in</strong></span> <span class='ocrx_word' id='word_1_54' title='bbox 502 769 606 804; x_wconf 91' lang='lat' dir='ltr'><strong>toto</strong></span> <span class='ocrx_word' id='word_1_55' title='bbox 627 763 706 804; x_wconf 91' lang='lat' dir='ltr'><strong>illo</strong></span> <span class='ocrx_word' id='word_1_56' title='bbox 722 763 875 817; x_wconf 90' lang='lat' dir='ltr'><strong>capite</strong></span> <span class='ocrx_word' id='word_1_57' title='bbox 892 763 948 804; x_wconf 90' lang='lat' dir='ltr'><strong>de</strong></span> <span class='ocrx_word' id='word_1_58' title='bbox 962 763 1165 804; x_wconf 89' lang='lat' dir='ltr'><strong>adventu</strong></span> <span class='ocrx_word' id='word_1_59' title='bbox 1183 762 1367 804; x_wconf 88' lang='lat' dir='ltr'>Domini</span> <span class='ocrx_word' id='word_1_60' title='bbox 1384 768 1432 814; x_wconf 77' lang='lat' dir='ltr'><strong>et</strong></span> <span class='ocrx_word' id='word_1_61' title='bbox 1449 762 1507 803; x_wconf 92' lang='lat' dir='ltr'><strong>de</strong></span> <span class='ocrx_word' id='word_1_62' title='bbox 1522 762 1753 815; x_wconf 88' lang='lat' dir='ltr'><strong>Redemp—</strong></span> 
     </span>
     <span class='ocr_line' id='line_1_9' title="bbox 266 824 1754 879; baseline -0.002 -12"><span class='ocrx_word' id='word_1_63' title='bbox 266 827 391 867; x_wconf 90' lang='lat' dir='ltr'><strong>tione</strong></span> <span class='ocrx_word' id='word_1_64' title='bbox 421 826 480 866; x_wconf 92' lang='lat' dir='ltr'><strong>ab</strong></span> <span class='ocrx_word' id='word_1_65' title='bbox 511 826 644 879; x_wconf 88' lang='lat' dir='ltr'><strong>Ips0;</strong></span> <span class='ocrx_word' id='word_1_66' title='bbox 686 826 807 879; x_wconf 92' lang='lat' dir='ltr'><strong>quod</strong></span> <span class='ocrx_word' id='word_1_67' title='bbox 838 833 946 867; x_wconf 89' lang='lat' dir='ltr'><strong>tunc</strong></span> <span class='ocrx_word' id='word_1_68' title='bbox 978 826 1066 866; x_wconf 89' lang='lat' dir='ltr'><strong>illis</strong></span> <span class='ocrx_word' id='word_1_69' title='bbox 1096 839 1218 874; x_wconf 90' lang='lat' dir='ltr'><strong>vera,</strong></span> <span class='ocrx_word' id='word_1_70' title='bbox 1245 839 1324 879; x_wconf 91' lang='lat' dir='ltr'><strong>per</strong></span> <span class='ocrx_word' id='word_1_71' title='bbox 1355 839 1470 879; x_wconf 89' lang='lat' dir='ltr'><strong>quae</strong></span> <span class='ocrx_word' id='word_1_72' title='bbox 1500 825 1620 878; x_wconf 89' lang='lat' dir='ltr'><strong>apud</strong></span> <span class='ocrx_word' id='word_1_73' title='bbox 1651 824 1754 865; x_wconf 92' lang='lat' dir='ltr'><strong>illos</strong></span> 
     </span>
     <span class='ocr_line' id='line_1_10' title="bbox 265 888 1752 942; baseline -0.001 -13"><span class='ocrx_word' id='word_1_74' title='bbox 265 888 610 942; x_wconf 87' lang='lat' dir='ltr'><strong>implantabitur</strong></span> <span class='ocrx_word' id='word_1_75' title='bbox 626 889 836 937; x_wconf 85' lang='lat' dir='ltr'><strong>ecclesia,</strong></span> <span class='ocrx_word' id='word_1_76' title='bbox 856 888 1136 941; x_wconf 87' lang='lat' dir='ltr'><strong>significatur</strong></span> <span class='ocrx_word' id='word_1_77' title='bbox 1153 902 1232 942; x_wconf 90' lang='lat' dir='ltr'><strong>per</strong></span> <span class='ocrx_word' id='word_1_78' title='bbox 1253 889 1374 942; x_wconf 92' lang='lat' dir='ltr'><strong>quod</strong></span> <span class='ocrx_word' id='word_1_79' title='bbox 1394 891 1584 928; x_wconf 88' lang='lat' dir='ltr'><strong>“serent</strong></span> <span class='ocrx_word' id='word_1_80' title='bbox 1601 901 1752 941; x_wconf 83' lang='lat' dir='ltr'><strong>agrOS,</strong></span> 
     </span>
     <span class='ocr_line' id='line_1_11' title="bbox 266 950 1754 1005; baseline -0.001 -13"><span class='ocrx_word' id='word_1_81' title='bbox 266 958 315 992; x_wconf 90' lang='lat' dir='ltr'><strong>et</strong></span> <span class='ocrx_word' id='word_1_82' title='bbox 330 951 606 1005; x_wconf 89' lang='lat' dir='ltr'><strong>plantabunt</strong></span> <span class='ocrx_word' id='word_1_83' title='bbox 623 953 778 992; x_wconf 88' lang='lat' dir='ltr'><strong>vineas</strong></span> <span class='ocrx_word' id='word_1_84' title='bbox 795 951 830 1002; x_wconf 89' lang='lat'><strong>;”</strong></span> <span class='ocrx_word' id='word_1_85' title='bbox 855 951 976 1005; x_wconf 92' lang='lat' dir='ltr'><strong>quod</strong></span> <span class='ocrx_word' id='word_1_86' title='bbox 994 951 1200 992; x_wconf 79' lang='lat' dir='ltr'><strong>inde&#39;illis</strong></span> <span class='ocrx_word' id='word_1_87' title='bbox 1214 951 1335 992; x_wconf 88' lang='lat' dir='ltr'><strong>bona</strong></span> <span class='ocrx_word' id='word_1_88' title='bbox 1348 950 1570 992; x_wconf 90' lang='lat' dir='ltr'><strong>ecclesiae</strong></span> <span class='ocrx_word' id='word_1_89' title='bbox 1584 957 1631 991; x_wconf 90' lang='lat' dir='ltr'><strong>et</strong></span> <span class='ocrx_word' id='word_1_90' title='bbox 1649 951 1754 991; x_wconf 90' lang='lat' dir='ltr'><strong>inde</strong></span> 
     </span>
     <span class='ocr_line' id='line_1_12' title="bbox 266 1012 1754 1068; baseline -0.001 -13"><span class='ocrx_word' id='word_1_91' title='bbox 266 1021 475 1055; x_wconf 85' lang='lat' dir='ltr'><strong>crescent</strong></span> <span class='ocrx_word' id='word_1_92' title='bbox 501 1028 621 1063; x_wconf 89' lang='lat' dir='ltr'><strong>vera,</strong></span> <span class='ocrx_word' id='word_1_93' title='bbox 646 1013 926 1067; x_wconf 88' lang='lat' dir='ltr'><strong>significatur</strong></span> <span class='ocrx_word' id='word_1_94' title='bbox 950 1028 1030 1068; x_wconf 89' lang='lat' dir='ltr'><strong>per</strong></span> <span class='ocrx_word' id='word_1_95' title='bbox 1054 1014 1176 1068; x_wconf 84' lang='lat' dir='ltr'><strong>quod</strong></span> <span class='ocrx_word' id='word_1_96' title='bbox 1203 1014 1407 1055; x_wconf 87' lang='lat' dir='ltr'><strong>“sacient</strong></span> <span class='ocrx_word' id='word_1_97' title='bbox 1433 1012 1623 1054; x_wconf 64' lang='lat' dir='ltr'><strong>fructum</strong></span> <span class='ocrx_word' id='word_1_98' title='bbox 1650 1027 1754 1067; x_wconf 89' lang='lat' dir='ltr'><strong>pro-</strong></span> 
     </span>
     <span class='ocr_line' id='line_1_13' title="bbox 265 1076 1756 1131; baseline -0.001 -14"><span class='ocrx_word' id='word_1_99' title='bbox 265 1076 469 1126; x_wconf 84' lang='lat' dir='ltr'><strong>ventus,”</strong></span> <span class='ocrx_word' id='word_1_100' title='bbox 491 1077 611 1131; x_wconf 93' lang='lat' dir='ltr'><strong>quod</strong></span> <span class='ocrx_word' id='word_1_101' title='bbox 639 1077 882 1130; x_wconf 87' lang='lat' dir='ltr'><strong>“Jehovah</strong></span> <span class='ocrx_word' id='word_1_102' title='bbox 913 1077 1155 1118; x_wconf 88' lang='lat' dir='ltr'><strong>benedicet</strong></span> <span class='ocrx_word' id='word_1_103' title='bbox 1187 1076 1288 1125; x_wconf 92' lang='lat' dir='ltr'><strong>illis,</strong></span> <span class='ocrx_word' id='word_1_104' title='bbox 1316 1083 1365 1117; x_wconf 91' lang='lat' dir='ltr'><strong>ut</strong></span> <span class='ocrx_word' id='word_1_105' title='bbox 1397 1076 1756 1129; x_wconf 87' lang='lat' dir='ltr'><strong>multiplicentur</strong></span> 
     </span>
     <span class='ocr_line' id='line_1_14' title="bbox 265 1138 1755 1198; baseline -0.001 -18"><span class='ocrx_word' id='word_1_106' title='bbox 265 1139 399 1180; x_wconf 89' lang='lat' dir='ltr'><strong>valde</strong></span> <span class='ocrx_word' id='word_1_107' title='bbox 416 1139 452 1198; x_wconf 61' lang='lat' dir='ltr'><strong>;J’</strong></span> <span class='ocrx_word' id='word_1_108' title='bbox 482 1140 603 1194; x_wconf 91' lang='lat' dir='ltr'><strong>quod</strong></span> <span class='ocrx_word' id='word_1_109' title='bbox 624 1146 732 1181; x_wconf 88' lang='lat' dir='ltr'><strong>tunc</strong></span> <span class='ocrx_word' id='word_1_110' title='bbox 755 1139 843 1180; x_wconf 90' lang='lat' dir='ltr'><strong>illis</strong></span> <span class='ocrx_word' id='word_1_111' title='bbox 867 1153 1160 1194; x_wconf 87' lang='lat' dir='ltr'><strong>permansura</strong></span> <span class='ocrx_word' id='word_1_112' title='bbox 1181 1141 1239 1181; x_wconf 90' lang='lat' dir='ltr'><strong>sit</strong></span> <span class='ocrx_word' id='word_1_113' title='bbox 1265 1140 1413 1180; x_wconf 90' lang='lat' dir='ltr'><strong>omnis</strong></span> <span class='ocrx_word' id='word_1_114' title='bbox 1434 1138 1612 1180; x_wconf 57' lang='lat' dir='ltr'><strong>affectio</strong></span> <span class='ocrx_word' id='word_1_115' title='bbox 1634 1140 1755 1179; x_wconf 91' lang='lat' dir='ltr'><strong>bona</strong></span> 
     </span>
     <span class='ocr_line' id='line_1_15' title="bbox 266 1202 1754 1256; baseline -0.001 -13"><span class='ocrx_word' id='word_1_116' title='bbox 266 1202 483 1243; x_wconf 90' lang='lat' dir='ltr'><strong>naturalis</strong></span> <span class='ocrx_word' id='word_1_117' title='bbox 498 1203 706 1252; x_wconf 89' lang='lat' dir='ltr'><strong>hominis,</strong></span> <span class='ocrx_word' id='word_1_118' title='bbox 723 1202 1003 1256; x_wconf 86' lang='lat' dir='ltr'><strong>significatur</strong></span> <span class='ocrx_word' id='word_1_119' title='bbox 1015 1216 1095 1256; x_wconf 89' lang='lat' dir='ltr'><strong>per</strong></span> <span class='ocrx_word' id='word_1_120' title='bbox 1107 1203 1229 1256; x_wconf 91' lang='lat' dir='ltr'><strong>quod</strong></span> <span class='ocrx_word' id='word_1_121' title='bbox 1245 1207 1272 1223; x_wconf 87' lang='lat'>“</span> <span class='ocrx_word' id='word_1_122' title='bbox 1284 1204 1478 1243; x_wconf 89' lang='lat' dir='ltr'><strong>bestiam</strong></span> <span class='ocrx_word' id='word_1_123' title='bbox 1493 1215 1646 1243; x_wconf 89' lang='lat' dir='ltr'><strong>eorum</strong></span> <span class='ocrx_word' id='word_1_124' title='bbox 1662 1215 1754 1242; x_wconf 92' lang='lat' dir='ltr'><strong>non</strong></span> 
     </span>
     <span class='ocr_line' id='line_1_16' title="bbox 238 1263 1754 1320; baseline -0.001 -14"><span class='ocrx_word' id='word_1_125' title='bbox 238 1304 241 1307; x_wconf 88' lang='grc'><strong>,</strong></span> <span class='ocrx_word' id='word_1_126' title='bbox 265 1265 486 1306; x_wconf 88' lang='lat' dir='ltr'><strong>diminuet</strong></span> <span class='ocrx_word' id='word_1_127' title='bbox 503 1265 538 1316; x_wconf 88' lang='lat'><strong>;‘&#39;</strong></span> <span class='ocrx_word' id='word_1_128' title='bbox 563 1267 684 1320; x_wconf 91' lang='lat' dir='ltr'><strong>quod</strong></span> <span class='ocrx_word' id='word_1_129' title='bbox 709 1266 814 1306; x_wconf 86' lang='lat' dir='ltr'><strong>illae</strong></span> <span class='ocrx_word' id='word_1_130' title='bbox 834 1264 1096 1306; x_wconf 52' lang='lat' dir='ltr'><strong>affectiones</strong></span> <span class='ocrx_word' id='word_1_131' title='bbox 1117 1263 1320 1320; x_wconf 72' lang='lat' dir='ltr'><strong>121ali0qui</strong></span> <span class='ocrx_word' id='word_1_132' title='bbox 1346 1267 1573 1319; x_wconf 88' lang='lat' dir='ltr'><strong>periturae</strong></span> <span class='ocrx_word' id='word_1_133' title='bbox 1597 1272 1754 1306; x_wconf 86' lang='lat' dir='ltr'><strong>essent</strong></span> 
     </span>
     <span class='ocr_line' id='line_1_17' title="bbox 266 1329 1755 1384; baseline 0 -14"><span class='ocrx_word' id='word_1_134' title='bbox 266 1342 347 1384; x_wconf 89' lang='lat' dir='ltr'><strong>per</strong></span> <span class='ocrx_word' id='word_1_135' title='bbox 359 1329 493 1378; x_wconf 87' lang='lat' dir='ltr'><strong>mala,</strong></span> <span class='ocrx_word' id='word_1_136' title='bbox 512 1329 790 1382; x_wconf 84' lang='lat' dir='ltr'><strong>significatur</strong></span> <span class='ocrx_word' id='word_1_137' title='bbox 808 1343 888 1383; x_wconf 92' lang='lat' dir='ltr'><strong>per</strong></span> <span class='ocrx_word' id='word_1_138' title='bbox 904 1335 930 1349; x_wconf 78' lang='lat'><strong>‘⁸</strong></span> <span class='ocrx_word' id='word_1_139' title='bbox 944 1329 1265 1370; x_wconf 88' lang='lat' dir='ltr'><strong>Diminuuntur</strong></span> <span class='ocrx_word' id='word_1_140' title='bbox 1278 1337 1325 1370; x_wconf 90' lang='lat' dir='ltr'><strong>et</strong></span> <span class='ocrx_word' id='word_1_141' title='bbox 1342 1331 1634 1370; x_wconf 82' lang='lat' dir='ltr'><strong>incurvantur</strong></span> <span class='ocrx_word' id='word_1_142' title='bbox 1647 1343 1755 1383; x_wconf 88' lang='lat' dir='ltr'><strong>prae</strong></span> 
     </span>
     <span class='ocr_line' id='line_1_18' title="bbox 265 1391 1557 1446; baseline 0 -13"><span class='ocrx_word' id='word_1_143' title='bbox 265 1391 556 1434; x_wconf 82' lang='lat' dir='ltr'><strong>vehementia</strong></span> <span class='ocrx_word' id='word_1_144' title='bbox 581 1392 782 1434; x_wconf 88' lang='lat' dir='ltr'><strong>malitiae</strong></span> <span class='ocrx_word' id='word_1_145' title='bbox 807 1400 855 1434; x_wconf 93' lang='lat' dir='ltr'><strong>et</strong></span> <span class='ocrx_word' id='word_1_146' title='bbox 881 1393 1122 1434; x_wconf 89' lang='lat' dir='ltr'><strong>maerore.&#39;’</strong></span> <span class='ocrx_word' id='word_1_147' title='bbox 1181 1393 1321 1446; x_wconf 90' lang='lat' dir='ltr'><strong>Apud</strong></span> <span class='ocrx_word' id='word_1_148' title='bbox 1348 1393 1557 1442; x_wconf 89' lang='lat' dir='ltr'><strong>eundem,</strong></span> 
     </span>
    </p>
   </div>
   <div class='ocr_carea' id='block_1_5' title="bbox 312 1488 1756 1573">
    <p class='ocr_par' dir='ltr' id='par_1_5' title="bbox 312 1488 1756 1573">
     <span class='ocr_line' id='line_1_19' title="bbox 312 1488 1756 1530; baseline 0.001 -10"><span class='ocrx_word' id='word_1_149' title='bbox 312 1497 314 1499; x_wconf 71' lang='grc'><strong><em>’</em></strong></span> <span class='ocrx_word' id='word_1_150' title='bbox 332 1488 519 1520; x_wconf 87' lang='lat' dir='ltr'><strong>“Laudate</strong></span> <span class='ocrx_word' id='word_1_151' title='bbox 530 1488 735 1530; x_wconf 88' lang='lat' dir='ltr'><strong>Jehovam,.</strong></span> <span class='ocrx_word' id='word_1_152' title='bbox 749 1514 757 1520; x_wconf 96' lang='lat'>.</span> <span class='ocrx_word' id='word_1_153' title='bbox 770 1489 963 1520; x_wconf 81' lang='lat' dir='ltr'><strong>,balaenae</strong></span> <span class='ocrx_word' id='word_1_154' title='bbox 979 1495 1015 1520; x_wconf 88' lang='lat' dir='ltr'><strong>et</strong></span> <span class='ocrx_word' id='word_1_155' title='bbox 1031 1498 1159 1520; x_wconf 87' lang='lat' dir='ltr'><strong>omnes</strong></span> <span class='ocrx_word' id='word_1_156' title='bbox 1173 1488 1325 1530; x_wconf 71' lang='lat' dir='ltr'><strong>abyssi„</strong></span> <span class='ocrx_word' id='word_1_157' title='bbox 1339 1513 1348 1520; x_wconf 87' lang='lat'>.</span> <span class='ocrx_word' id='word_1_158' title='bbox 1360 1514 1368 1520; x_wconf 91' lang='lat'>.</span> <span class='ocrx_word' id='word_1_159' title='bbox 1383 1488 1476 1520; x_wconf 80' lang='lat' dir='ltr'><strong>‚fera</strong></span> <span class='ocrx_word' id='word_1_160' title='bbox 1486 1495 1523 1521; x_wconf 90' lang='lat' dir='ltr'><strong>et</strong></span> <span class='ocrx_word' id='word_1_161' title='bbox 1539 1489 1659 1520; x_wconf 90' lang='lat' dir='ltr'><strong>omnis</strong></span> <span class='ocrx_word' id='word_1_162' title='bbox 1675 1489 1756 1521; x_wconf 87' lang='lat' dir='ltr'><strong>bes-</strong></span> 
     </span>
     <span class='ocr_line' id='line_1_20' title="bbox 440 1532 1490 1573; baseline 0 -9"><span class='ocrx_word' id='word_1_163' title='bbox 440 1533 499 1571; x_wconf 82' lang='lat' dir='ltr'><strong>tia,</strong></span> <span class='ocrx_word' id='word_1_164' title='bbox 515 1533 642 1573; x_wconf 83' lang='lat' dir='ltr'><strong>reptile</strong></span> <span class='ocrx_word' id='word_1_165' title='bbox 659 1539 695 1564; x_wconf 91' lang='lat' dir='ltr'><strong>et</strong></span> <span class='ocrx_word' id='word_1_166' title='bbox 707 1532 724 1544; x_wconf 84' lang='lat'><strong>&#39;’</strong></span> <span class='ocrx_word' id='word_1_167' title='bbox 742 1533 861 1564; x_wconf 89' lang='lat' dir='ltr'><strong>omnis</strong></span> <span class='ocrx_word' id='word_1_168' title='bbox 878 1533 983 1564; x_wconf 83' lang='lat' dir='ltr'><strong>“avis</strong></span> <span class='ocrx_word' id='word_1_169' title='bbox 999 1532 1108 1564; x_wconf 83' lang='lat' dir='ltr'><strong>alae&#39;’</strong></span> <span class='ocrx_word' id='word_1_170' title='bbox 1123 1533 1198 1573; x_wconf 87' lang='lat' dir='ltr'><strong>(Ps.</strong></span> <span class='ocrx_word' id='word_1_171' title='bbox 1214 1533 1347 1564; x_wconf 83' lang='lat' dir='ltr'><strong>cxlviii.</strong></span> <span class='ocrx_word' id='word_1_172' title='bbox 1366 1540 1395 1571; x_wconf 88' lang='lat'><strong>7,</strong></span> <span class='ocrx_word' id='word_1_173' title='bbox 1416 1535 1490 1573; x_wconf 84' lang='lat'>10):</span> 
     </span>
    </p>
   </div>
   <div class='ocr_carea' id='block_1_6' title="bbox 235 1624 1755 2309">
    <p class='ocr_par' dir='ltr' id='par_1_6' title="bbox 235 1624 1755 2309">
     <span class='ocr_line' id='line_1_21' title="bbox 235 1624 1755 1678; baseline -0.001 -13"><span class='ocrx_word' id='word_1_174' title='bbox 235 1634 239 1636; x_wconf 68' lang='grc'>“</span> <span class='ocrx_word' id='word_1_175' title='bbox 265 1624 311 1665; x_wconf 90' lang='lat' dir='ltr'><strong>in</strong></span> <span class='ocrx_word' id='word_1_176' title='bbox 335 1638 391 1665; x_wconf 94' lang='lat' dir='ltr'><strong>eo</strong></span> <span class='ocrx_word' id='word_1_177' title='bbox 413 1624 591 1678; x_wconf 89' lang='lat' dir='ltr'><strong>psalmo</strong></span> <span class='ocrx_word' id='word_1_178' title='bbox 613 1630 936 1665; x_wconf 87' lang='lat' dir='ltr'><strong>enumerantur</strong></span> <span class='ocrx_word' id='word_1_179' title='bbox 957 1624 1168 1678; x_wconf 91' lang='lat' dir='ltr'><strong>perplura</strong></span> <span class='ocrx_word' id='word_1_180' title='bbox 1188 1638 1303 1678; x_wconf 86' lang='lat' dir='ltr'><strong>quae</strong></span> <span class='ocrx_word' id='word_1_181' title='bbox 1329 1625 1373 1664; x_wconf 88' lang='lat' dir='ltr'><strong>in</strong></span> <span class='ocrx_word' id='word_1_182' title='bbox 1396 1625 1566 1665; x_wconf 92' lang='lat' dir='ltr'><strong>mundo</strong></span> <span class='ocrx_word' id='word_1_183' title='bbox 1583 1625 1755 1678; x_wconf 89' lang='lat' dir='ltr'><strong>absque</strong></span> 
     </span>
     <span class='ocr_line' id='line_1_22' title="bbox 266 1687 1755 1741; baseline -0.001 -13"><span class='ocrx_word' id='word_1_184' title='bbox 266 1688 360 1728; x_wconf 88' lang='lat' dir='ltr'><strong>vita</strong></span> <span class='ocrx_word' id='word_1_185' title='bbox 371 1694 490 1736; x_wconf 85' lang='lat' dir='ltr'><strong>sunt,</strong></span> <span class='ocrx_word' id='word_1_186' title='bbox 502 1701 617 1741; x_wconf 89' lang='lat' dir='ltr'><strong>quae</strong></span> <span class='ocrx_word' id='word_1_187' title='bbox 629 1687 878 1728; x_wconf 87' lang='lat' dir='ltr'><strong>laudabunt</strong></span> <span class='ocrx_word' id='word_1_188' title='bbox 887 1687 1110 1740; x_wconf 87' lang='lat' dir='ltr'><strong>Jehovam</strong></span> <span class='ocrx_word' id='word_1_189' title='bbox 1127 1701 1137 1737; x_wconf 81' lang='lat'><em>3</em></span> <span class='ocrx_word' id='word_1_190' title='bbox 1160 1688 1276 1728; x_wconf 88' lang='lat' dir='ltr'><strong>sicut</strong></span> <span class='ocrx_word' id='word_1_191' title='bbox 1291 1691 1316 1707; x_wconf 82' lang='lat'><strong>‘⁴</strong></span> <span class='ocrx_word' id='word_1_192' title='bbox 1329 1687 1486 1740; x_wconf 86' lang='lat' dir='ltr'><strong>ignis,”</strong></span> <span class='ocrx_word' id='word_1_193' title='bbox 1500 1692 1525 1707; x_wconf 89' lang='grc'><em>“</em></span> <span class='ocrx_word' id='word_1_194' title='bbox 1537 1688 1755 1740; x_wconf 89' lang='lat' dir='ltr'><strong>grando,&#39;’</strong></span> 
     </span>
     <span class='ocr_line' id='line_1_23' title="bbox 269 1749 1755 1803; baseline 0 -12"><span class='ocrx_word' id='word_1_195' title='bbox 269 1750 430 1799; x_wconf 88' lang='lat' dir='ltr'><strong>“nix,”</strong></span> <span class='ocrx_word' id='word_1_196' title='bbox 463 1750 681 1803; x_wconf 91' lang='lat' dir='ltr'><strong>“vapor,’&#39;</strong></span> <span class='ocrx_word' id='word_1_197' title='bbox 715 1754 918 1790; x_wconf 83' lang='lat' dir='ltr'><strong>“ventus</strong></span> <span class='ocrx_word' id='word_1_198' title='bbox 949 1749 1218 1803; x_wconf 90' lang='lat' dir='ltr'><strong>procellae‚”</strong></span> <span class='ocrx_word' id='word_1_199' title='bbox 1246 1750 1505 1799; x_wconf 86' lang='lat' dir='ltr'><strong>“montes‚”</strong></span> <span class='ocrx_word' id='word_1_200' title='bbox 1534 1750 1755 1799; x_wconf 78' lang='lat' dir='ltr'><strong>“colles,”</strong></span> 
     </span>
     <span class='ocr_line' id='line_1_24' title="bbox 268 1811 1753 1862; baseline -0.001 -7"><span class='ocrx_word' id='word_1_201' title='bbox 268 1813 530 1862; x_wconf 85' lang='lat' dir='ltr'><strong>“arbores,”</strong></span> <span class='ocrx_word' id='word_1_202' title='bbox 549 1811 793 1862; x_wconf 71' lang='lat' dir='ltr'><strong>“sru&amp;us‚”</strong></span> <span class='ocrx_word' id='word_1_203' title='bbox 813 1817 839 1833; x_wconf 88' lang='lat'>“</span> <span class='ocrx_word' id='word_1_204' title='bbox 852 1813 1013 1861; x_wconf 87' lang='lat' dir='ltr'><strong>cedri,’&#39;</strong></span> <span class='ocrx_word' id='word_1_205' title='bbox 1031 1819 1128 1853; x_wconf 87' lang='lat' dir='ltr'><strong>tum</strong></span> <span class='ocrx_word' id='word_1_206' title='bbox 1146 1814 1286 1853; x_wconf 87' lang='lat' dir='ltr'><strong>etiam</strong></span> <span class='ocrx_word' id='word_1_207' title='bbox 1303 1813 1374 1853; x_wconf 92' lang='lat' dir='ltr'><strong>hic</strong></span> <span class='ocrx_word' id='word_1_208' title='bbox 1397 1813 1595 1860; x_wconf 83' lang='lat' dir='ltr'><strong>“serae‚”</strong></span> <span class='ocrx_word' id='word_1_209' title='bbox 1611 1814 1753 1854; x_wconf 81' lang='lat' dir='ltr'><strong>“bes-</strong></span> 
     </span>
     <span class='ocr_line' id='line_1_25' title="bbox 267 1876 1755 1930; baseline -0.001 -12"><span class='ocrx_word' id='word_1_210' title='bbox 267 1876 399 1926; x_wconf 88' lang='lat' dir='ltr'><strong>tiae‚”</strong></span> <span class='ocrx_word' id='word_1_211' title='bbox 427 1880 452 1897; x_wconf 79' lang='lat'><strong>‘⁴</strong></span> <span class='ocrx_word' id='word_1_212' title='bbox 468 1876 646 1930; x_wconf 89' lang='lat' dir='ltr'><strong>reptilia</strong></span> <span class='ocrx_word' id='word_1_213' title='bbox 656 1876 676 1891; x_wconf 92' lang='lat'><strong>‘&#39;</strong></span> <span class='ocrx_word' id='word_1_214' title='bbox 698 1883 745 1917; x_wconf 90' lang='lat' dir='ltr'><strong>et</strong></span> <span class='ocrx_word' id='word_1_215' title='bbox 765 1881 910 1916; x_wconf 87' lang='lat' dir='ltr'><strong>“aves</strong></span> <span class='ocrx_word' id='word_1_216' title='bbox 929 1876 964 1926; x_wconf 88' lang='lat'><strong>;”</strong></span> <span class='ocrx_word' id='word_1_217' title='bbox 989 1890 1104 1929; x_wconf 91' lang='lat' dir='ltr'><strong>quae</strong></span> <span class='ocrx_word' id='word_1_218' title='bbox 1127 1883 1282 1916; x_wconf 88' lang='lat' dir='ltr'><strong>tamen</strong></span> <span class='ocrx_word' id='word_1_219' title='bbox 1301 1890 1440 1930; x_wconf 89' lang='lat' dir='ltr'><strong>usque</strong></span> <span class='ocrx_word' id='word_1_220' title='bbox 1462 1890 1553 1917; x_wconf 91' lang='lat' dir='ltr'><strong>non</strong></span> <span class='ocrx_word' id='word_1_221' title='bbox 1571 1876 1755 1917; x_wconf 89' lang='lat' dir='ltr'><strong>laudare</strong></span> 
     </span>
     <span class='ocr_line' id='line_1_26' title="bbox 266 1938 1754 1994; baseline 0.001 -14"><span class='ocrx_word' id='word_1_222' title='bbox 266 1946 458 1994; x_wconf 86' lang='lat' dir='ltr'><strong>possunt</strong></span> <span class='ocrx_word' id='word_1_223' title='bbox 485 1940 722 1993; x_wconf 90' lang='lat' dir='ltr'><strong>Jehovam.</strong></span> <span class='ocrx_word' id='word_1_224' title='bbox 784 1938 896 1992; x_wconf 77' lang='lat' dir='ltr'><strong>Quis</strong></span> <span class='ocrx_word' id='word_1_225' title='bbox 928 1952 1019 1979; x_wconf 90' lang='lat' dir='ltr'><strong>non</strong></span> <span class='ocrx_word' id='word_1_226' title='bbox 1050 1939 1175 1980; x_wconf 89' lang='lat' dir='ltr'><strong>videt</strong></span> <span class='ocrx_word' id='word_1_227' title='bbox 1206 1940 1327 1992; x_wconf 93' lang='lat' dir='ltr'><strong>quod</strong></span> <span class='ocrx_word' id='word_1_228' title='bbox 1358 1941 1564 1980; x_wconf 87' lang='lat' dir='ltr'><strong>recensio</strong></span> <span class='ocrx_word' id='word_1_229' title='bbox 1595 1940 1754 1981; x_wconf 89' lang='lat' dir='ltr'><strong>talium</strong></span> 
     </span>
     <span class='ocr_line' id='line_1_27' title="bbox 267 2001 1754 2056; baseline -0.001 -12"><span class='ocrx_word' id='word_1_230' title='bbox 267 2003 312 2044; x_wconf 91' lang='lat' dir='ltr'><strong>in</strong></span> <span class='ocrx_word' id='word_1_231' title='bbox 343 2003 509 2044; x_wconf 89' lang='lat' dir='ltr'><strong>Divino</strong></span> <span class='ocrx_word' id='word_1_232' title='bbox 540 2002 696 2043; x_wconf 88' lang='lat' dir='ltr'><strong>Verbo</strong></span> <span class='ocrx_word' id='word_1_233' title='bbox 728 2015 1010 2055; x_wconf 88' lang='lat' dir='ltr'><strong>supervanea</strong></span> <span class='ocrx_word' id='word_1_234' title='bbox 1040 2001 1171 2051; x_wconf 86' lang='lat' dir='ltr'><strong>foret,</strong></span> <span class='ocrx_word' id='word_1_235' title='bbox 1205 2003 1241 2042; x_wconf 89' lang='lat' dir='ltr'><strong>si</strong></span> <span class='ocrx_word' id='word_1_236' title='bbox 1273 2015 1364 2043; x_wconf 89' lang='lat' dir='ltr'><strong>non</strong></span> <span class='ocrx_word' id='word_1_237' title='bbox 1395 2002 1631 2056; x_wconf 91' lang='lat' dir='ltr'><strong>quodlibet</strong></span> <span class='ocrx_word' id='word_1_238' title='bbox 1661 2004 1754 2056; x_wconf 87' lang='lat' dir='ltr'><strong>sig-</strong></span> 
     </span>
     <span class='ocr_line' id='line_1_28' title="bbox 267 2065 1752 2119; baseline 0 -12"><span class='ocrx_word' id='word_1_239' title='bbox 267 2065 470 2107; x_wconf 90' lang='lat' dir='ltr'><strong>nificaret</strong></span> <span class='ocrx_word' id='word_1_240' title='bbox 501 2065 669 2119; x_wconf 89' lang='lat' dir='ltr'><strong>aliquid</strong></span> <span class='ocrx_word' id='word_1_241' title='bbox 708 2065 827 2119; x_wconf 87' lang='lat' dir='ltr'><strong>apud</strong></span> <span class='ocrx_word' id='word_1_242' title='bbox 864 2065 1097 2106; x_wconf 90' lang='lat' dir='ltr'><strong>hominem</strong></span> <span class='ocrx_word' id='word_1_243' title='bbox 1133 2065 1254 2118; x_wconf 92' lang='lat' dir='ltr'><strong>quod</strong></span> <span class='ocrx_word' id='word_1_244' title='bbox 1288 2065 1512 2118; x_wconf 88' lang='lat' dir='ltr'><strong>Jehovam</strong></span> <span class='ocrx_word' id='word_1_245' title='bbox 1554 2065 1752 2114; x_wconf 87' lang='lat' dir='ltr'><strong>laudare,</strong></span> 
     </span>
     <span class='ocr_line' id='line_1_29' title="bbox 266 2127 1754 2182; baseline 0 -12"><span class='ocrx_word' id='word_1_246' title='bbox 266 2129 355 2170; x_wconf 87' lang='lat' dir='ltr'><strong>hoc</strong></span> <span class='ocrx_word' id='word_1_247' title='bbox 385 2135 471 2177; x_wconf 90' lang='lat' dir='ltr'><strong>est,</strong></span> <span class='ocrx_word' id='word_1_248' title='bbox 499 2128 648 2169; x_wconf 89' lang='lat' dir='ltr'><strong>colere</strong></span> <span class='ocrx_word' id='word_1_249' title='bbox 682 2128 867 2182; x_wconf 89' lang='lat' dir='ltr'><strong>potest?</strong></span> <span class='ocrx_word' id='word_1_250' title='bbox 928 2127 1003 2168; x_wconf 87' lang='lat' dir='ltr'><strong>Ex</strong></span> <span class='ocrx_word' id='word_1_251' title='bbox 1035 2128 1226 2168; x_wconf 88' lang='lat' dir='ltr'><strong>scientia</strong></span> <span class='ocrx_word' id='word_1_252' title='bbox 1251 2129 1754 2182; x_wconf 87' lang='lat' dir='ltr'><strong>correspondentiarum</strong></span> 
     </span>
     <span class='ocr_line' id='line_1_30' title="bbox 268 2190 1754 2245; baseline 0 -12"><span class='ocrx_word' id='word_1_253' title='bbox 268 2192 408 2233; x_wconf 87' lang='lat' dir='ltr'><strong>scitur</strong></span> <span class='ocrx_word' id='word_1_254' title='bbox 447 2192 569 2245; x_wconf 91' lang='lat' dir='ltr'><strong>quod</strong></span> <span class='ocrx_word' id='word_1_255' title='bbox 617 2190 908 2232; x_wconf 81' lang='lat' dir='ltr'><strong>“balaenae&#39;&#39;</strong></span> <span class='ocrx_word' id='word_1_256' title='bbox 949 2190 1209 2244; x_wconf 86' lang='lat' dir='ltr'><strong>significent</strong></span> <span class='ocrx_word' id='word_1_257' title='bbox 1250 2191 1500 2232; x_wconf 85' lang='lat' dir='ltr'><strong>scientifica</strong></span> <span class='ocrx_word' id='word_1_258' title='bbox 1536 2193 1754 2233; x_wconf 89' lang='lat' dir='ltr'><strong>naturalis</strong></span> 
     </span>
     <span class='ocr_line' id='line_1_31' title="bbox 267 2250 1752 2309; baseline -0.001 -13"><span class='ocrx_word' id='word_1_259' title='bbox 267 2255 464 2296; x_wconf 89' lang='lat' dir='ltr'><strong>hominis</strong></span> <span class='ocrx_word' id='word_1_260' title='bbox 504 2255 549 2295; x_wconf 90' lang='lat' dir='ltr'><strong>in</strong></span> <span class='ocrx_word' id='word_1_261' title='bbox 585 2255 829 2302; x_wconf 90' lang='lat' dir='ltr'><strong>communi,</strong></span> <span class='ocrx_word' id='word_1_262' title='bbox 862 2255 985 2307; x_wconf 91' lang='lat' dir='ltr'><strong>quod</strong></span> <span class='ocrx_word' id='word_1_263' title='bbox 1024 2254 1246 2306; x_wconf 89' lang='lat' dir='ltr'><strong>“abyssi’&#39;</strong></span> <span class='ocrx_word' id='word_1_264' title='bbox 1282 2261 1330 2295; x_wconf 91' lang='lat' dir='ltr'><strong>et</strong></span> <span class='ocrx_word' id='word_1_265' title='bbox 1364 2255 1572 2295; x_wconf 90' lang='lat' dir='ltr'><strong>“maria&#39;’</strong></span> <span class='ocrx_word' id='word_1_266' title='bbox 1607 2250 1752 2309; x_wconf 86' lang='lat' dir='ltr'><strong>ipsum</strong></span> 
     </span>
    </p>
   </div>
   <div class='ocr_carea' id='block_1_7' title="bbox 212 2316 1753 2366">
    <p class='ocr_par' dir='ltr' id='par_1_7' title="bbox 212 2316 1753 2366">
     <span class='ocr_line' id='line_1_32' title="bbox 212 2316 1753 2366; baseline 0.001 -7"><span class='ocrx_word' id='word_1_267' title='bbox 212 2353 217 2359; x_wconf 90' lang='lat'><em>.</em></span> <span class='ocrx_word' id='word_1_268' title='bbox 267 2317 474 2359; x_wconf 90' lang='lat' dir='ltr'><strong>naturale</strong></span> <span class='ocrx_word' id='word_1_269' title='bbox 499 2318 572 2358; x_wconf 91' lang='lat' dir='ltr'><strong>ubi</strong></span> <span class='ocrx_word' id='word_1_270' title='bbox 598 2316 847 2358; x_wconf 88' lang='lat' dir='ltr'><strong>scientifica</strong></span> <span class='ocrx_word' id='word_1_271' title='bbox 869 2324 989 2366; x_wconf 88' lang='lat' dir='ltr'><strong>sunt,</strong></span> <span class='ocrx_word' id='word_1_272' title='bbox 1016 2317 1205 2358; x_wconf 80' lang='lat' dir='ltr'><strong>“ferae&#39;&#39;</strong></span> <span class='ocrx_word' id='word_1_273' title='bbox 1228 2324 1274 2358; x_wconf 89' lang='lat' dir='ltr'><strong>et</strong></span> <span class='ocrx_word' id='word_1_274' title='bbox 1295 2317 1536 2358; x_wconf 85' lang='lat' dir='ltr'><strong>“bestiae”</strong></span> <span class='ocrx_word' id='word_1_275' title='bbox 1553 2317 1753 2360; x_wconf 67' lang='lat' dir='ltr'><strong>affectio-</strong></span> 
     </span>
    </p>
   </div>
   <div class='ocr_carea' id='block_1_8' title="bbox 0 0 166 3332">
    <p class='ocr_par' dir='ltr' id='par_1_8' title="bbox 0 0 166 3332">
     <span class='ocr_line' id='line_1_33' title="bbox 0 0 166 3332; baseline 0 0"><span class='ocrx_word' id='word_1_276' title='bbox 0 0 166 3332; x_wconf 95' lang='lat' dir='ltr'><strong> </strong></span> 
     </span>
    </p>
   </div>
   <div class='ocr_carea' id='block_1_9' title="bbox 268 2379 1756 2707">
    <p class='ocr_par' dir='ltr' id='par_1_9' title="bbox 268 2379 1754 2619">
     <span class='ocr_line' id='line_1_34' title="bbox 268 2379 1753 2436; baseline 0.001 -14"><span class='ocrx_word' id='word_1_277' title='bbox 268 2394 349 2422; x_wconf 87' lang='lat' dir='ltr'><strong>nes</strong></span> <span class='ocrx_word' id='word_1_278' title='bbox 371 2380 588 2422; x_wconf 85' lang='lat' dir='ltr'><strong>naturalis</strong></span> <span class='ocrx_word' id='word_1_279' title='bbox 610 2380 805 2420; x_wconf 85' lang='lat' dir='ltr'><strong>hominis</strong></span> <span class='ocrx_word' id='word_1_280' title='bbox 827 2387 923 2421; x_wconf 91' lang='lat' dir='ltr'><strong>tam</strong></span> <span class='ocrx_word' id='word_1_281' title='bbox 945 2393 1059 2433; x_wconf 90' lang='lat' dir='ltr'><strong>quae</strong></span> <span class='ocrx_word' id='word_1_282' title='bbox 1082 2379 1175 2433; x_wconf 88' lang='lat' dir='ltr'><strong>ejus</strong></span> <span class='ocrx_word' id='word_1_283' title='bbox 1197 2379 1456 2421; x_wconf 60' lang='lat' dir='ltr'><strong>intellectus</strong></span> <span class='ocrx_word' id='word_1_284' title='bbox 1481 2395 1615 2434; x_wconf 91' lang='lat' dir='ltr'><strong>quam</strong></span> <span class='ocrx_word' id='word_1_285' title='bbox 1638 2396 1753 2436; x_wconf 88' lang='lat' dir='ltr'><strong>quae</strong></span> 
     </span>
     <span class='ocr_line' id='line_1_35' title="bbox 269 2443 1754 2498; baseline 0.001 -14"><span class='ocrx_word' id='word_1_286' title='bbox 269 2443 363 2497; x_wconf 84' lang='lat' dir='ltr'><strong>ejus</strong></span> <span class='ocrx_word' id='word_1_287' title='bbox 384 2443 635 2485; x_wconf 88' lang='lat' dir='ltr'><strong>voluntatis</strong></span> <span class='ocrx_word' id='word_1_288' title='bbox 656 2450 775 2491; x_wconf 80' lang='lat' dir='ltr'><strong>sunt,</strong></span> <span class='ocrx_word' id='word_1_289' title='bbox 803 2443 1048 2496; x_wconf 75' lang='lat' dir='ltr'><strong>“reptilia’&#39;</strong></span> <span class='ocrx_word' id='word_1_290' title='bbox 1070 2443 1278 2485; x_wconf 88' lang='lat' dir='ltr'><strong>sensuale</strong></span> <span class='ocrx_word' id='word_1_291' title='bbox 1303 2444 1423 2498; x_wconf 90' lang='lat' dir='ltr'><strong>quod</strong></span> <span class='ocrx_word' id='word_1_292' title='bbox 1449 2451 1519 2486; x_wconf 89' lang='lat' dir='ltr'><strong>est</strong></span> <span class='ocrx_word' id='word_1_293' title='bbox 1546 2444 1754 2485; x_wconf 89' lang='lat' dir='ltr'><strong>ultimum</strong></span> 
     </span>
     <span class='ocr_line' id='line_1_36' title="bbox 269 2505 1754 2561; baseline 0 -13"><span class='ocrx_word' id='word_1_294' title='bbox 269 2506 485 2548; x_wconf 87' lang='lat' dir='ltr'><strong>naturalis</strong></span> <span class='ocrx_word' id='word_1_295' title='bbox 507 2506 716 2555; x_wconf 84' lang='lat' dir='ltr'><strong>hominis,</strong></span> <span class='ocrx_word' id='word_1_296' title='bbox 740 2513 788 2547; x_wconf 89' lang='lat' dir='ltr'><strong>et</strong></span> <span class='ocrx_word' id='word_1_297' title='bbox 813 2511 959 2547; x_wconf 88' lang='lat' dir='ltr'><strong>“aves</strong></span> <span class='ocrx_word' id='word_1_298' title='bbox 981 2506 1081 2546; x_wconf 86' lang='lat' dir='ltr'><strong>alae</strong></span> <span class='ocrx_word' id='word_1_299' title='bbox 1094 2505 1114 2521; x_wconf 89' lang='lat'><strong>”</strong></span> <span class='ocrx_word' id='word_1_300' title='bbox 1130 2507 1432 2560; x_wconf 87' lang='lat' dir='ltr'><strong>cogitativum</strong></span> <span class='ocrx_word' id='word_1_301' title='bbox 1454 2508 1571 2548; x_wconf 91' lang='lat' dir='ltr'><strong>inde.</strong></span> <span class='ocrx_word' id='word_1_302' title='bbox 1614 2507 1754 2561; x_wconf 92' lang='lat' dir='ltr'><strong>Apud</strong></span> 
     </span>
     <span class='ocr_line' id='line_1_37' title="bbox 268 2570 476 2619; baseline -0.005 -8"><span class='ocrx_word' id='word_1_303' title='bbox 268 2570 476 2619; x_wconf 91' lang='lat' dir='ltr'><strong>eundem,</strong></span> 
     </span>
    </p>

    <p class='ocr_par' dir='ltr' id='par_1_10' title="bbox 331 2664 1756 2707">
     <span class='ocr_line' id='line_1_38' title="bbox 331 2664 1756 2707; baseline 0.002 -11"><span class='ocrx_word' id='word_1_304' title='bbox 331 2664 495 2707; x_wconf 84' lang='lat' dir='ltr'><strong>Jehovah</strong></span> <span class='ocrx_word' id='word_1_305' title='bbox 519 2665 607 2706; x_wconf 81' lang='lat' dir='ltr'><strong>“qui</strong></span> <span class='ocrx_word' id='word_1_306' title='bbox 635 2671 824 2705; x_wconf 85' lang='lat' dir='ltr'><strong>praeparat</strong></span> <span class='ocrx_word' id='word_1_307' title='bbox 849 2671 966 2696; x_wconf 82' lang='lat' dir='ltr'><strong>terrae</strong></span> <span class='ocrx_word' id='word_1_308' title='bbox 990 2665 1158 2705; x_wconf 84' lang='lat' dir='ltr'><strong>pluviam,</strong></span> <span class='ocrx_word' id='word_1_309' title='bbox 1183 2666 1243 2706; x_wconf 89' lang='lat' dir='ltr'><strong>qui</strong></span> <span class='ocrx_word' id='word_1_310' title='bbox 1273 2666 1477 2705; x_wconf 88' lang='lat' dir='ltr'><strong>germinare</strong></span> <span class='ocrx_word' id='word_1_311' title='bbox 1501 2667 1587 2698; x_wconf 83' lang='lat' dir='ltr'><strong>facit</strong></span> <span class='ocrx_word' id='word_1_312' title='bbox 1611 2674 1756 2699; x_wconf 88' lang='lat' dir='ltr'><strong>montes</strong></span> 
     </span>
    </p>
   </div>
   <div class='ocr_carea' id='block_1_10' title="bbox 441 2708 1754 2792">
    <p class='ocr_par' dir='ltr' id='par_1_11' title="bbox 441 2708 1754 2792">
     <span class='ocr_line' id='line_1_39' title="bbox 441 2708 1754 2783; baseline 0.003 -45"><span class='ocrx_word' id='word_1_313' title='bbox 441 2718 600 2783; x_wconf 50' lang='lat' dir='ltr'><strong>grzlunetg,</strong></span> <span class='ocrx_word' id='word_1_314' title='bbox 618 2709 677 2750; x_wconf 86' lang='lat' dir='ltr'><strong>qui</strong></span> <span class='ocrx_word' id='word_1_315' title='bbox 694 2709 754 2740; x_wconf 81' lang='lat' dir='ltr'><strong>dat</strong></span> <span class='ocrx_word' id='word_1_316' title='bbox 770 2709 908 2740; x_wconf 85' lang='lat' dir='ltr'><strong>bestiae</strong></span> <span class='ocrx_word' id='word_1_317' title='bbox 925 2708 1043 2739; x_wconf 90' lang='lat' dir='ltr'><strong>cibum</strong></span> <span class='ocrx_word' id='word_1_318' title='bbox 1060 2708 1150 2749; x_wconf 87' lang='lat' dir='ltr'><strong>ejus,</strong></span> <span class='ocrx_word' id='word_1_319' title='bbox 1167 2709 1248 2741; x_wconf 84' lang='lat' dir='ltr'><strong>filiis</strong></span> <span class='ocrx_word' id='word_1_320' title='bbox 1265 2710 1364 2741; x_wconf 86' lang='lat' dir='ltr'><strong>corvi</strong></span> <span class='ocrx_word' id='word_1_321' title='bbox 1383 2710 1443 2751; x_wconf 88' lang='lat' dir='ltr'><strong>qui</strong></span> <span class='ocrx_word' id='word_1_322' title='bbox 1463 2710 1635 2742; x_wconf 90' lang='lat' dir='ltr'><strong>invocant</strong></span> <span class='ocrx_word' id='word_1_323' title='bbox 1646 2710 1664 2721; x_wconf 88' lang='grc'>”</span> <span class='ocrx_word' id='word_1_324' title='bbox 1682 2711 1754 2750; x_wconf 87' lang='lat' dir='ltr'><strong>(Ps.</strong></span> 
     </span>
     <span class='ocr_line' id='line_1_40' title="bbox 442 2753 673 2792; baseline 0 -9"><span class='ocrx_word' id='word_1_325' title='bbox 442 2762 485 2783; x_wconf 84' lang='lat' dir='ltr'><strong>cx</strong></span> <span class='ocrx_word' id='word_1_326' title='bbox 502 2753 559 2783; x_wconf 89' lang='lat' dir='ltr'><strong>vii.</strong></span> <span class='ocrx_word' id='word_1_327' title='bbox 595 2777 603 2789; x_wconf 87' lang='lat'>,</span> <span class='ocrx_word' id='word_1_328' title='bbox 620 2756 673 2792; x_wconf 86' lang='lat'><strong>9):</strong></span> 
     </span>
    </p>
   </div>
   <div class='ocr_carea' id='block_1_11' title="bbox 269 2844 1753 2963">
    <p class='ocr_par' dir='ltr' id='par_1_12' title="bbox 269 2844 1753 2963">
     <span class='ocr_line' id='line_1_41' title="bbox 269 2844 1753 2900; baseline 0.002 -15"><span class='ocrx_word' id='word_1_329' title='bbox 269 2844 447 2898; x_wconf 87' lang='lat' dir='ltr'><strong>singula</strong></span> <span class='ocrx_word' id='word_1_330' title='bbox 477 2845 589 2885; x_wconf 89' lang='lat' dir='ltr'><strong>haec</strong></span> <span class='ocrx_word' id='word_1_331' title='bbox 616 2846 755 2886; x_wconf 87' lang='lat' dir='ltr'><strong>etiam</strong></span> <span class='ocrx_word' id='word_1_332' title='bbox 787 2844 1044 2897; x_wconf 87' lang='lat' dir='ltr'><strong>significant</strong></span> <span class='ocrx_word' id='word_1_333' title='bbox 1076 2846 1324 2899; x_wconf 89' lang='lat' dir='ltr'><strong>spiritualia</strong></span> <span class='ocrx_word' id='word_1_334' title='bbox 1355 2861 1468 2900; x_wconf 87' lang='lat' dir='ltr'><strong>quae</strong></span> <span class='ocrx_word' id='word_1_335' title='bbox 1500 2854 1605 2887; x_wconf 91' lang='lat' dir='ltr'><strong>sunt</strong></span> <span class='ocrx_word' id='word_1_336' title='bbox 1638 2848 1753 2889; x_wconf 90' lang='lat' dir='ltr'><strong>caeli</strong></span> 
     </span>
     <span class='ocr_line' id='line_1_42' title="bbox 270 2907 1751 2963; baseline 0.002 -15"><span class='ocrx_word' id='word_1_337' title='bbox 270 2913 317 2948; x_wconf 91' lang='lat' dir='ltr'><strong>et</strong></span> <span class='ocrx_word' id='word_1_338' title='bbox 338 2907 583 2948; x_wconf 88' lang='lat' dir='ltr'><strong>ecclesiae:</strong></span> <span class='ocrx_word' id='word_1_339' title='bbox 618 2907 722 2961; x_wconf 91' lang='lat' dir='ltr'><strong>quid</strong></span> <span class='ocrx_word' id='word_1_340' title='bbox 748 2907 806 2948; x_wconf 91' lang='lat' dir='ltr'><strong>ad</strong></span> <span class='ocrx_word' id='word_1_341' title='bbox 829 2907 1045 2957; x_wconf 89' lang='lat' dir='ltr'><strong>Verbum,</strong></span> <span class='ocrx_word' id='word_1_342' title='bbox 1064 2908 1184 2963; x_wconf 91' lang='lat' dir='ltr'><strong>quod</strong></span> <span class='ocrx_word' id='word_1_343' title='bbox 1208 2910 1337 2950; x_wconf 87' lang='lat' dir='ltr'><strong>unice</strong></span> <span class='ocrx_word' id='word_1_344' title='bbox 1360 2911 1496 2951; x_wconf 89' lang='lat' dir='ltr'><strong>docet</strong></span> <span class='ocrx_word' id='word_1_345' title='bbox 1519 2910 1751 2951; x_wconf 88' lang='lat' dir='ltr'><strong>hominem</strong></span> 
     </span>
    </p>
   </div>
  </div>
 </body>
</html>
