1962 3334
588 285 695 323 cst.
718 284 800 325 XL,
822 283 962 317 VERs.
984 277 1130 317 8.-N.
1151 274 1319 330 654[b].
1592 285 1698 339 3723

208 396 349 446 illos,”
370 396 595 451 significat
621 398 914 446 tentationes,
937 404 986 439 et
1011 398 1074 438 sic
1104 397 1460 446 conversionem,
1486 410 1538 438 ac
1565 410 1697 437 sana—

207 461 379 502 tionem
404 475 431 501 a
456 461 576 501 falsis
607 474 687 513 per
710 474 841 500 vera:
882 461 964 500 “in
996 460 1068 501 die
1099 461 1179 501 illo
1209 462 1294 501 erit
1321 461 1484 500 semita
1514 474 1575 500 ex
1601 460 1697 500 Ae-

206 530 352 578 gypto
386 524 431 564 in
466 523 735 571 Aschurem,
774 530 823 564 ut
859 524 1011 564 veniat
1048 523 1230 564 Aschur
1265 525 1308 563 in
1345 522 1615 576 Aegyptum
1650 530 1698 563 et

207 585 451 640 Aegyptus
481 587 524 626 in
551 585 846 632 Aschurem,”
870 585 1098 638 significat
1123 586 1244 639 quod
1277 593 1384 626 tunc
1410 585 1498 626 illis
1524 586 1696 638 aperie-

208 655 282 690 tur
305 649 526 690 rationale
552 663 631 702 per
655 663 761 689 vera
786 648 1045 697 scientifica,
1074 656 1122 689 ut
1147 650 1285 689 homo
1310 647 1557 689 scientifica
1582 661 1697 700 quae

206 718 312 753 sunt
356 712 573 752 naturalis
617 712 809 752 hominis
852 711 1135 752 rationaliter
1181 718 1228 752 et
1276 711 1338 752 sic
1386 710 1697 763 intelligenter

206 775 460 825 intueatur;
495 774 808 827 “Aegyptus’'
829 781 899 814 est
924 773 1219 814 scientificum
1246 773 1463 814 naturalis
1487 773 1694 821 hominis,

206 843 254 878 et
287 836 535 878 “Aschur”
565 845 635 877 est
667 837 914 877 rationale:
959 837 1042 876 “in
1073 837 1144 876 die
1182 836 1260 876 illo
1291 835 1431 876 Israel
1463 836 1548 876 erit
1579 836 1697 876 trina

205 898 427 952 Aegypto
447 906 493 940 et
516 899 724 947 Aschuri,
748 896 1003 939 benedi&i0
1025 899 1069 939 in
1092 899 1243 939 medio
1265 897 1450 946 terrae,”
1470 897 1697 950 significat

204 960 424 1003 influxum
466 963 510 1003 in
555 970 792 1015 utrumque
837 976 896 1002 ex
941 962 1159 1015 spirituali
1204 961 1328 1012 luce3
1378 960 1587 1002 “Israel”
1624 967 1697 1002 est

205 1025 445 1078 spiritualis
465 1025 603 1065 homo
624 1026 693 1065 cui
714 1025 793 1065 lux
816 1032 887 1066 est
912 1039 936 1065 e
959 1024 1101 1072 caelo,
1128 1028 1153 1044 ‘⁴
1169 1024 1414 1077 Aegyptus
1424 1024 1443 1038 ”
1466 1030 1535 1064 est
1562 1030 1695 1063 natu·

204 1087 309 1128 ralis
329 1088 466 1128 homo
487 1089 556 1128 cui
578 1087 656 1127 lux
679 1095 749 1128 est
774 1101 798 1127 e
821 1087 1003 1135 mundo,
1026 1094 1073 1128 et
1098 1086 1348 1127 “Aschur'’
1369 1093 1439 1127 est
1461 1086 1695 1127 rationalis

204 1150 342 1191 homo
377 1151 451 1204 qui
486 1157 556 1192 est
592 1151 778 1198 medius,
816 1163 868 1190 ac
905 1149 1051 1190 lucem
1087 1150 1245 1203 recipit
1279 1163 1340 1190 ex
1376 1149 1608 1203 spirituali,
1647 1159 1695 1190 et

207 1214 476 1253 transmittit
498 1214 542 1252 in
565 1213 830 1260 naturalem,
851 1220 898 1253 et
919 1212 1115 1253 illustrat
1137 1212 1288 1252 illum:
1324 1213 1432 1253 “cui
1454 1212 1694 1253 benedicet

202 1274 437 1328 Jehovah”
461 1275 684 1328 significat
710 1275 928 1315 influxum
952 1288 979 1315 a
1005 1275 1232 1326 Domino;
1272 1275 1518 1323 “dicendo,
1547 1275 1693 1315 Bene-

208 1336 355 1379 dictus
375 1338 566 1391 populus
588 1351 713 1378 meus
730 1337 1012 1391 Aegyptus‚’'
1026 1337 1249 1391 significat
1271 1338 1524 1379 naturalem
1547 1340 1693 1380 homi-

205 1413 309 1441 nem
354 1400 655 1451 illustratum;
703 1404 788 1441 “et
832 1414 945 1453 opus
984 1413 1197 1441 manuum
1238 1414 1439 1441 mearum
1474 1401 1694 1451 Aschur‚“

204 1462 428 1516 significat
458 1463 728 1504 rationalem
759 1463 989 1503 hominem
1019 1476 1110 1503 non
1148 1477 1175 1503 a
1210 1477 1259 1503 se
1294 1463 1374 1503 sed
1411 1477 1437 1503 a
1469 1464 1692 1515 Domino;

207 1528 295 1567 “et
318 1525 546 1566 hereditas
571 1539 673 1566 mea
699 1525 876 1574 Israel,”
894 1524 1119 1578 significat
1142 1526 1421 1579 spiritualem
1446 1526 1690 1575 hominem,

203 1589 279 1643 qui
304 1588 570 1629 “hereditas
581 1588 601 1603 ”
630 1596 819 1629 vocatur
848 1590 951 1642 quia
981 1602 1115 1629 omne
1141 1589 1372 1641 spirituale
1397 1597 1467 1630 est
1494 1589 1691 1639 Domini,

203 1657 275 1692 est
313 1652 432 1692 enim
468 1651 680 1691 Divinum
717 1651 967 1704 procedens
1005 1651 1163 1703 Ipsius,
1205 1665 1264 1691 ex
1305 1665 1394 1704 quo
1430 1652 1605 1692 caelum
1645 1661 1693 1694 et

203 1713 408 1755 ecclesia.
468 1713 580 1767 Quis
600 1714 677 1754 illa
694 1714 958 1767 prophetica
974 1714 1144 1767 absque
1165 1727 1298 1754 sensu
1315 1715 1534 1767 spirituali
1555 1716 1691 1756 intel-

203 1775 399 1818 lthurus
424 1777 574 1817 esset?
632 1777 771 1830 Apud
795 1776 1007 1825 stliclzam,

268 1877 384 1910 “Dies
406 1878 463 1909 hic
487 1887 557 1919 quo
575 1887 686 1918 usque
705 1877 750 1908 ad
769 1877 821 1908 Te
841 1876 987 1908 venient
1005 1877 1050 1907 ab
1069 1876 1230 1908 Aschure
1249 1883 1285 1908 et
1303 1878 1449 1909 urbibus
1468 1878 1636 1919 Aegypti,
1655 1885 1693 1910 et

376 1922 458 1952 inde
474 1923 519 1952 ab
535 1921 702 1961 Aegypto
719 1930 830 1961 usque
849 1920 895 1951 ad
910 1920 1067 1958 fluvium,
1085 1928 1120 1951 et
1138 1930 1161 1951 a
1176 1921 1265 1952 mari
1283 1921 1329 1952 ad
1346 1931 1455 1960 mare,
1474 1929 1510 1953 et
1528 1931 1551 1953 a
1568 1930 1692 1954 monte

377 1965 423 1996 ad
439 1973 599 1996 montem
611 1964 630 1975 '¹
647 1964 717 2003 (vii.
737 1970 789 2003 12)
803 1975 810 1995 ;

201 2073 315 2114 haec
336 2074 473 2114 etiam
494 2070 615 2113 dicta
640 2078 745 2112 sunt
771 2071 827 2112 de
849 2071 1174 2112 instauratione
1200 2071 1418 2112 ecclesiae
1443 2086 1469 2112 a
1491 2072 1691 2114 Domino

202 2135 322 2188 apud
350 2142 525 2187 gentes,
553 2141 600 2175 et
631 2148 710 2187 per
739 2134 817 2174 illa
846 2133 985 2174 verba
1014 2133 1281 2174 describitur
1305 2135 1517 2174 extensio
1542 2134 1689 2175 eccle·

201 2199 294 2239 siae
318 2197 434 2238 illius
458 2197 516 2237 ab
541 2211 630 2237 uno
655 2196 741 2237 fine
766 2196 824 2236 ad
850 2196 1069 2236 alterum:
1107 2209 1219 2236 unus
1243 2195 1342 2236 finis
1367 2203 1514 2237 terrae
1540 2196 1689 2237 Cana-

202 2261 300 2302 anis
327 2260 409 2301 suit
440 2259 595 2300 fluvius
627 2259 899 2312 Euphrates,
932 2265 979 2299 et
1014 2259 1131 2299 alter
1160 2258 1239 2299 fuit
1270 2258 1426 2299 fluvius
1456 2259 1689 2312 Aegypti3

201 2324 413 2364 extensio
443 2323 536 2363 veri
566 2323 623 2363 ab
654 2336 743 2362 uno
773 2321 859 2362 fine
896 2322 953 2362 ad
984 2321 1176 2362 alterum
1208 2321 1483 2374 significatur
1514 2336 1592 2375 per
1625 2327 1690 2363 “a

202 2386 312 2426 mari
343 2386 400 2426 ad
432 2386 593 2434 mare‚'’
624 2392 670 2425 et
701 2385 912 2425 extensio
942 2384 1048 2424 boni
1079 2385 1137 2424 ab
1172 2397 1260 2424 uno
1290 2383 1376 2425 fine
1407 2385 1464 2425 ad
1496 2385 1688 2426 alterum

202 2462 282 2503 per
308 2452 375 2489 “a
405 2455 561 2489 monte
592 2448 649 2488 ad
675 2447 915 2488 montem.’‘
974 2445 1108 2499 Quod
1133 2448 1343 2488 extensio
1368 2454 1514 2488 terrae
1540 2447 1687 2489 Cana·

201 2511 312 2560 anis,
337 2524 415 2563 per
438 2523 573 2564 quam
599 2510 875 2563 significatur
895 2509 1100 2557 ecclesia,
1123 2509 1252 2550 suerit
1277 2523 1304 2550 a
1328 2509 1461 2550 fluvio
1483 2510 1688 2564 Aegypti

203 2573 261 2614 ad
286 2573 465 2614 fluvium
492 2573 707 2625 Assyriae
737 2571 1075 2626 (Euphratem),
1103 2579 1285 2613 constat
1311 2573 1429 2625 apud
1452 2572 1621 2621 Mosen,

269 2671 369 2704 “Die
392 2672 459 2703 hoc
482 2672 616 2712 pepigit
637 2671 799 2713 Jehovah
822 2671 948 2702 foedus
972 2680 1051 2702 cum
1076 2671 1248 2709 Abramo,
1274 2672 1437 2709 dicendo,
1466 2673 1599 2704 Semini
1624 2680 1687 2704 tuo

374 2716 467 2747 dabo
494 2723 623 2747 terram
653 2716 743 2746 hanc
771 2725 792 2745 a
819 2715 926 2746 fluvio
950 2714 1104 2755 Aegypti
1129 2725 1240 2756 usque
1263 2716 1309 2747 ad
1333 2715 1478 2747 fluvium
1504 2726 1687 2756 magnum,

375 2758 520 2790 fluvium
539 2758 754 2799 Euphratem
765 2758 783 2769 '’
800 2758 897 2798 (Gen.
917 2767 974 2790 xv.
996 2759 1070 2798 18);

202 2851 251 2887 et
274 2845 319 2886 in
342 2844 478 2885 Libro
500 2844 657 2885 Primo
680 2845 863 2898 Regum,

216 2951 219 2953 .
269 2922 440 2955 “Salomo
463 2922 529 2954 suit
551 2923 741 2955 dominans
765 2924 800 2954 in
825 2924 946 2955 omnia
969 2933 1080 2965 regna
1110 2934 1133 2956 a
1163 2924 1271 2957 fluvio
1282 2925 1299 2937 ''
1318 2925 1498 2966 Euphrate
1520 2926 1591 2957 “ad
1616 2932 1685 2957 ter·
