1962 3334
634 298 756 332 cAP.
779 298 843 340 x.,
865 298 1004 331 VERS.
1030 298 1173 330 1.-N.
1198 297 1291 343 593.
1462 293 1469 298 ’
1595 289 1710 342 1487

226 410 278 460 el:
311 411 433 460 dixit
466 410 596 465 mihi,
632 410 814 474 Accipe
857 420 908 458 et
943 410 1130 458 devora
1170 409 1318 464 illum,
1353 419 1403 457 et
1435 409 1713 478 amaricabit

224 497 363 536 tuum
387 497 623 541 ventrem,
647 486 736 534 sed
762 487 811 534 in
835 503 922 534 ore
945 497 1031 534 tuo
1049 486 1142 534 erit
1162 485 1315 533 dulcis
1340 485 1462 533 sicut
1484 484 1596 533 mel.

299 579 372 627 ¹.0·
418 563 483 610 Et
511 563 676 626 accepi
705 561 919 610 libellum
949 580 978 610 e
1002 579 1148 610 manu
1178 560 1357 625 angeli,
1390 571 1440 608 et
1474 561 1709 609 devoravi

225 638 371 693 illum,
390 649 440 686 et
457 638 626 686 eratin
651 655 737 686 ore
756 655 868 686 meo
886 639 1008 686 sicut
1022 636 1119 686 mel
1137 637 1311 692 dulcis;
1347 647 1399 685 et
1422 654 1531 685 cum
1555 636 1707 685 devo-

225 715 330 763 ravi
353 714 484 762 illum
509 714 796 762 amaricatus
819 725 894 762 est
917 725 1087 762 venter
1109 731 1260 762 meus.

297 807 316 838 1
331 807 370 839 1.
417 790 482 838 Et
525 790 646 838 dixit
690 790 822 845 mihi,
866 790 1076 853 Oportet
1111 801 1162 838 te
1203 790 1377 838 iterum
1417 788 1709 853 prophetare

224 883 374 930 super
395 865 604 930 populos
628 877 679 914 et
699 877 878 931 gentes
903 877 953 914 et
975 866 1164 931 linguas
1188 876 1239 914 et
1261 883 1407 930 reges
1430 865 1620 913 multos.

769 1075 1030 1106 EXPLICA
1045 1075 1157 1107 TIO.

870 1173 1006 1197 VERSUS
1026 1173 1056 1198 1.

299 1242 431 1287 ⁵⁹2·
469 1247 522 1274 “ft
534 1247 594 1274 utar·
609 1247 696 1274 allum
710 1248 842 1280 anyelum
854 1247 965 1280 fortem
979 1248 1201 1274 descendentem
1219 1255 1236 1274 e
1250 1248 1338 1279 eaelo,
1354 1247 1562 1274 circumdatum
1577 1246 1660 1278 nube,
1676 1248 1708 1274 et

196 1296 197 1299 ¹
222 1285 279 1313 Me
290 1292 382 1318 unm
393 1288 488 1319 eaput,
505 1289 536 1314 et
546 1286 646 1320 foetes
659 1287 725 1320 eJue
739 1288 818 1314 siccat
830 1288 884 1318 eol.
901 1289 932 1315 et
944 1288 1036 1319 pedes
1049 1288 1116 1320 ejus
1130 1288 1209 1314 elcut
1222 1289 1372 1314 columnae
1385 1287 1495 1320 mutae·

269 1366 299 1391 ι.
331 1358 394 1392 ἘΙ
417 1358 488 1393 vidi
505 1359 610 1393 alium
632 1361 790 1404 angelum
815 1361 936 1393 fortem
953 1360 1215 1394 descendentem
1232 1370 1251 1394 e
1267 1361 1390 1398 caelo!
1405 1360 1567 1402 significat
1588 1360 1707 1392 Domi·

397 1414 482 1435 num
497 1405 610 1446 quoad
629 1405 785 1442 Verbum,
797 1405 852 1436 hic
866 1406 978 1446 quoad
988 1416 1119 1436 sensum
1135 1406 1205 1447 q'us
1218 1406 1389 1442 ultimum,
1405 1406 1467 1447 qui
1479 1410 1624 1436 vocatur
1635 1415 1706 1436 sen·

395 1458 452 1479 sus
472 1449 602 1479 litterae
627 1448 677 1491 [n.
696 1448 798 1491 593];
829 1448 1098 1482 “circumdatum
1120 1449 1237 1487 nube,''
1252 1449 1412 1490 significat
1428 1450 1587 1480 ultimum
1612 1449 1710 1480 Verbi

399 1491 450 1534 [n.
468 1491 573 1534 594];
603 1494 661 1525 “et
680 1492 744 1526 iris
766 1502 873 1535 supe-a
897 1493 1028 1535 caput?
1043 1493 1207 1534 significat
1230 1494 1392 1525 interiora
1418 1491 1515 1524 Ver-*bi
1531 1493 1582 1536 [n.
1600 1492 1703 1535 595];

397 1538 456 1569 ὀἱ
469 1535 578 1569 facies
593 1536 670 1579 ejus
684 1536 779 1570 sicut
790 1537 872 1574 sol‚”
886 1537 1049 1578 significat
1063 1538 1239 1568 Divinum
1254 1539 1411 1569 Amorem
1428 1538 1574 1568 Domini
1586 1548 1628 1569 ex
1642 1549 1706 1579 quo

395 1591 490 1611 omne
497 1580 674 1611 Divinum
693 1581 824 1618 Verum,
835 1582 924 1622 quod
933 1582 971 1612 in
983 1582 1070 1612 caelo
1081 1582 1161 1612 etin
1174 1582 1303 1613 ecclesia
1315 1586 1362 1613 est
1378 1582 1518 1613 Verbum
1535 1582 1585 1624 [n.
1598 1581 1702 1624 596];

398 1626 455 1656 ‘et
472 1624 581 1666 pedes
604 1624 680 1666 ejus
701 1624 796 1658 sicut
816 1626 993 1658 columnae
1008 1625 1125 1668 iqnis,''
1140 1625 1300 1667 significat
1315 1626 1487 1657 Divinum
1514 1626 1633 1656 Verum
1648 1637 1705 1657 seu

398 1667 536 1699 Verbum
559 1669 597 1699 in
613 1669 741 1700 ultimis
754 1674 939 1700 sustentans
954 1670 1116 1700 inten'ora
1139 1670 1197 1708 ihi,
1212 1670 1312 1701 etiam
1321 1671 1462 1712 plenum
1485 1670 1566 1701 bono
1581 1671 1706 1702 amoris

397 1710 449 1754 [¹¹·
466 1711 563 1754 597]·
613 1721 624 1730 .

298 1808 434 1852 593·
472 1809 638 1848 [Vers.1.]
668 1800 747 1840 “ft
774 1800 852 1840 vidi
870 1800 991 1840 alium
1015 1801 1201 1854 angelum
1222 1801 1369 1841 fontem
1392 1802 1705 1842 descendentem

223 1869 249 1898 e
268 1856 619 1911 eaelo.''—Quod
657 1859 883 1912 significet
919 1860 1162 1901 Dominum
1200 1861 1350 1914 quoad
1394 1861 1595 1910 Verbum,
1631 1861 1705 1902 lzic

223 1918 372 1972 quoad
386 1932 560 1959 sensum
579 1920 669 1973 ejus
690 1919 890 1961 ultimum
914 1921 994 1973 qui
1009 1929 1191 1962 vocatur
1209 1935 1364 1963 sensus
1385 1922 1571 1970 litterae,
1590 1935 1702 1963 con·

223 1987 318 2022 stat
353 1995 413 2022 ex
444 1981 771 2034 significatione
805 1983 994 2036 “angeli
1026 1984 1194 2032 fortis‚‘'
1225 1985 1344 2038 quod
1382 1986 1440 2026 sit
1478 1985 1701 2026 Dominus

220 2042 371 2095 quoad
400 2041 606 2083 Verbum
631 2053 686 2091 (de
704 2063 769 2091 qua
780 2055 965 2094 sequitur);
997 2045 1119 2098 quod
1150 2046 1208 2086 sit
1238 2046 1389 2099 quoad
1420 2045 1627 2086 Verbum
1656 2047 1702 2087 in

223 2115 359 2144 sensu
390 2102 483 2156 ejus
518 2103 694 2153 ultimo,
727 2106 801 2158 qui
837 2112 1025 2146 vocatur
1065 2119 1223 2146 sensus
1262 2106 1457 2155 litterae,
1491 2114 1562 2148 est
1598 2109 1701 2162 quia

222 2159 444 2216 Dominus
465 2179 524 2206 ex
546 2165 625 2206 illo
646 2167 807 2207 dicitur
830 2167 1033 2216 “fortis,”
1050 2181 1155 2209 nam
1177 2181 1310 2209 omne
1331 2169 1465 2210 robur
1486 2176 1533 2210 et
1555 2172 1701 2211 omnis

221 2228 430 2281 potentia
467 2227 617 2269 Divini
647 2228 757 2270 Veri
793 2230 951 2270 existit
992 2237 1039 2271 et
1076 2232 1285 2272 consistit
1321 2232 1365 2272 in
1397 2231 1490 2284 ejus
1521 2232 1697 2280 ultimo,

219 2288 408 2341 proinde
436 2289 483 2328 in
507 2287 649 2330 Verbi
678 2303 813 2330 sensu
844 2290 1026 2331 litterae
1048 2301 1103 2339 (de
1117 2311 1229 2339 quare
1243 2303 1337 2332 etiam
1352 2303 1522 2342 sequitur).
1581 2293 1699 2346 Quia

219 2347 487 2401 intelligitur
517 2363 675 2390 sensus
707 2350 888 2392 litterae
919 2351 1074 2400 Verbi,
1106 2353 1209 2393 ideo
1245 2353 1409 2394 dicitur
1439 2354 1495 2394 de
1531 2354 1698 2407 angelo

218 2410 339 2463 quod
374 2411 495 2452 visus
530 2412 588 2452 sit
623 2413 935 2454 “descendere
976 2428 1001 2454 e
1043 2414 1222 2455 caelo:''
1264 2415 1410 2457 simile
1446 2417 1609 2457 dicitur
1643 2417 1700 2458 de

222 2470 376 2514 Verbo
392 2474 512 2527 quod
534 2481 603 2516 est
623 2475 834 2516 Divinum
850 2476 1018 2517 Verum
1038 2491 1047 2527 ;
1080 2477 1166 2518 hoc
1189 2491 1215 2518 a
1233 2478 1430 2520 Domino
1452 2493 1531 2532 per
1547 2479 1701 2521 caelos

147 2594 150 2595 γ
219 2534 265 2575 in
285 2536 500 2576 mundum
518 2537 754 2579 descendit
773 2553 782 2588 ;
814 2546 1089 2593 quapropter
1105 2541 1409 2594 adaequatum
1427 2549 1496 2582 est
1520 2543 1698 2595 sapien-

221 2597 312 2638 tiae
332 2598 596 2651 angelorum
617 2601 691 2653 qui
716 2601 761 2641 in
784 2601 925 2641 tribus
952 2602 1103 2650 caelis,
1126 2610 1172 2644 et
1195 2617 1372 2657 quoque
1393 2604 1698 2657 adaequatum

219 2665 291 2700 est
311 2659 566 2702 hominibus
592 2663 666 2715 qui
690 2663 735 2703 in
761 2663 955 2704 naturali
981 2665 1175 2706 mundo:
1209 2666 1313 2706 inde
1338 2672 1408 2707 est
1434 2666 1554 2719 quod
1578 2665 1695 2707 Ver·

217 2719 322 2761 bum
354 2722 399 2762 in
429 2724 627 2764 omnium
659 2738 738 2765 sua
774 2726 916 2778 prima
952 2727 1125 2779 origine
1160 2728 1219 2768 sit
1257 2741 1436 2780 prorsus
1469 2728 1695 2777 Divinum,

218 2781 321 2824 dein
351 2784 563 2834 caeleste,
597 2792 692 2827 tum
724 2787 968 2840 spirituale,
1001 2795 1048 2829 et
1084 2789 1276 2843 denique
1307 2790 1547 2840 naturale;
1589 2803 1692 2831 cae-

218 2843 332 2886 leste
353 2859 434 2900 pro
454 2847 628 2900 angelis
653 2849 798 2890 intimi
821 2863 898 2890 seu
924 2852 1046 2891 tertii
1067 2851 1180 2892 caeli
1206 2853 1279 2905 qui
1300 2852 1450 2905 angeli
1473 2859 1695 2894 vocantur

218 2906 452 2959 caelestes,
485 2911 716 2964 spirituale
752 2926 833 2966 pro
868 2913 1043 2966 angelis
1079 2915 1264 2955 secundi
1295 2929 1373 2956 seu
1409 2915 1543 2956 medii
1580 2915 1693 2956 caeli
