<?xml version="1.0" encoding="UTF-8"?>
<!DOCTYPE html PUBLIC "-//W3C//DTD XHTML 1.0 Transitional//EN"
    "http://www.w3.org/TR/xhtml1/DTD/xhtml1-transitional.dtd">
<html xmlns="http://www.w3.org/1999/xhtml" xml:lang="en" lang="en">
 <head>
  <title>
</title>
<meta http-equiv="Content-Type" content="text/html;charset=utf-8" />
  <meta name='ocr-system' content='tesseract 3.04.00' />
  <meta name='ocr-capabilities' content='ocr_page ocr_carea ocr_par ocr_line ocrx_word'/>
</head>
<body>
  <div class='ocr_page' id='page_1' title='image "apocalypsisexpli03sweduoft_0530.png"; bbox 0 0 1962 3334; ppageno 0'>
   <div class='ocr_carea' id='block_1_1' title="bbox 287 267 1362 318">
    <p class='ocr_par' dir='ltr' id='par_1_1' title="bbox 287 267 1362 318">
     <span class='ocr_line' id='line_1_1' title="bbox 287 267 1362 318; baseline 0.004 -11"><span class='ocrx_word' id='word_1_1' title='bbox 287 277 302 306; x_wconf 91' lang='lat'>1</span> <span class='ocrx_word' id='word_1_2' title='bbox 312 267 394 318; x_wconf 90' lang='lat'><strong>844</strong></span> <span class='ocrx_word' id='word_1_3' title='bbox 696 275 1029 309; x_wconf 75' lang='lat' dir='ltr'>APOCALYPSIS</span> <span class='ocrx_word' id='word_1_4' title='bbox 1061 278 1362 311; x_wconf 85' lang='lat' dir='ltr'><strong>EXPLICATA.</strong></span> 
     </span>
    </p>
   </div>
   <div class='ocr_carea' id='block_1_2' title="bbox 280 389 1770 502">
    <p class='ocr_par' dir='ltr' id='par_1_2' title="bbox 280 389 1770 502">
     <span class='ocr_line' id='line_1_2' title="bbox 281 389 1770 459; baseline 0.003 -30"><span class='ocrx_word' id='word_1_5' title='bbox 281 389 438 459; x_wconf 86' lang='lat' dir='ltr'><strong>bitur‚’&#39;</strong></span> <span class='ocrx_word' id='word_1_6' title='bbox 461 396 505 430; x_wconf 92' lang='lat' dir='ltr'><strong>et</strong></span> <span class='ocrx_word' id='word_1_7' title='bbox 532 390 636 443; x_wconf 90' lang='lat' dir='ltr'><strong>quid</strong></span> <span class='ocrx_word' id='word_1_8' title='bbox 664 403 743 444; x_wconf 90' lang='lat' dir='ltr'><strong>per</strong></span> <span class='ocrx_word' id='word_1_9' title='bbox 771 392 1001 444; x_wconf 88' lang='lat' dir='ltr'><strong>“pretium</strong></span> <span class='ocrx_word' id='word_1_10' title='bbox 1027 392 1210 446; x_wconf 88' lang='lat' dir='ltr'><strong>operis.’&#39;</strong></span> <span class='ocrx_word' id='word_1_11' title='bbox 1270 392 1482 434; x_wconf 84' lang='lat' dir='ltr'>Similiter</span> <span class='ocrx_word' id='word_1_12' title='bbox 1507 393 1624 446; x_wconf 89' lang='lat' dir='ltr'><strong>apud</strong></span> <span class='ocrx_word' id='word_1_13' title='bbox 1649 392 1770 434; x_wconf 86' lang='lat' dir='ltr'><strong>Esa-</strong></span> 
     </span>
     <span class='ocr_line' id='line_1_3' title="bbox 280 467 384 502; baseline 0 -9"><span class='ocrx_word' id='word_1_14' title='bbox 280 467 384 502; x_wconf 76' lang='lat' dir='ltr'><strong>tam,</strong></span> 
     </span>
    </p>
   </div>
   <div class='ocr_carea' id='block_1_3' title="bbox 347 554 1771 641">
    <p class='ocr_par' dir='ltr' id='par_1_3' title="bbox 347 554 1771 641">
     <span class='ocr_line' id='line_1_4' title="bbox 347 554 1771 597; baseline 0.002 -12"><span class='ocrx_word' id='word_1_15' title='bbox 347 554 455 595; x_wconf 88' lang='lat' dir='ltr'><strong>“Ego</strong></span> <span class='ocrx_word' id='word_1_16' title='bbox 478 554 639 596; x_wconf 78' lang='lat' dir='ltr'><strong>jehovah</strong></span> <span class='ocrx_word' id='word_1_17' title='bbox 665 566 790 587; x_wconf 85' lang='lat' dir='ltr'><strong>amans</strong></span> <span class='ocrx_word' id='word_1_18' title='bbox 814 556 1179 596; x_wconf 87' lang='lat' dir='ltr'><strong>judicium‚....dabo</strong></span> <span class='ocrx_word' id='word_1_19' title='bbox 1209 558 1408 589; x_wconf 85' lang='lat' dir='ltr'>mercedem</span> <span class='ocrx_word' id='word_1_20' title='bbox 1437 557 1555 597; x_wconf 90' lang='lat' dir='ltr'><strong>operis</strong></span> <span class='ocrx_word' id='word_1_21' title='bbox 1583 567 1706 588; x_wconf 88' lang='lat' dir='ltr'><strong>eorum</strong></span> <span class='ocrx_word' id='word_1_22' title='bbox 1734 557 1771 588; x_wconf 90' lang='lat' dir='ltr'><strong>in</strong></span> 
     </span>
     <span class='ocr_line' id='line_1_5' title="bbox 455 599 1507 641; baseline 0.003 -11"><span class='ocrx_word' id='word_1_23' title='bbox 455 599 613 637; x_wconf 87' lang='lat' dir='ltr'><strong>veritate,</strong></span> <span class='ocrx_word' id='word_1_24' title='bbox 632 606 666 631; x_wconf 88' lang='lat' dir='ltr'><strong>et</strong></span> <span class='ocrx_word' id='word_1_25' title='bbox 685 600 811 631; x_wconf 79' lang='lat' dir='ltr'><strong>foedus</strong></span> <span class='ocrx_word' id='word_1_26' title='bbox 828 601 1049 633; x_wconf 82' lang='lat' dir='ltr'>aeternitatis</span> <span class='ocrx_word' id='word_1_27' title='bbox 1067 601 1226 632; x_wconf 85' lang='lat' dir='ltr'>excidam</span> <span class='ocrx_word' id='word_1_28' title='bbox 1248 602 1316 633; x_wconf 90' lang='lat' dir='ltr'><strong>illis</strong></span> <span class='ocrx_word' id='word_1_29' title='bbox 1328 600 1345 612; x_wconf 84' lang='lat'><strong>’¹</strong></span> <span class='ocrx_word' id='word_1_30' title='bbox 1363 601 1435 641; x_wconf 86' lang='lat' dir='ltr'><strong>(lxi.</strong></span> <span class='ocrx_word' id='word_1_31' title='bbox 1454 601 1507 641; x_wconf 85' lang='lat'><strong>8):</strong></span> 
     </span>
    </p>
   </div>
   <div class='ocr_carea' id='block_1_4' title="bbox 279 692 1774 1629">
    <p class='ocr_par' dir='ltr' id='par_1_4' title="bbox 279 692 1774 1629">
     <span class='ocr_line' id='line_1_6' title="bbox 281 692 1771 749; baseline 0.002 -16"><span class='ocrx_word' id='word_1_32' title='bbox 281 706 359 745; x_wconf 89' lang='lat' dir='ltr'><strong>per</strong></span> <span class='ocrx_word' id='word_1_33' title='bbox 398 692 674 746; x_wconf 81' lang='lat' dir='ltr'><strong>“judicium’&#39;</strong></span> <span class='ocrx_word' id='word_1_34' title='bbox 717 695 837 748; x_wconf 91' lang='lat' dir='ltr'><strong>quod</strong></span> <span class='ocrx_word' id='word_1_35' title='bbox 879 702 1002 736; x_wconf 84' lang='lat' dir='ltr'><strong>amat</strong></span> <span class='ocrx_word' id='word_1_36' title='bbox 1041 696 1261 749; x_wconf 89' lang='lat' dir='ltr'><strong>Jehovah‚</strong></span> <span class='ocrx_word' id='word_1_37' title='bbox 1305 695 1579 749; x_wconf 82' lang='lat' dir='ltr'><strong>significatur</strong></span> <span class='ocrx_word' id='word_1_38' title='bbox 1618 708 1771 736; x_wconf 89' lang='lat' dir='ltr'><strong>verum</strong></span> 
     </span>
     <span class='ocr_line' id='line_1_7' title="bbox 281 755 1770 811; baseline 0.003 -16"><span class='ocrx_word' id='word_1_39' title='bbox 281 755 381 805; x_wconf 91' lang='lat' dir='ltr'><strong>fide,</strong></span> <span class='ocrx_word' id='word_1_40' title='bbox 410 756 646 797; x_wconf 68' lang='lat' dir='ltr'><strong>affectione</strong></span> <span class='ocrx_word' id='word_1_41' title='bbox 679 764 725 798; x_wconf 91' lang='lat' dir='ltr'><strong>et</strong></span> <span class='ocrx_word' id='word_1_42' title='bbox 757 757 873 807; x_wconf 67' lang='lat' dir='ltr'><strong>actu,</strong></span> <span class='ocrx_word' id='word_1_43' title='bbox 902 772 1005 799; x_wconf 91' lang='lat' dir='ltr'><strong>nam</strong></span> <span class='ocrx_word' id='word_1_44' title='bbox 1028 758 1240 811; x_wconf 88' lang='lat' dir='ltr'><strong>judicium</strong></span> <span class='ocrx_word' id='word_1_45' title='bbox 1268 766 1337 799; x_wconf 88' lang='lat' dir='ltr'><strong>est</strong></span> <span class='ocrx_word' id='word_1_46' title='bbox 1370 759 1538 799; x_wconf 89' lang='lat' dir='ltr'><strong>homini</strong></span> <span class='ocrx_word' id='word_1_47' title='bbox 1565 773 1623 799; x_wconf 87' lang='lat' dir='ltr'><strong>ex</strong></span> <span class='ocrx_word' id='word_1_48' title='bbox 1649 772 1770 806; x_wconf 83' lang='lat' dir='ltr'><strong>vero,</strong></span> 
     </span>
     <span class='ocr_line' id='line_1_8' title="bbox 281 821 1771 875; baseline 0.002 -17"><span class='ocrx_word' id='word_1_49' title='bbox 281 825 375 859; x_wconf 87' lang='lat' dir='ltr'><strong>tam</strong></span> <span class='ocrx_word' id='word_1_50' title='bbox 402 833 502 859; x_wconf 92' lang='lat' dir='ltr'><strong>cum</strong></span> <span class='ocrx_word' id='word_1_51' title='bbox 530 821 703 873; x_wconf 79' lang='lat' dir='ltr'>cogitat</span> <span class='ocrx_word' id='word_1_52' title='bbox 730 828 775 862; x_wconf 91' lang='lat' dir='ltr'><strong>et</strong></span> <span class='ocrx_word' id='word_1_53' title='bbox 802 821 898 862; x_wconf 89' lang='lat' dir='ltr'><strong>vult</strong></span> <span class='ocrx_word' id='word_1_54' title='bbox 922 835 1073 862; x_wconf 89' lang='lat' dir='ltr'><strong>verum</strong></span> <span class='ocrx_word' id='word_1_55' title='bbox 1100 835 1235 875; x_wconf 89' lang='lat' dir='ltr'><strong>quam</strong></span> <span class='ocrx_word' id='word_1_56' title='bbox 1263 835 1361 862; x_wconf 89' lang='lat' dir='ltr'><strong>cum</strong></span> <span class='ocrx_word' id='word_1_57' title='bbox 1397 821 1592 874; x_wconf 91' lang='lat' dir='ltr'><strong>loquitur</strong></span> <span class='ocrx_word' id='word_1_58' title='bbox 1617 834 1771 862; x_wconf 89' lang='lat' dir='ltr'><strong>verum</strong></span> 
     </span>
     <span class='ocr_line' id='line_1_9' title="bbox 280 883 1772 938; baseline 0.001 -16"><span class='ocrx_word' id='word_1_59' title='bbox 280 889 325 923; x_wconf 88' lang='lat' dir='ltr'><strong>et</strong></span> <span class='ocrx_word' id='word_1_60' title='bbox 352 883 456 923; x_wconf 86' lang='lat' dir='ltr'><strong>facit</strong></span> <span class='ocrx_word' id='word_1_61' title='bbox 484 884 728 924; x_wconf 91' lang='lat' dir='ltr'><strong>secundum</strong></span> <span class='ocrx_word' id='word_1_62' title='bbox 756 885 828 935; x_wconf 87' lang='lat' dir='ltr'><strong>id;</strong></span> <span class='ocrx_word' id='word_1_63' title='bbox 869 891 915 925; x_wconf 93' lang='lat' dir='ltr'><strong>et</strong></span> <span class='ocrx_word' id='word_1_64' title='bbox 941 885 1041 938; x_wconf 88' lang='lat' dir='ltr'><strong>quia</strong></span> <span class='ocrx_word' id='word_1_65' title='bbox 1064 886 1106 925; x_wconf 90' lang='lat' dir='ltr'><strong>id</strong></span> <span class='ocrx_word' id='word_1_66' title='bbox 1137 898 1215 937; x_wconf 89' lang='lat' dir='ltr'><strong>per</strong></span> <span class='ocrx_word' id='word_1_67' title='bbox 1244 884 1490 937; x_wconf 87' lang='lat' dir='ltr'><strong>“judicium</strong></span> <span class='ocrx_word' id='word_1_68' title='bbox 1503 884 1521 899; x_wconf 90' lang='lat'><strong>&#39;’</strong></span> <span class='ocrx_word' id='word_1_69' title='bbox 1547 883 1772 937; x_wconf 84' lang='lat' dir='ltr'><strong>significa-</strong></span> 
     </span>
     <span class='ocr_line' id='line_1_10' title="bbox 281 946 1772 1000; baseline 0.001 -15"><span class='ocrx_word' id='word_1_70' title='bbox 281 953 365 994; x_wconf 88' lang='lat' dir='ltr'><strong>tur,</strong></span> <span class='ocrx_word' id='word_1_71' title='bbox 394 946 495 986; x_wconf 91' lang='lat' dir='ltr'><strong>ideo</strong></span> <span class='ocrx_word' id='word_1_72' title='bbox 527 947 701 995; x_wconf 90' lang='lat' dir='ltr'><strong>dicitur,</strong></span> <span class='ocrx_word' id='word_1_73' title='bbox 733 947 905 988; x_wconf 87' lang='lat' dir='ltr'>“Dabo</span> <span class='ocrx_word' id='word_1_74' title='bbox 932 948 1186 988; x_wconf 83' lang='lat' dir='ltr'><strong>mercedem</strong></span> <span class='ocrx_word' id='word_1_75' title='bbox 1219 948 1365 1000; x_wconf 90' lang='lat' dir='ltr'><strong>operis</strong></span> <span class='ocrx_word' id='word_1_76' title='bbox 1397 961 1550 987; x_wconf 89' lang='lat' dir='ltr'><strong>eorum</strong></span> <span class='ocrx_word' id='word_1_77' title='bbox 1581 948 1626 987; x_wconf 90' lang='lat' dir='ltr'><strong>in</strong></span> <span class='ocrx_word' id='word_1_78' title='bbox 1658 947 1772 988; x_wconf 87' lang='lat' dir='ltr'><strong>veri-</strong></span> 
     </span>
     <span class='ocr_line' id='line_1_11' title="bbox 279 1008 1773 1058; baseline 0.001 -10"><span class='ocrx_word' id='word_1_79' title='bbox 279 1008 416 1055; x_wconf 87' lang='lat' dir='ltr'><strong>tate,&#39;’</strong></span> <span class='ocrx_word' id='word_1_80' title='bbox 443 1009 527 1049; x_wconf 91' lang='lat' dir='ltr'><strong>hoc</strong></span> <span class='ocrx_word' id='word_1_81' title='bbox 551 1016 635 1058; x_wconf 86' lang='lat' dir='ltr'><strong>est,</strong></span> <span class='ocrx_word' id='word_1_82' title='bbox 664 1010 837 1050; x_wconf 85' lang='lat' dir='ltr'><strong>caelum</strong></span> <span class='ocrx_word' id='word_1_83' title='bbox 866 1011 1112 1051; x_wconf 89' lang='lat' dir='ltr'><strong>secundum</strong></span> <span class='ocrx_word' id='word_1_84' title='bbox 1139 1011 1273 1051; x_wconf 90' lang='lat' dir='ltr'><strong>fidem</strong></span> <span class='ocrx_word' id='word_1_85' title='bbox 1301 1018 1346 1051; x_wconf 90' lang='lat' dir='ltr'><strong>et</strong></span> <span class='ocrx_word' id='word_1_86' title='bbox 1374 1009 1654 1051; x_wconf 66' lang='lat' dir='ltr'><strong>affectionem</strong></span> <span class='ocrx_word' id='word_1_87' title='bbox 1681 1011 1773 1051; x_wconf 91' lang='lat' dir='ltr'><strong>veri</strong></span> 
     </span>
     <span class='ocr_line' id='line_1_12' title="bbox 281 1070 1773 1126; baseline 0.001 -15"><span class='ocrx_word' id='word_1_88' title='bbox 281 1072 324 1111; x_wconf 93' lang='lat' dir='ltr'><strong>in</strong></span> <span class='ocrx_word' id='word_1_89' title='bbox 351 1070 478 1122; x_wconf 57' lang='lat' dir='ltr'><strong>actm</strong></span> <span class='ocrx_word' id='word_1_90' title='bbox 518 1079 563 1112; x_wconf 90' lang='lat' dir='ltr'><strong>et</strong></span> <span class='ocrx_word' id='word_1_91' title='bbox 596 1074 698 1126; x_wconf 87' lang='lat' dir='ltr'><strong>quia</strong></span> <span class='ocrx_word' id='word_1_92' title='bbox 723 1073 825 1113; x_wconf 91' lang='lat' dir='ltr'><strong>inde</strong></span> <span class='ocrx_word' id='word_1_93' title='bbox 850 1072 1104 1126; x_wconf 61' lang='lat' dir='ltr'><strong>conjunctio</strong></span> <span class='ocrx_word' id='word_1_94' title='bbox 1131 1081 1199 1114; x_wconf 91' lang='lat' dir='ltr'><strong>est</strong></span> <span class='ocrx_word' id='word_1_95' title='bbox 1227 1087 1328 1114; x_wconf 89' lang='lat' dir='ltr'><strong>cum</strong></span> <span class='ocrx_word' id='word_1_96' title='bbox 1355 1074 1565 1122; x_wconf 90' lang='lat' dir='ltr'><strong>Domino,</strong></span> <span class='ocrx_word' id='word_1_97' title='bbox 1594 1087 1653 1113; x_wconf 88' lang='lat' dir='ltr'><strong>ex</strong></span> <span class='ocrx_word' id='word_1_98' title='bbox 1685 1087 1773 1126; x_wconf 89' lang='lat' dir='ltr'><strong>quo</strong></span> 
     </span>
     <span class='ocr_line' id='line_1_13' title="bbox 282 1135 1772 1185; baseline 0.001 -11"><span class='ocrx_word' id='word_1_99' title='bbox 282 1147 468 1184; x_wconf 82' lang='lat' dir='ltr'><strong>merceS‚</strong></span> <span class='ocrx_word' id='word_1_100' title='bbox 498 1135 598 1176; x_wconf 91' lang='lat' dir='ltr'><strong>ideo</strong></span> <span class='ocrx_word' id='word_1_101' title='bbox 631 1136 766 1176; x_wconf 89' lang='lat' dir='ltr'><strong>etiam</strong></span> <span class='ocrx_word' id='word_1_102' title='bbox 800 1137 974 1185; x_wconf 86' lang='lat' dir='ltr'><strong>dicitur,</strong></span> <span class='ocrx_word' id='word_1_103' title='bbox 1005 1137 1223 1177; x_wconf 87' lang='lat' dir='ltr'><strong>“Foedus</strong></span> <span class='ocrx_word' id='word_1_104' title='bbox 1250 1137 1532 1176; x_wconf 80' lang='lat' dir='ltr'><strong>aeternitatis</strong></span> <span class='ocrx_word' id='word_1_105' title='bbox 1564 1136 1772 1176; x_wconf 80' lang='lat' dir='ltr'><strong>excidam</strong></span> 
     </span>
     <span class='ocr_line' id='line_1_14' title="bbox 280 1197 1774 1252; baseline 0.002 -15"><span class='ocrx_word' id='word_1_106' title='bbox 280 1197 366 1237; x_wconf 92' lang='lat' dir='ltr'><strong>illis</strong></span> <span class='ocrx_word' id='word_1_107' title='bbox 384 1198 416 1248; x_wconf 90' lang='lat'><strong>;”</strong></span> <span class='ocrx_word' id='word_1_108' title='bbox 457 1211 534 1251; x_wconf 90' lang='lat' dir='ltr'><strong>per</strong></span> <span class='ocrx_word' id='word_1_109' title='bbox 563 1199 755 1239; x_wconf 86' lang='lat' dir='ltr'><strong>“foedus</strong></span> <span class='ocrx_word' id='word_1_110' title='bbox 768 1199 786 1214; x_wconf 88' lang='lat'>”</span> <span class='ocrx_word' id='word_1_111' title='bbox 812 1200 931 1239; x_wconf 90' lang='lat' dir='ltr'><strong>enim</strong></span> <span class='ocrx_word' id='word_1_112' title='bbox 963 1201 1006 1239; x_wconf 92' lang='lat' dir='ltr'><strong>in</strong></span> <span class='ocrx_word' id='word_1_113' title='bbox 1034 1199 1190 1240; x_wconf 91' lang='lat' dir='ltr'><strong>Verbo</strong></span> <span class='ocrx_word' id='word_1_114' title='bbox 1217 1199 1494 1252; x_wconf 83' lang='lat' dir='ltr'><strong>significatur</strong></span> <span class='ocrx_word' id='word_1_115' title='bbox 1519 1197 1774 1251; x_wconf 62' lang='lat' dir='ltr'><strong>conjunctio</strong></span> 
     </span>
     <span class='ocr_line' id='line_1_15' title="bbox 282 1260 1774 1314; baseline 0.001 -14"><span class='ocrx_word' id='word_1_116' title='bbox 282 1273 360 1312; x_wconf 91' lang='lat' dir='ltr'><strong>per</strong></span> <span class='ocrx_word' id='word_1_117' title='bbox 391 1274 606 1309; x_wconf 87' lang='lat' dir='ltr'><strong>amorem,</strong></span> <span class='ocrx_word' id='word_1_118' title='bbox 640 1268 687 1302; x_wconf 95' lang='lat' dir='ltr'><strong>et</strong></span> <span class='ocrx_word' id='word_1_119' title='bbox 725 1275 803 1314; x_wconf 93' lang='lat' dir='ltr'><strong>per</strong></span> <span class='ocrx_word' id='word_1_120' title='bbox 837 1262 1030 1302; x_wconf 89' lang='lat' dir='ltr'><strong>“foedus</strong></span> <span class='ocrx_word' id='word_1_121' title='bbox 1063 1262 1378 1303; x_wconf 87' lang='lat' dir='ltr'><strong>aeternitatis&#39;&#39;</strong></span> <span class='ocrx_word' id='word_1_122' title='bbox 1410 1260 1664 1314; x_wconf 58' lang='lat' dir='ltr'><strong>conjunffitio</strong></span> <span class='ocrx_word' id='word_1_123' title='bbox 1696 1274 1774 1313; x_wconf 91' lang='lat' dir='ltr'><strong>per</strong></span> 
     </span>
     <span class='ocr_line' id='line_1_16' title="bbox 282 1323 1773 1378; baseline 0.001 -16"><span class='ocrx_word' id='word_1_124' title='bbox 282 1336 482 1363; x_wconf 87' lang='lat' dir='ltr'><strong>amorem</strong></span> <span class='ocrx_word' id='word_1_125' title='bbox 516 1324 621 1364; x_wconf 92' lang='lat' dir='ltr'><strong>boni</strong></span> <span class='ocrx_word' id='word_1_126' title='bbox 654 1331 700 1365; x_wconf 88' lang='lat' dir='ltr'><strong>et</strong></span> <span class='ocrx_word' id='word_1_127' title='bbox 733 1323 851 1374; x_wconf 90' lang='lat' dir='ltr'><strong>veri;</strong></span> <span class='ocrx_word' id='word_1_128' title='bbox 889 1338 1014 1365; x_wconf 84' lang='lat' dir='ltr'><strong>amor</strong></span> <span class='ocrx_word' id='word_1_129' title='bbox 1046 1326 1163 1365; x_wconf 89' lang='lat' dir='ltr'><strong>enim</strong></span> <span class='ocrx_word' id='word_1_130' title='bbox 1196 1324 1269 1364; x_wconf 85' lang='lat' dir='ltr'><strong>ille</strong></span> <span class='ocrx_word' id='word_1_131' title='bbox 1297 1324 1544 1377; x_wconf 86' lang='lat' dir='ltr'><strong>conjungit,</strong></span> <span class='ocrx_word' id='word_1_132' title='bbox 1572 1324 1674 1378; x_wconf 89' lang='lat' dir='ltr'><strong>quia</strong></span> <span class='ocrx_word' id='word_1_133' title='bbox 1704 1330 1773 1364; x_wconf 90' lang='lat' dir='ltr'><strong>est</strong></span> 
     </span>
     <span class='ocr_line' id='line_1_17' title="bbox 283 1386 1773 1440; baseline 0 -14"><span class='ocrx_word' id='word_1_134' title='bbox 283 1386 427 1438; x_wconf 85' lang='lat' dir='ltr'><strong>Ipsius</strong></span> <span class='ocrx_word' id='word_1_135' title='bbox 447 1387 642 1435; x_wconf 87' lang='lat' dir='ltr'><strong>Domini,</strong></span> <span class='ocrx_word' id='word_1_136' title='bbox 665 1388 869 1440; x_wconf 86' lang='lat' dir='ltr'><strong>procedit</strong></span> <span class='ocrx_word' id='word_1_137' title='bbox 888 1388 1006 1427; x_wconf 90' lang='lat' dir='ltr'><strong>enim</strong></span> <span class='ocrx_word' id='word_1_138' title='bbox 1030 1402 1089 1427; x_wconf 78' lang='lat' dir='ltr'><strong>ex</strong></span> <span class='ocrx_word' id='word_1_139' title='bbox 1109 1388 1225 1439; x_wconf 91' lang='lat' dir='ltr'><strong>Ipso.</strong></span> <span class='ocrx_word' id='word_1_140' title='bbox 1288 1386 1421 1439; x_wconf 76' lang='lat' dir='ltr'><strong>Quod</strong></span> <span class='ocrx_word' id='word_1_141' title='bbox 1440 1400 1588 1426; x_wconf 88' lang='lat' dir='ltr'><strong>amare</strong></span> <span class='ocrx_word' id='word_1_142' title='bbox 1606 1386 1773 1426; x_wconf 90' lang='lat' dir='ltr'><strong>bonum</strong></span> 
     </span>
     <span class='ocr_line' id='line_1_18' title="bbox 282 1450 1774 1502; baseline -0.001 -13"><span class='ocrx_word' id='word_1_143' title='bbox 282 1457 328 1489; x_wconf 90' lang='lat' dir='ltr'><strong>et</strong></span> <span class='ocrx_word' id='word_1_144' title='bbox 360 1463 512 1489; x_wconf 88' lang='lat' dir='ltr'><strong>verum</strong></span> <span class='ocrx_word' id='word_1_145' title='bbox 547 1457 730 1502; x_wconf 90' lang='lat' dir='ltr'><strong>propter</strong></span> <span class='ocrx_word' id='word_1_146' title='bbox 762 1450 929 1490; x_wconf 90' lang='lat' dir='ltr'><strong>bonum</strong></span> <span class='ocrx_word' id='word_1_147' title='bbox 962 1457 1008 1491; x_wconf 93' lang='lat' dir='ltr'><strong>et</strong></span> <span class='ocrx_word' id='word_1_148' title='bbox 1040 1464 1207 1497; x_wconf 89' lang='lat' dir='ltr'><strong>verum,</strong></span> <span class='ocrx_word' id='word_1_149' title='bbox 1241 1451 1298 1490; x_wconf 92' lang='lat' dir='ltr'><strong>sit</strong></span> <span class='ocrx_word' id='word_1_150' title='bbox 1332 1463 1516 1498; x_wconf 88' lang='lat' dir='ltr'><strong>merces,</strong></span> <span class='ocrx_word' id='word_1_151' title='bbox 1550 1463 1608 1489; x_wconf 87' lang='lat' dir='ltr'><strong>ex</strong></span> <span class='ocrx_word' id='word_1_152' title='bbox 1641 1462 1774 1488; x_wconf 88' lang='lat' dir='ltr'><strong>causa</strong></span> 
     </span>
     <span class='ocr_line' id='line_1_19' title="bbox 283 1512 1772 1565; baseline 0 -14"><span class='ocrx_word' id='word_1_153' title='bbox 283 1512 384 1565; x_wconf 86' lang='lat' dir='ltr'><strong>quia</strong></span> <span class='ocrx_word' id='word_1_154' title='bbox 409 1513 452 1552; x_wconf 90' lang='lat' dir='ltr'><strong>in</strong></span> <span class='ocrx_word' id='word_1_155' title='bbox 479 1512 557 1553; x_wconf 88' lang='lat' dir='ltr'><strong>illo</strong></span> <span class='ocrx_word' id='word_1_156' title='bbox 584 1527 736 1553; x_wconf 87' lang='lat' dir='ltr'><strong>amore</strong></span> <span class='ocrx_word' id='word_1_157' title='bbox 763 1520 832 1553; x_wconf 91' lang='lat' dir='ltr'><strong>est</strong></span> <span class='ocrx_word' id='word_1_158' title='bbox 861 1513 1081 1553; x_wconf 88' lang='lat' dir='ltr'><strong>Dominus</strong></span> <span class='ocrx_word' id='word_1_159' title='bbox 1112 1521 1158 1553; x_wconf 90' lang='lat' dir='ltr'><strong>et</strong></span> <span class='ocrx_word' id='word_1_160' title='bbox 1185 1513 1372 1560; x_wconf 91' lang='lat' dir='ltr'><strong>caelum,</strong></span> <span class='ocrx_word' id='word_1_161' title='bbox 1401 1513 1536 1552; x_wconf 87' lang='lat' dir='ltr'><strong>etiam</strong></span> <span class='ocrx_word' id='word_1_162' title='bbox 1565 1518 1772 1552; x_wconf 86' lang='lat' dir='ltr'><strong>constare</strong></span> 
     </span>
     <span class='ocr_line' id='line_1_20' title="bbox 283 1575 1613 1629; baseline -0.001 -13"><span class='ocrx_word' id='word_1_163' title='bbox 283 1582 436 1628; x_wconf 89' lang='lat' dir='ltr'><strong>potest</strong></span> <span class='ocrx_word' id='word_1_164' title='bbox 462 1590 521 1616; x_wconf 88' lang='lat' dir='ltr'><strong>ex</strong></span> <span class='ocrx_word' id='word_1_165' title='bbox 548 1577 839 1629; x_wconf 89' lang='lat' dir='ltr'><strong>sequentibus</strong></span> <span class='ocrx_word' id='word_1_166' title='bbox 865 1577 933 1617; x_wconf 92' lang='lat' dir='ltr'><strong>his</strong></span> <span class='ocrx_word' id='word_1_167' title='bbox 959 1576 1069 1616; x_wconf 89' lang='lat' dir='ltr'><strong>locis</strong></span> <span class='ocrx_word' id='word_1_168' title='bbox 1086 1575 1295 1629; x_wconf 80' lang='lat' dir='ltr'><strong>z—Apud</strong></span> <span class='ocrx_word' id='word_1_169' title='bbox 1319 1575 1613 1623; x_wconf 78' lang='lat' dir='ltr'><strong>Mattlzaemn,</strong></span> 
     </span>
    </p>
   </div>
   <div class='ocr_carea' id='block_1_5' title="bbox 350 1677 1774 2240">
    <p class='ocr_par' dir='ltr' id='par_1_5' title="bbox 350 1677 1774 2240">
     <span class='ocr_line' id='line_1_21' title="bbox 350 1677 1772 1720; baseline -0.002 -10"><span class='ocrx_word' id='word_1_170' title='bbox 350 1679 368 1692; x_wconf 75' lang='lat'><strong>‘⁴</strong></span> <span class='ocrx_word' id='word_1_171' title='bbox 379 1678 460 1710; x_wconf 92' lang='lat' dir='ltr'><strong>Non</strong></span> <span class='ocrx_word' id='word_1_172' title='bbox 479 1678 616 1710; x_wconf 78' lang='lat' dir='ltr'><strong>faciatis</strong></span> <span class='ocrx_word' id='word_1_173' title='bbox 631 1679 899 1720; x_wconf 88' lang='lat' dir='ltr'><strong>eleemosynam</strong></span> <span class='ocrx_word' id='word_1_174' title='bbox 918 1688 1037 1710; x_wconf 88' lang='lat' dir='ltr'><strong>coram</strong></span> <span class='ocrx_word' id='word_1_175' title='bbox 1052 1679 1267 1716; x_wconf 88' lang='lat' dir='ltr'><strong>hominibus,</strong></span> <span class='ocrx_word' id='word_1_176' title='bbox 1281 1685 1319 1709; x_wconf 86' lang='lat' dir='ltr'><strong>ut</strong></span> <span class='ocrx_word' id='word_1_177' title='bbox 1335 1677 1528 1709; x_wconf 88' lang='lat' dir='ltr'><strong>videamini</strong></span> <span class='ocrx_word' id='word_1_178' title='bbox 1545 1677 1590 1708; x_wconf 88' lang='lat' dir='ltr'><strong>ab</strong></span> <span class='ocrx_word' id='word_1_179' title='bbox 1607 1677 1671 1714; x_wconf 89' lang='lat' dir='ltr'><strong>his,</strong></span> <span class='ocrx_word' id='word_1_180' title='bbox 1690 1686 1772 1707; x_wconf 90' lang='lat' dir='ltr'><strong>nam</strong></span> 
     </span>
     <span class='ocr_line' id='line_1_22' title="bbox 458 1720 1772 1763; baseline -0.002 -10"><span class='ocrx_word' id='word_1_181' title='bbox 458 1723 588 1763; x_wconf 85' lang='lat' dir='ltr'><strong>alioqui</strong></span> <span class='ocrx_word' id='word_1_182' title='bbox 607 1723 807 1754; x_wconf 87' lang='lat' dir='ltr'><strong>mercedem</strong></span> <span class='ocrx_word' id='word_1_183' title='bbox 827 1733 898 1753; x_wconf 91' lang='lat' dir='ltr'><strong>non</strong></span> <span class='ocrx_word' id='word_1_184' title='bbox 917 1723 1056 1753; x_wconf 85' lang='lat' dir='ltr'><strong>habetis</strong></span> <span class='ocrx_word' id='word_1_185' title='bbox 1077 1723 1170 1762; x_wconf 87' lang='lat' dir='ltr'><strong>apud</strong></span> <span class='ocrx_word' id='word_1_186' title='bbox 1193 1722 1333 1753; x_wconf 84' lang='lat' dir='ltr'><strong>Patrem</strong></span> <span class='ocrx_word' id='word_1_187' title='bbox 1352 1728 1509 1752; x_wconf 89' lang='lat' dir='ltr'><strong>vestrum</strong></span> <span class='ocrx_word' id='word_1_188' title='bbox 1530 1721 1588 1761; x_wconf 91' lang='lat' dir='ltr'><strong>qui</strong></span> <span class='ocrx_word' id='word_1_189' title='bbox 1609 1721 1645 1750; x_wconf 89' lang='lat' dir='ltr'><strong>in</strong></span> <span class='ocrx_word' id='word_1_190' title='bbox 1665 1720 1772 1751; x_wconf 88' lang='lat' dir='ltr'><strong>caelis</strong></span> 
     </span>
     <span class='ocr_line' id='line_1_23' title="bbox 458 1763 1774 1807; baseline -0.002 -10"><span class='ocrx_word' id='word_1_191' title='bbox 458 1773 532 1803; x_wconf 81' lang='lat' dir='ltr'><strong>est;</strong></span> <span class='ocrx_word' id='word_1_192' title='bbox 558 1767 700 1807; x_wconf 86' lang='lat' dir='ltr'><strong>quando</strong></span> <span class='ocrx_word' id='word_1_193' title='bbox 718 1766 842 1797; x_wconf 79' lang='lat' dir='ltr'><strong>feceris</strong></span> <span class='ocrx_word' id='word_1_194' title='bbox 860 1767 1138 1806; x_wconf 86' lang='lat' dir='ltr'><strong>eleemosynam,</strong></span> <span class='ocrx_word' id='word_1_195' title='bbox 1158 1775 1202 1796; x_wconf 93' lang='lat' dir='ltr'><strong>ne</strong></span> <span class='ocrx_word' id='word_1_196' title='bbox 1219 1766 1303 1796; x_wconf 84' lang='lat' dir='ltr'><strong>tuba</strong></span> <span class='ocrx_word' id='word_1_197' title='bbox 1319 1774 1426 1796; x_wconf 85' lang='lat' dir='ltr'><strong>canas</strong></span> <span class='ocrx_word' id='word_1_198' title='bbox 1443 1771 1526 1795; x_wconf 87' lang='lat' dir='ltr'><strong>ante</strong></span> <span class='ocrx_word' id='word_1_199' title='bbox 1543 1770 1588 1802; x_wconf 85' lang='lat' dir='ltr'><strong>te,</strong></span> <span class='ocrx_word' id='word_1_200' title='bbox 1605 1763 1774 1804; x_wconf 90' lang='lat' dir='ltr'><strong>quemad-</strong></span> 
     </span>
     <span class='ocr_line' id='line_1_24' title="bbox 458 1807 1774 1850; baseline -0.002 -10"><span class='ocrx_word' id='word_1_201' title='bbox 458 1810 602 1841; x_wconf 88' lang='lat' dir='ltr'><strong>modum</strong></span> <span class='ocrx_word' id='word_1_202' title='bbox 621 1810 827 1850; x_wconf 87' lang='lat' dir='ltr'><strong>hypocritae</strong></span> <span class='ocrx_word' id='word_1_203' title='bbox 845 1810 978 1840; x_wconf 79' lang='lat' dir='ltr'><strong>faciunt</strong></span> <span class='ocrx_word' id='word_1_204' title='bbox 997 1810 1030 1840; x_wconf 91' lang='lat' dir='ltr'><strong>in</strong></span> <span class='ocrx_word' id='word_1_205' title='bbox 1050 1809 1244 1849; x_wconf 86' lang='lat' dir='ltr'><strong>synagogis</strong></span> <span class='ocrx_word' id='word_1_206' title='bbox 1262 1815 1297 1839; x_wconf 87' lang='lat' dir='ltr'><strong>et</strong></span> <span class='ocrx_word' id='word_1_207' title='bbox 1314 1808 1349 1839; x_wconf 94' lang='lat' dir='ltr'><strong>in</strong></span> <span class='ocrx_word' id='word_1_208' title='bbox 1369 1808 1464 1846; x_wconf 89' lang='lat' dir='ltr'><strong>vicis,</strong></span> <span class='ocrx_word' id='word_1_209' title='bbox 1478 1815 1516 1838; x_wconf 93' lang='lat' dir='ltr'><strong>ut</strong></span> <span class='ocrx_word' id='word_1_210' title='bbox 1532 1807 1774 1847; x_wconf 87' lang='lat' dir='ltr'><strong>glorificentur</strong></span> 
     </span>
     <span class='ocr_line' id='line_1_25' title="bbox 457 1852 1772 1890; baseline -0.003 -6"><span class='ocrx_word' id='word_1_211' title='bbox 457 1855 502 1884; x_wconf 90' lang='lat' dir='ltr'><strong>ab</strong></span> <span class='ocrx_word' id='word_1_212' title='bbox 516 1854 720 1885; x_wconf 90' lang='lat' dir='ltr'><strong>hominibus</strong></span> <span class='ocrx_word' id='word_1_213' title='bbox 735 1863 741 1890; x_wconf 84' lang='lat'>;</span> <span class='ocrx_word' id='word_1_214' title='bbox 767 1863 871 1884; x_wconf 90' lang='lat' dir='ltr'><strong>amen</strong></span> <span class='ocrx_word' id='word_1_215' title='bbox 890 1853 967 1884; x_wconf 90' lang='lat' dir='ltr'><strong>dico</strong></span> <span class='ocrx_word' id='word_1_216' title='bbox 985 1853 1098 1890; x_wconf 88' lang='lat' dir='ltr'><strong>vobis,</strong></span> <span class='ocrx_word' id='word_1_217' title='bbox 1112 1853 1245 1883; x_wconf 86' lang='lat' dir='ltr'><strong>habent</strong></span> <span class='ocrx_word' id='word_1_218' title='bbox 1260 1852 1460 1883; x_wconf 90' lang='lat' dir='ltr'><strong>mercedem</strong></span> <span class='ocrx_word' id='word_1_219' title='bbox 1476 1861 1596 1882; x_wconf 89' lang='lat' dir='ltr'><strong>suam:</strong></span> <span class='ocrx_word' id='word_1_220' title='bbox 1623 1858 1659 1882; x_wconf 92' lang='lat' dir='ltr'><strong>tu</strong></span> <span class='ocrx_word' id='word_1_221' title='bbox 1678 1859 1772 1886; x_wconf 78' lang='lat' dir='ltr'><strong>vero,</strong></span> 
     </span>
     <span class='ocr_line' id='line_1_26' title="bbox 459 1893 1774 1937; baseline -0.004 -9"><span class='ocrx_word' id='word_1_222' title='bbox 459 1897 601 1937; x_wconf 90' lang='lat' dir='ltr'><strong>quando</strong></span> <span class='ocrx_word' id='word_1_223' title='bbox 618 1897 744 1928; x_wconf 81' lang='lat' dir='ltr'><strong>feceris</strong></span> <span class='ocrx_word' id='word_1_224' title='bbox 761 1897 1038 1936; x_wconf 88' lang='lat' dir='ltr'><strong>eleemosynam,</strong></span> <span class='ocrx_word' id='word_1_225' title='bbox 1058 1906 1102 1926; x_wconf 90' lang='lat' dir='ltr'><strong>ne</strong></span> <span class='ocrx_word' id='word_1_226' title='bbox 1120 1901 1313 1935; x_wconf 86' lang='lat' dir='ltr'><strong>cognoscat</strong></span> <span class='ocrx_word' id='word_1_227' title='bbox 1330 1895 1475 1925; x_wconf 85' lang='lat' dir='ltr'><strong>sinistra</strong></span> <span class='ocrx_word' id='word_1_228' title='bbox 1491 1900 1551 1925; x_wconf 86' lang='lat' dir='ltr'><strong>tua</strong></span> <span class='ocrx_word' id='word_1_229' title='bbox 1567 1894 1649 1934; x_wconf 93' lang='lat' dir='ltr'><strong>quid</strong></span> <span class='ocrx_word' id='word_1_230' title='bbox 1667 1893 1774 1924; x_wconf 85' lang='lat' dir='ltr'><strong>faciat</strong></span> 
     </span>
     <span class='ocr_line' id='line_1_27' title="bbox 458 1937 1773 1980; baseline -0.003 -9"><span class='ocrx_word' id='word_1_231' title='bbox 458 1941 584 1972; x_wconf 87' lang='lat' dir='ltr'><strong>dextra</strong></span> <span class='ocrx_word' id='word_1_232' title='bbox 602 1947 672 1978; x_wconf 89' lang='lat' dir='ltr'><strong>tua,</strong></span> <span class='ocrx_word' id='word_1_233' title='bbox 690 1947 729 1971; x_wconf 91' lang='lat' dir='ltr'><strong>ut</strong></span> <span class='ocrx_word' id='word_1_234' title='bbox 749 1942 795 1971; x_wconf 91' lang='lat' dir='ltr'><strong>sit</strong></span> <span class='ocrx_word' id='word_1_235' title='bbox 816 1947 875 1971; x_wconf 87' lang='lat' dir='ltr'><strong>tua</strong></span> <span class='ocrx_word' id='word_1_236' title='bbox 894 1941 1124 1980; x_wconf 84' lang='lat' dir='ltr'><strong>eleemosyna</strong></span> <span class='ocrx_word' id='word_1_237' title='bbox 1143 1940 1179 1970; x_wconf 90' lang='lat' dir='ltr'><strong>in</strong></span> <span class='ocrx_word' id='word_1_238' title='bbox 1201 1939 1359 1976; x_wconf 87' lang='lat' dir='ltr'><strong>occulto;</strong></span> <span class='ocrx_word' id='word_1_239' title='bbox 1384 1945 1467 1969; x_wconf 87' lang='lat' dir='ltr'><strong>tunc</strong></span> <span class='ocrx_word' id='word_1_240' title='bbox 1486 1938 1590 1968; x_wconf 87' lang='lat' dir='ltr'><strong>Pater</strong></span> <span class='ocrx_word' id='word_1_241' title='bbox 1606 1944 1696 1975; x_wconf 92' lang='lat' dir='ltr'><strong>tuus,</strong></span> <span class='ocrx_word' id='word_1_242' title='bbox 1714 1937 1773 1977; x_wconf 87' lang='lat' dir='ltr'><strong>qui</strong></span> 
     </span>
     <span class='ocr_line' id='line_1_28' title="bbox 459 1981 1772 2027; baseline -0.003 -12"><span class='ocrx_word' id='word_1_243' title='bbox 459 1985 556 2027; x_wconf 71' lang='lat' dir='ltr'><strong>videt</strong></span> <span class='ocrx_word' id='word_1_244' title='bbox 581 1985 616 2014; x_wconf 90' lang='lat' dir='ltr'><strong>in</strong></span> <span class='ocrx_word' id='word_1_245' title='bbox 642 1984 790 2022; x_wconf 86' lang='lat' dir='ltr'><strong>occulto,</strong></span> <span class='ocrx_word' id='word_1_246' title='bbox 812 1984 898 2014; x_wconf 91' lang='lat' dir='ltr'><strong>illud</strong></span> <span class='ocrx_word' id='word_1_247' title='bbox 918 1984 1055 2014; x_wconf 88' lang='lat' dir='ltr'><strong>reddet.</strong></span> <span class='ocrx_word' id='word_1_248' title='bbox 1071 1983 1121 2014; x_wconf 77' lang='lat' dir='ltr'><strong>‚in</strong></span> <span class='ocrx_word' id='word_1_249' title='bbox 1143 1983 1345 2013; x_wconf 81' lang='lat' dir='ltr'><strong>manifesto.</strong></span> <span class='ocrx_word' id='word_1_250' title='bbox 1395 1981 1437 2012; x_wconf 89' lang='lat' dir='ltr'><strong>Et</strong></span> <span class='ocrx_word' id='word_1_251' title='bbox 1462 1982 1491 2012; x_wconf 92' lang='lat' dir='ltr'><strong>si</strong></span> <span class='ocrx_word' id='word_1_252' title='bbox 1511 1982 1678 2018; x_wconf 86' lang='lat' dir='ltr'><strong>oraveris,</strong></span> <span class='ocrx_word' id='word_1_253' title='bbox 1699 1989 1772 2011; x_wconf 90' lang='lat' dir='ltr'><strong>non</strong></span> 
     </span>
     <span class='ocr_line' id='line_1_29' title="bbox 459 2024 1774 2068; baseline -0.004 -9"><span class='ocrx_word' id='word_1_254' title='bbox 459 2028 528 2059; x_wconf 90' lang='lat' dir='ltr'><strong>eris</strong></span> <span class='ocrx_word' id='word_1_255' title='bbox 545 2028 634 2059; x_wconf 88' lang='lat' dir='ltr'><strong>sicut</strong></span> <span class='ocrx_word' id='word_1_256' title='bbox 651 2028 867 2068; x_wconf 87' lang='lat' dir='ltr'><strong>hypocritae,</strong></span> <span class='ocrx_word' id='word_1_257' title='bbox 882 2037 964 2057; x_wconf 91' lang='lat' dir='ltr'><strong>nam</strong></span> <span class='ocrx_word' id='word_1_258' title='bbox 982 2033 1104 2057; x_wconf 89' lang='lat' dir='ltr'><strong>amant</strong></span> <span class='ocrx_word' id='word_1_259' title='bbox 1122 2026 1156 2057; x_wconf 89' lang='lat' dir='ltr'><strong>in</strong></span> <span class='ocrx_word' id='word_1_260' title='bbox 1176 2025 1369 2066; x_wconf 90' lang='lat' dir='ltr'><strong>synagogis</strong></span> <span class='ocrx_word' id='word_1_261' title='bbox 1386 2032 1421 2056; x_wconf 86' lang='lat' dir='ltr'><strong>et</strong></span> <span class='ocrx_word' id='word_1_262' title='bbox 1438 2025 1472 2055; x_wconf 90' lang='lat' dir='ltr'><strong>in</strong></span> <span class='ocrx_word' id='word_1_263' title='bbox 1487 2024 1626 2064; x_wconf 87' lang='lat' dir='ltr'><strong>angulis</strong></span> <span class='ocrx_word' id='word_1_264' title='bbox 1641 2024 1774 2064; x_wconf 84' lang='lat' dir='ltr'><strong>platea-</strong></span> 
     </span>
     <span class='ocr_line' id='line_1_30' title="bbox 460 2068 1773 2111; baseline -0.004 -9"><span class='ocrx_word' id='word_1_265' title='bbox 460 2081 536 2102; x_wconf 89' lang='lat' dir='ltr'><strong>rum</strong></span> <span class='ocrx_word' id='word_1_266' title='bbox 557 2077 694 2102; x_wconf 82' lang='lat' dir='ltr'><strong>stantes</strong></span> <span class='ocrx_word' id='word_1_267' title='bbox 715 2081 826 2108; x_wconf 85' lang='lat' dir='ltr'><strong>orare,</strong></span> <span class='ocrx_word' id='word_1_268' title='bbox 845 2080 914 2111; x_wconf 91' lang='lat' dir='ltr'><strong>quo</strong></span> <span class='ocrx_word' id='word_1_269' title='bbox 934 2070 1115 2109; x_wconf 90' lang='lat' dir='ltr'><strong>conspicui</strong></span> <span class='ocrx_word' id='word_1_270' title='bbox 1135 2070 1222 2100; x_wconf 88' lang='lat' dir='ltr'><strong>fiant</strong></span> <span class='ocrx_word' id='word_1_271' title='bbox 1241 2069 1444 2099; x_wconf 88' lang='lat' dir='ltr'><strong>hominibus</strong></span> <span class='ocrx_word' id='word_1_272' title='bbox 1461 2077 1467 2105; x_wconf 87' lang='lat'>;</span> <span class='ocrx_word' id='word_1_273' title='bbox 1493 2077 1596 2099; x_wconf 89' lang='lat' dir='ltr'><strong>amen</strong></span> <span class='ocrx_word' id='word_1_274' title='bbox 1617 2068 1695 2098; x_wconf 88' lang='lat' dir='ltr'><strong>dico</strong></span> <span class='ocrx_word' id='word_1_275' title='bbox 1712 2076 1773 2096; x_wconf 91' lang='lat' dir='ltr'><strong>vo-</strong></span> 
     </span>
     <span class='ocr_line' id='line_1_31' title="bbox 459 2111 1772 2155; baseline -0.005 -9"><span class='ocrx_word' id='word_1_276' title='bbox 459 2116 512 2146; x_wconf 93' lang='lat' dir='ltr'><strong>bis</strong></span> <span class='ocrx_word' id='word_1_277' title='bbox 526 2115 619 2155; x_wconf 91' lang='lat' dir='ltr'><strong>quod</strong></span> <span class='ocrx_word' id='word_1_278' title='bbox 633 2115 832 2145; x_wconf 89' lang='lat' dir='ltr'><strong>mercedem</strong></span> <span class='ocrx_word' id='word_1_279' title='bbox 847 2124 947 2145; x_wconf 88' lang='lat' dir='ltr'><strong>suam</strong></span> <span class='ocrx_word' id='word_1_280' title='bbox 962 2114 1117 2144; x_wconf 85' lang='lat' dir='ltr'><strong>habeant</strong></span> <span class='ocrx_word' id='word_1_281' title='bbox 1133 2122 1139 2150; x_wconf 86' lang='lat'>;</span> <span class='ocrx_word' id='word_1_282' title='bbox 1160 2119 1198 2143; x_wconf 90' lang='lat' dir='ltr'><strong>tu</strong></span> <span class='ocrx_word' id='word_1_283' title='bbox 1214 2122 1300 2143; x_wconf 88' lang='lat' dir='ltr'><strong>vero</strong></span> <span class='ocrx_word' id='word_1_284' title='bbox 1317 2112 1458 2152; x_wconf 90' lang='lat' dir='ltr'><strong>quando</strong></span> <span class='ocrx_word' id='word_1_285' title='bbox 1469 2111 1627 2142; x_wconf 85' lang='lat' dir='ltr'><strong>oraveris</strong></span> <span class='ocrx_word' id='word_1_286' title='bbox 1641 2111 1772 2141; x_wconf 85' lang='lat' dir='ltr'><strong>intrato</strong></span> 
     </span>
     <span class='ocr_line' id='line_1_32' title="bbox 461 2153 1772 2195; baseline -0.004 -6"><span class='ocrx_word' id='word_1_287' title='bbox 461 2159 496 2189; x_wconf 92' lang='lat' dir='ltr'><strong>in</strong></span> <span class='ocrx_word' id='word_1_288' title='bbox 515 2158 683 2189; x_wconf 89' lang='lat' dir='ltr'><strong>conclave</strong></span> <span class='ocrx_word' id='word_1_289' title='bbox 702 2164 810 2195; x_wconf 83' lang='lat' dir='ltr'><strong>tuum,</strong></span> <span class='ocrx_word' id='word_1_290' title='bbox 828 2163 863 2188; x_wconf 90' lang='lat' dir='ltr'><strong>et</strong></span> <span class='ocrx_word' id='word_1_291' title='bbox 883 2157 1051 2188; x_wconf 91' lang='lat' dir='ltr'><strong>claudens</strong></span> <span class='ocrx_word' id='word_1_292' title='bbox 1072 2156 1202 2187; x_wconf 91' lang='lat' dir='ltr'><strong>ostium</strong></span> <span class='ocrx_word' id='word_1_293' title='bbox 1224 2162 1332 2193; x_wconf 84' lang='lat' dir='ltr'><strong>tuum,</strong></span> <span class='ocrx_word' id='word_1_294' title='bbox 1350 2165 1413 2185; x_wconf 89' lang='lat' dir='ltr'><strong>ora</strong></span> <span class='ocrx_word' id='word_1_295' title='bbox 1434 2155 1574 2186; x_wconf 83' lang='lat' dir='ltr'><strong>Patrem</strong></span> <span class='ocrx_word' id='word_1_296' title='bbox 1595 2161 1693 2185; x_wconf 86' lang='lat' dir='ltr'><strong>tuum</strong></span> <span class='ocrx_word' id='word_1_297' title='bbox 1714 2153 1772 2194; x_wconf 89' lang='lat' dir='ltr'><strong>qui</strong></span> 
     </span>
     <span class='ocr_line' id='line_1_33' title="bbox 460 2196 1772 2240; baseline -0.005 -7"><span class='ocrx_word' id='word_1_298' title='bbox 460 2203 495 2233; x_wconf 89' lang='lat' dir='ltr'><strong>in</strong></span> <span class='ocrx_word' id='word_1_299' title='bbox 513 2202 651 2233; x_wconf 90' lang='lat' dir='ltr'><strong>occulto</strong></span> <span class='ocrx_word' id='word_1_300' title='bbox 669 2207 723 2232; x_wconf 88' lang='lat' dir='ltr'><strong>est</strong></span> <span class='ocrx_word' id='word_1_301' title='bbox 738 2211 744 2237; x_wconf 89' lang='lat'><em>;</em></span> <span class='ocrx_word' id='word_1_302' title='bbox 770 2207 853 2232; x_wconf 92' lang='lat' dir='ltr'><strong>tunc</strong></span> <span class='ocrx_word' id='word_1_303' title='bbox 873 2201 977 2231; x_wconf 89' lang='lat' dir='ltr'><strong>Pater</strong></span> <span class='ocrx_word' id='word_1_304' title='bbox 993 2206 1083 2238; x_wconf 79' lang='lat' dir='ltr'><strong>tuuS,</strong></span> <span class='ocrx_word' id='word_1_305' title='bbox 1103 2200 1161 2240; x_wconf 93' lang='lat' dir='ltr'><strong>qui</strong></span> <span class='ocrx_word' id='word_1_306' title='bbox 1182 2200 1217 2230; x_wconf 93' lang='lat' dir='ltr'><strong>in</strong></span> <span class='ocrx_word' id='word_1_307' title='bbox 1235 2199 1374 2230; x_wconf 87' lang='lat' dir='ltr'><strong>occulto</strong></span> <span class='ocrx_word' id='word_1_308' title='bbox 1391 2198 1496 2237; x_wconf 91' lang='lat' dir='ltr'><strong>videt,</strong></span> <span class='ocrx_word' id='word_1_309' title='bbox 1514 2197 1637 2229; x_wconf 85' lang='lat' dir='ltr'><strong>reddet</strong></span> <span class='ocrx_word' id='word_1_310' title='bbox 1653 2196 1716 2228; x_wconf 88' lang='lat' dir='ltr'><strong>tibi</strong></span> <span class='ocrx_word' id='word_1_311' title='bbox 1736 2197 1772 2227; x_wconf 90' lang='lat' dir='ltr'><strong>in</strong></span> 
     </span>
    </p>
   </div>
   <div class='ocr_carea' id='block_1_6' title="bbox 459 2242 955 2286">
    <p class='ocr_par' dir='ltr' id='par_1_6' title="bbox 459 2242 955 2286">
     <span class='ocr_line' id='line_1_34' title="bbox 459 2242 955 2286; baseline 0 -10"><span class='ocrx_word' id='word_1_312' title='bbox 459 2244 680 2277; x_wconf 79' lang='lat' dir='ltr'><strong>manifesto&#39;&#39;</strong></span> <span class='ocrx_word' id='word_1_313' title='bbox 697 2245 755 2285; x_wconf 90' lang='lat' dir='ltr'><strong>(vi.</strong></span> <span class='ocrx_word' id='word_1_314' title='bbox 777 2242 839 2286; x_wconf 90' lang='lat'>[1,]</span> <span class='ocrx_word' id='word_1_315' title='bbox 859 2244 955 2284; x_wconf 81' lang='lat'><strong>2—6):</strong></span> 
     </span>
    </p>
   </div>
   <div class='ocr_carea' id='block_1_7' title="bbox 279 2345 1772 2967">
    <p class='ocr_par' dir='ltr' id='par_1_7' title="bbox 279 2345 1772 2967">
     <span class='ocr_line' id='line_1_35' title="bbox 286 2345 1771 2404; baseline -0.005 -12"><span class='ocrx_word' id='word_1_316' title='bbox 286 2365 365 2404; x_wconf 90' lang='lat' dir='ltr'><strong>per</strong></span> <span class='ocrx_word' id='word_1_317' title='bbox 393 2350 768 2402; x_wconf 87' lang='lat' dir='ltr'><strong>“eleemosynam</strong></span> <span class='ocrx_word' id='word_1_318' title='bbox 781 2349 799 2364; x_wconf 88' lang='lat'><strong>”</strong></span> <span class='ocrx_word' id='word_1_319' title='bbox 825 2350 868 2389; x_wconf 92' lang='lat' dir='ltr'><strong>in</strong></span> <span class='ocrx_word' id='word_1_320' title='bbox 902 2348 1137 2388; x_wconf 90' lang='lat' dir='ltr'><strong>universali</strong></span> <span class='ocrx_word' id='word_1_321' title='bbox 1169 2361 1301 2388; x_wconf 88' lang='lat' dir='ltr'><strong>sensu</strong></span> <span class='ocrx_word' id='word_1_322' title='bbox 1333 2345 1608 2399; x_wconf 82' lang='lat' dir='ltr'><strong>significatur</strong></span> <span class='ocrx_word' id='word_1_323' title='bbox 1639 2359 1771 2387; x_wconf 91' lang='lat' dir='ltr'><strong>omne</strong></span> 
     </span>
     <span class='ocr_line' id='line_1_36' title="bbox 285 2408 1771 2466; baseline -0.005 -11"><span class='ocrx_word' id='word_1_324' title='bbox 285 2415 455 2455; x_wconf 90' lang='lat' dir='ltr'><strong>bonum</strong></span> <span class='ocrx_word' id='word_1_325' title='bbox 482 2413 600 2466; x_wconf 92' lang='lat' dir='ltr'><strong>quod</strong></span> <span class='ocrx_word' id='word_1_326' title='bbox 632 2413 768 2453; x_wconf 92' lang='lat' dir='ltr'><strong>homo</strong></span> <span class='ocrx_word' id='word_1_327' title='bbox 794 2412 891 2452; x_wconf 88' lang='lat' dir='ltr'><strong>vult</strong></span> <span class='ocrx_word' id='word_1_328' title='bbox 918 2418 964 2452; x_wconf 91' lang='lat' dir='ltr'><strong>et</strong></span> <span class='ocrx_word' id='word_1_329' title='bbox 990 2411 1108 2459; x_wconf 88' lang='lat' dir='ltr'><strong>facit,</strong></span> <span class='ocrx_word' id='word_1_330' title='bbox 1134 2417 1179 2451; x_wconf 91' lang='lat' dir='ltr'><strong>et</strong></span> <span class='ocrx_word' id='word_1_331' title='bbox 1212 2424 1289 2463; x_wconf 87' lang='lat' dir='ltr'><strong>per</strong></span> <span class='ocrx_word' id='word_1_332' title='bbox 1318 2413 1481 2450; x_wconf 84' lang='lat' dir='ltr'><strong>“orare</strong></span> <span class='ocrx_word' id='word_1_333' title='bbox 1493 2408 1511 2423; x_wconf 80' lang='lat'><strong>’¹</strong></span> <span class='ocrx_word' id='word_1_334' title='bbox 1536 2410 1580 2448; x_wconf 90' lang='lat' dir='ltr'><strong>in</strong></span> <span class='ocrx_word' id='word_1_335' title='bbox 1612 2409 1771 2449; x_wconf 91' lang='lat' dir='ltr'><strong>eodem</strong></span> 
     </span>
     <span class='ocr_line' id='line_1_37' title="bbox 286 2471 1770 2528; baseline -0.004 -12"><span class='ocrx_word' id='word_1_336' title='bbox 286 2489 419 2517; x_wconf 89' lang='lat' dir='ltr'><strong>sensu</strong></span> <span class='ocrx_word' id='word_1_337' title='bbox 442 2474 719 2528; x_wconf 84' lang='lat' dir='ltr'><strong>significatur</strong></span> <span class='ocrx_word' id='word_1_338' title='bbox 741 2488 874 2515; x_wconf 92' lang='lat' dir='ltr'><strong>omne</strong></span> <span class='ocrx_word' id='word_1_339' title='bbox 892 2487 1045 2514; x_wconf 91' lang='lat' dir='ltr'><strong>verum</strong></span> <span class='ocrx_word' id='word_1_340' title='bbox 1065 2474 1184 2526; x_wconf 93' lang='lat' dir='ltr'><strong>quod</strong></span> <span class='ocrx_word' id='word_1_341' title='bbox 1207 2474 1342 2513; x_wconf 93' lang='lat' dir='ltr'><strong>homo</strong></span> <span class='ocrx_word' id='word_1_342' title='bbox 1365 2472 1538 2524; x_wconf 85' lang='lat' dir='ltr'><strong>cogitat</strong></span> <span class='ocrx_word' id='word_1_343' title='bbox 1561 2478 1606 2512; x_wconf 89' lang='lat' dir='ltr'><strong>et</strong></span> <span class='ocrx_word' id='word_1_344' title='bbox 1629 2471 1770 2524; x_wconf 86' lang='lat' dir='ltr'><strong>loqui-</strong></span> 
     </span>
     <span class='ocr_line' id='line_1_38' title="bbox 286 2535 1771 2591; baseline -0.003 -13"><span class='ocrx_word' id='word_1_345' title='bbox 286 2547 383 2589; x_wconf 88' lang='lat' dir='ltr'><strong>tur;</strong></span> <span class='ocrx_word' id='word_1_346' title='bbox 416 2539 489 2591; x_wconf 86' lang='lat' dir='ltr'><strong>qui</strong></span> <span class='ocrx_word' id='word_1_347' title='bbox 515 2538 604 2578; x_wconf 91' lang='lat' dir='ltr'><strong>duo</strong></span> <span class='ocrx_word' id='word_1_348' title='bbox 629 2537 706 2577; x_wconf 87' lang='lat' dir='ltr'><strong>illa</strong></span> <span class='ocrx_word' id='word_1_349' title='bbox 731 2537 898 2577; x_wconf 86' lang='lat' dir='ltr'><strong>faciunt</strong></span> <span class='ocrx_word' id='word_1_350' title='bbox 924 2540 1011 2577; x_wconf 86' lang='lat' dir='ltr'><strong>“ut</strong></span> <span class='ocrx_word' id='word_1_351' title='bbox 1038 2535 1312 2584; x_wconf 85' lang='lat' dir='ltr'><strong>videantur,&#39;&#39;</strong></span> <span class='ocrx_word' id='word_1_352' title='bbox 1335 2535 1419 2575; x_wconf 90' lang='lat' dir='ltr'><strong>hoc</strong></span> <span class='ocrx_word' id='word_1_353' title='bbox 1447 2540 1530 2582; x_wconf 86' lang='lat' dir='ltr'><strong>est,</strong></span> <span class='ocrx_word' id='word_1_354' title='bbox 1559 2540 1607 2574; x_wconf 91' lang='lat' dir='ltr'><strong>ut</strong></span> <span class='ocrx_word' id='word_1_355' title='bbox 1633 2547 1771 2586; x_wconf 86' lang='lat' dir='ltr'><strong>appa-</strong></span> 
     </span>
     <span class='ocr_line' id='line_1_39' title="bbox 285 2598 1771 2651; baseline -0.004 -9"><span class='ocrx_word' id='word_1_356' title='bbox 285 2608 428 2650; x_wconf 86' lang='lat' dir='ltr'><strong>reant,</strong></span> <span class='ocrx_word' id='word_1_357' title='bbox 453 2600 515 2640; x_wconf 89' lang='lat' dir='ltr'><strong>illi</strong></span> <span class='ocrx_word' id='word_1_358' title='bbox 542 2600 710 2640; x_wconf 90' lang='lat' dir='ltr'><strong>bonum</strong></span> <span class='ocrx_word' id='word_1_359' title='bbox 737 2600 903 2640; x_wconf 87' lang='lat' dir='ltr'><strong>faciunt</strong></span> <span class='ocrx_word' id='word_1_360' title='bbox 926 2606 972 2640; x_wconf 94' lang='lat' dir='ltr'><strong>et</strong></span> <span class='ocrx_word' id='word_1_361' title='bbox 995 2612 1148 2639; x_wconf 89' lang='lat' dir='ltr'><strong>verum</strong></span> <span class='ocrx_word' id='word_1_362' title='bbox 1176 2598 1418 2651; x_wconf 89' lang='lat' dir='ltr'><strong>loquuntur</strong></span> <span class='ocrx_word' id='word_1_363' title='bbox 1444 2603 1627 2649; x_wconf 90' lang='lat' dir='ltr'><strong>propter</strong></span> <span class='ocrx_word' id='word_1_364' title='bbox 1653 2610 1699 2637; x_wconf 89' lang='lat' dir='ltr'><strong>se</strong></span> <span class='ocrx_word' id='word_1_365' title='bbox 1726 2603 1771 2637; x_wconf 90' lang='lat' dir='ltr'><strong>et</strong></span> 
     </span>
     <span class='ocr_line' id='line_1_40' title="bbox 285 2659 1772 2715; baseline -0.004 -11"><span class='ocrx_word' id='word_1_366' title='bbox 285 2664 514 2712; x_wconf 90' lang='lat' dir='ltr'><strong>mundum,</strong></span> <span class='ocrx_word' id='word_1_367' title='bbox 540 2676 643 2703; x_wconf 88' lang='lat' dir='ltr'><strong>nam</strong></span> <span class='ocrx_word' id='word_1_368' title='bbox 670 2669 854 2715; x_wconf 90' lang='lat' dir='ltr'><strong>propter</strong></span> <span class='ocrx_word' id='word_1_369' title='bbox 879 2662 1082 2715; x_wconf 86' lang='lat' dir='ltr'><strong>gloriam,</strong></span> <span class='ocrx_word' id='word_1_370' title='bbox 1111 2675 1223 2714; x_wconf 86' lang='lat' dir='ltr'><strong>quae</strong></span> <span class='ocrx_word' id='word_1_371' title='bbox 1250 2667 1319 2700; x_wconf 92' lang='lat' dir='ltr'><strong>est</strong></span> <span class='ocrx_word' id='word_1_372' title='bbox 1341 2659 1583 2712; x_wconf 90' lang='lat' dir='ltr'><strong>jucundum</strong></span> <span class='ocrx_word' id='word_1_373' title='bbox 1609 2659 1772 2701; x_wconf 86' lang='lat' dir='ltr'><strong>amoris</strong></span> 
     </span>
     <span class='ocr_line' id='line_1_41' title="bbox 285 2718 1772 2780; baseline -0.004 -13"><span class='ocrx_word' id='word_1_374' title='bbox 285 2728 351 2767; x_wconf 84' lang='lat' dir='ltr'><strong>sui</strong></span> <span class='ocrx_word' id='word_1_375' title='bbox 387 2726 507 2780; x_wconf 91' lang='lat' dir='ltr'><strong>quod</strong></span> <span class='ocrx_word' id='word_1_376' title='bbox 538 2726 624 2766; x_wconf 89' lang='lat' dir='ltr'><strong>illis</strong></span> <span class='ocrx_word' id='word_1_377' title='bbox 662 2733 731 2766; x_wconf 92' lang='lat' dir='ltr'><strong>est</strong></span> <span class='ocrx_word' id='word_1_378' title='bbox 767 2740 825 2765; x_wconf 86' lang='lat' dir='ltr'><strong>ex</strong></span> <span class='ocrx_word' id='word_1_379' title='bbox 864 2725 1058 2776; x_wconf 88' lang='lat' dir='ltr'><strong>mundo;</strong></span> <span class='ocrx_word' id='word_1_380' title='bbox 1101 2725 1168 2764; x_wconf 92' lang='lat' dir='ltr'><strong>his</strong></span> <span class='ocrx_word' id='word_1_381' title='bbox 1200 2724 1301 2776; x_wconf 89' lang='lat' dir='ltr'><strong>quia</strong></span> <span class='ocrx_word' id='word_1_382' title='bbox 1327 2723 1570 2775; x_wconf 89' lang='lat' dir='ltr'><strong>jucundum</strong></span> <span class='ocrx_word' id='word_1_383' title='bbox 1603 2718 1772 2774; x_wconf 59' lang='lat' dir='ltr'><strong>gloriae</strong></span> 
     </span>
     <span class='ocr_line' id='line_1_42' title="bbox 285 2784 1771 2841; baseline -0.004 -12"><span class='ocrx_word' id='word_1_384' title='bbox 285 2795 355 2830; x_wconf 93' lang='lat' dir='ltr'><strong>est</strong></span> <span class='ocrx_word' id='word_1_385' title='bbox 382 2802 566 2837; x_wconf 78' lang='lat' dir='ltr'><strong>merce5‚</strong></span> <span class='ocrx_word' id='word_1_386' title='bbox 596 2789 757 2828; x_wconf 88' lang='lat' dir='ltr'><strong>dicitur</strong></span> <span class='ocrx_word' id='word_1_387' title='bbox 783 2788 902 2841; x_wconf 91' lang='lat' dir='ltr'><strong>quod</strong></span> <span class='ocrx_word' id='word_1_388' title='bbox 931 2787 1223 2828; x_wconf 88' lang='lat' dir='ltr'><strong>“mercedem</strong></span> <span class='ocrx_word' id='word_1_389' title='bbox 1255 2799 1380 2825; x_wconf 85' lang='lat' dir='ltr'><strong>suam</strong></span> <span class='ocrx_word' id='word_1_390' title='bbox 1407 2785 1604 2825; x_wconf 85' lang='lat' dir='ltr'><strong>habeant</strong></span> <span class='ocrx_word' id='word_1_391' title='bbox 1622 2784 1655 2834; x_wconf 91' lang='lat'><strong>;”</strong></span> <span class='ocrx_word' id='word_1_392' title='bbox 1692 2785 1771 2824; x_wconf 94' lang='lat' dir='ltr'><strong>sed</strong></span> 
     </span>
     <span class='ocr_line' id='line_1_43' title="bbox 279 2848 1770 2905; baseline -0.004 -13"><span class='ocrx_word' id='word_1_393' title='bbox 279 2852 524 2905; x_wconf 91' lang='lat' dir='ltr'><strong>jucundum</strong></span> <span class='ocrx_word' id='word_1_394' title='bbox 550 2851 735 2904; x_wconf 84' lang='lat' dir='ltr'><strong>gloriae,</strong></span> <span class='ocrx_word' id='word_1_395' title='bbox 764 2851 884 2904; x_wconf 91' lang='lat' dir='ltr'><strong>quod</strong></span> <span class='ocrx_word' id='word_1_396' title='bbox 910 2851 954 2891; x_wconf 89' lang='lat' dir='ltr'><strong>in</strong></span> <span class='ocrx_word' id='word_1_397' title='bbox 987 2850 1154 2890; x_wconf 89' lang='lat' dir='ltr'><strong>mundo</strong></span> <span class='ocrx_word' id='word_1_398' title='bbox 1186 2854 1373 2901; x_wconf 86' lang='lat' dir='ltr'><strong>apparet</strong></span> <span class='ocrx_word' id='word_1_399' title='bbox 1406 2848 1491 2888; x_wconf 91' lang='lat' dir='ltr'><strong>illis</strong></span> <span class='ocrx_word' id='word_1_400' title='bbox 1523 2848 1637 2888; x_wconf 88' lang='lat' dir='ltr'><strong>sicut</strong></span> <span class='ocrx_word' id='word_1_401' title='bbox 1669 2860 1770 2887; x_wconf 85' lang='lat' dir='ltr'><strong>cae-</strong></span> 
     </span>
     <span class='ocr_line' id='line_1_44' title="bbox 285 2910 1769 2967; baseline -0.003 -12"><span class='ocrx_word' id='word_1_402' title='bbox 285 2915 390 2964; x_wconf 91' lang='lat' dir='ltr'><strong>lum,</strong></span> <span class='ocrx_word' id='word_1_403' title='bbox 434 2921 536 2967; x_wconf 89' lang='lat' dir='ltr'><strong>post</strong></span> <span class='ocrx_word' id='word_1_404' title='bbox 579 2914 750 2955; x_wconf 86' lang='lat' dir='ltr'><strong>obitum</strong></span> <span class='ocrx_word' id='word_1_405' title='bbox 793 2914 982 2954; x_wconf 89' lang='lat' dir='ltr'><strong>vertitur</strong></span> <span class='ocrx_word' id='word_1_406' title='bbox 1022 2914 1065 2953; x_wconf 92' lang='lat' dir='ltr'><strong>in</strong></span> <span class='ocrx_word' id='word_1_407' title='bbox 1107 2912 1323 2952; x_wconf 88' lang='lat' dir='ltr'><strong>infernum</strong></span> <span class='ocrx_word' id='word_1_408' title='bbox 1345 2924 1352 2951; x_wconf 91' lang='lat'><strong>:</strong></span> <span class='ocrx_word' id='word_1_409' title='bbox 1404 2917 1449 2951; x_wconf 88' lang='lat' dir='ltr'><strong>at</strong></span> <span class='ocrx_word' id='word_1_410' title='bbox 1491 2911 1563 2963; x_wconf 88' lang='lat' dir='ltr'><strong>qui</strong></span> <span class='ocrx_word' id='word_1_411' title='bbox 1603 2910 1769 2951; x_wconf 88' lang='lat' dir='ltr'><strong>bonum</strong></span> 
     </span>
    </p>
   </div>
   <div class='ocr_carea' id='block_1_8' title="bbox 1931 2309 1962 3334">
    <p class='ocr_par' dir='ltr' id='par_1_8' title="bbox 1931 2309 1962 3334">
     <span class='ocr_line' id='line_1_45' title="bbox 1931 2309 1962 3334; baseline 0 0"><span class='ocrx_word' id='word_1_412' title='bbox 1931 2309 1962 3334; x_wconf 95' lang='lat' dir='ltr'><strong> </strong></span> 
     </span>
    </p>
   </div>
  </div>
 </body>
</html>
