1962 3334
586 279 694 312 CAP.
717 279 800 320 xl„
823 278 963 311 VERs.
986 277 1132 322 3.-Ν,
1149 267 1249 321 636.
1550 266 1660 319 1635

173 398 223 450 et
247 392 453 435 confiteri
477 392 639 433 dicitur
669 391 728 433 ab
758 391 865 445 Ipso
890 391 1090 432 Domino
1120 390 1178 431 de
1210 389 1268 431 Se
1298 389 1343 430 in
1374 387 1665 442 sequentibus

173 455 286 499 locis
301 456 513 509 :——Apud
537 455 804 504 Johannem,

238 545 482 628 “Scruta›mini
506 544 715 585 Scripturas,
739 543 880 585 quia.·..
894 542 992 575 ,illae
1016 548 1100 574 sunt
1124 551 1214 583 quae
1237 547 1415 573 testantur
1437 540 1482 572 de
1507 539 1569 572 Me
1580 538 1598 551 ''
1617 538 1664 579 (ν.

346 596 389 629 39
413 599 421 620 :

174 674 405 730 Scriptura
435 675 574 718 Sacra
603 690 682 716 seu
714 675 918 716 Verbum
954 681 1026 716 est
1057 674 1269 714 Divinum
1301 673 1473 714 Verum
1504 685 1664 726 proce-

173 739 286 781 dens
315 753 343 780 a
373 739 585 787 Domino,
612 745 659 780 et
685 738 896 778 Divinum
923 737 1174 790 procedens
1205 742 1276 777 est
1307 735 1410 788 Ipse
1442 735 1664 776 Dominus

172 803 218 845 in
248 801 390 851 caelo,
416 808 463 842 et
494 803 539 842 in
570 801 789 851 ecclesia;
827 814 963 854 quare
994 812 1095 841 cum
1128 800 1291 840 dicitur
1320 798 1442 852 quod
1474 798 1663 851 “Scrip-

173 872 302 907 turae
332 871 560 906 testentur
590 865 646 906 de
679 865 785 917 Ipso
797 863 816 879 ”
846 863 1117 916 intelligitur
1151 863 1272 916 quod
1308 862 1410 915 Ipse
1443 862 1664 903 Dominus

173 927 230 970 de
255 927 327 969 Se.
387 916 526 980 Apud
551 927 760 975 eundem,

239 1018 437 1102 “Eg⁰‹⁵¹.¹.¹.¹¹
451 1018 510 1101 qg}
526 1024 639 1050 testor
651 1017 695 1049 de
713 1017 773 1049 Me
788 1016 884 1058 Ipso,
898 1023 934 1048 et
949 1021 1101 1048 testatur
1116 1015 1160 1047 de
1178 1014 1238 1047 Me
1255 1015 1314 1056 qui
1328 1015 1425 1046 misit
1442 1013 1514 1052 Me,
1530 1013 1664 1046 Pater”

360 1070 431 1094 vm.
451 1070 466 1093 1
517 1071 524 1100 ;

172 1143 244 1190 hic
265 1153 422 1201 aperte
444 1147 618 1196 dicitur,
642 1145 763 1200 quod
787 1146 890 1200 Ipse
912 1145 1134 1186 Dominus
1154 1158 1233 1185 seu
1255 1143 1468 1184 Divinum
1490 1143 1535 1184 in
1558 1143 1664 1196 Ipso

136 1260 138 1262 v
173 1215 369 1252 testetur
394 1210 450 1250 de
477 1209 596 1262 Ipso.
657 1209 796 1262 Apud
822 1208 1030 1257 eundem,

243 1290 350 1341 jesus
366 1298 463 1336 dixit,
478 1299 497 1313 “
508 1298 660 1339 Quando
678 1297 815 1329 venerit
833 1297 1047 1335 Paracletus,
1062 1296 1207 1338 spiritus
1220 1296 1408 1334 veritatis„
1422 1320 1431 1327 .
1443 1320 1451 1327 .
1466 1295 1540 1328 ‚ille
1557 1301 1665 1327 testa-

346 1342 440 1374 bitur
454 1342 499 1373 de
517 1341 578 1373 Me
587 1341 607 1353 ”
623 1341 693 1382 (xv.
711 1341 763 1380 26,
781 1342 858 1381 27);

173 1442 254 1484 per
278 1433 303 1450 ‘⁴
318 1429 616 1478 Paracletum,
648 1430 851 1483 spiritum
883 1428 1126 1478 veritatis,''
1151 1427 1420 1481 intelligitur
1450 1427 1662 1468 Divinum

173 1493 423 1548 procedens
458 1506 485 1534 a
520 1492 730 1542 Domino,
765 1492 886 1546 quod
922 1499 992 1533 est
1029 1492 1241 1533 Divinum
1275 1491 1460 1532 Verum.
1524 1489 1663 1543 Apud

173 1556 381 1604 eundem,

244 1644 350 1688 Jesus
363 1644 408 1676 ad
422 1645 586 1683 Pilatum,
601 1645 620 1659 ‘¹
630 1644 686 1677 Tu
702 1645 790 1676 dicis
803 1644 886 1685 quia
902 1644 980 1676 Rex
992 1654 1071 1676 sum
1086 1643 1163 1684 Ego
1177 1653 1201 1681 ;.
1215 1669 1223 1675 .
1237 1668 1245 1675 .
1259 1644 1311 1676 ‚in
1328 1643 1396 1675 hoc
1408 1643 1491 1675 veni
1509 1643 1545 1674 in
1563 1652 1665 1674 mun-

348 1689 443 1727 dum,
457 1694 495 1720 ut
511 1689 756 1720 testimonium
772 1689 854 1720 dem
872 1688 1012 1720 veritati
1026 1687 1044 1699 '’
1061 1688 1168 1727 (xviii.
1186 1687 1262 1727 37):

175 1783 522 1824 “testimonium
554 1782 660 1823 dare
691 1783 872 1823 veritati
886 1782 907 1797 ”
936 1781 1162 1837 significat
1193 1781 1338 1822 facere
1369 1787 1418 1822 ut
1450 1781 1663 1822 Divinum

174 1845 347 1887 Verum
373 1845 623 1898 procedens
648 1859 708 1886 ex
735 1845 841 1898 Ipso
867 1851 1063 1886 testetur
1089 1845 1144 1885 de
1171 1844 1303 1896 Ipso;
1342 1844 1552 1885 Divinum
1578 1844 1663 1884 hoc

172 1907 346 1950 Verum
376 1909 515 1949 etiam
551 1909 595 1948 in
633 1908 789 1949 Verbo
819 1907 1098 1961 significatur
1133 1921 1212 1960 per
1244 1906 1474 1960 “regem.”
1535 1907 1664 1948 Haec

174 1970 316 2012 allata
339 1978 444 2012 sunt
470 1978 518 2012 ut
541 1972 706 2012 sciatur
728 1971 848 2024 quod
866 1970 1102 2011 '“testari”
1124 1971 1182 2010 sit
1207 1983 1456 2023 agnoscere
1481 1976 1528 2010 et
1554 1983 1663 2011 con-

175 2033 291 2076 fiteri
318 2034 576 2083 Dominum,
604 2041 650 2074 et
676 2034 796 2087 quod
822 2034 908 2075 hoc
940 2034 998 2074 sit
1029 2033 1087 2074 ab
1113 2033 1246 2086 Ipso;
1283 2033 1470 2085 proinde
1495 2033 1663 2073 bonum

175 2098 339 2139 amoris
364 2104 410 2139 et
437 2098 684 2145 charitatis,
707 2110 758 2137 ac
780 2110 934 2137 verum
957 2095 1188 2137 doctrinae
1214 2102 1261 2137 et
1287 2095 1403 2145 fidei,
1426 2096 1528 2149 quia
1552 2095 1663 2136 haec

175 2166 280 2202 sunt
305 2158 332 2201 a
356 2160 568 2208 Domino,
595 2166 642 2200 et
668 2166 773 2200 sunt
800 2159 945 2212 Ipsius
970 2159 1014 2199 in
1040 2159 1236 2199 homine.

255 2226 393 2279 636.
431 2225 510 2265 “ft
520 2224 820 2277 prophetabunt
839 2223 979 2264 diebus
1006 2223 1114 2264 mille
1142 2223 1328 2264 ducentis
1350 2222 1667 2276 sexaginial'-
1695 2242 1699 2246 >

177 2285 311 2340 Quod
343 2285 563 2339 significet
589 2286 709 2339 quod
733 2285 940 2326 docebunt
962 2291 1004 2325 et
1033 2299 1144 2338 quae
1162 2285 1426 2326 docebuntur
1448 2299 1584 2338 usque
1605 2284 1672 2325 ad

172 2349 304 2403 finem
328 2349 527 2390 ecclesiae
546 2349 708 2389 veteris
732 2355 775 2388 et
791 2348 1066 2401 principium
1092 2362 1239 2397 novae,
1266 2355 1449 2389 constat
1481 2362 1539 2388 ex
1572 2348 1672 2401 sig-·

177 2409 436 2452 nificatione
456 2414 481 2431 “
494 2410 811 2463 prophetare,'’
827 2410 948 2463 quod
971 2410 1029 2450 sit
1051 2410 1216 2450 docere
1238 2420 1294 2459 (de
1306 2409 1663 2460 quasupra,n.624);

175 2471 248 2514 hic
273 2479 368 2514 tam
390 2472 554 2513 docere
576 2485 710 2525 quam
733 2472 911 2522 doceri;
943 2484 1047 2511 nam
1070 2471 1231 2512 dicitur
1256 2472 1312 2512 de
1336 2472 1550 2512 “duobus
1570 2478 1664 2512 tes-

177 2535 334 2585 tibus,’'
365 2549 444 2589 per
479 2549 590 2589 quos
621 2534 930 2588 significantur
960 2535 1129 2575 bonum
1159 2536 1323 2576 amoris
1354 2541 1401 2576 et
1432 2535 1665 2575 charitatis

177 2611 230 2640 ac
251 2611 404 2639 verum
427 2597 656 2639 doctrinae
678 2604 726 2639 et
750 2597 867 2646 fidei,
890 2598 1001 2638 haec
1023 2598 1143 2638 enim
1169 2598 1286 2651 apud
1308 2598 1537 2639 hominem
1560 2604 1664 2637 sunt

177 2674 292 2715 quae
322 2661 502 2710 docent,
535 2668 582 2702 et
613 2675 727 2715 quae
759 2662 896 2701 etiam
928 2660 1174 2711 docentur;
1216 2674 1319 2701 nam
1351 2661 1424 2714 qui
1460 2661 1503 2700 in
1535 2660 1664 2700 bonis

178 2723 342 2764 amoris
367 2730 413 2764 et
444 2724 487 2764 in
518 2724 634 2764 veris
660 2722 891 2764 doctrinae
916 2730 1036 2772 sunt,
1063 2723 1126 2764 illi
1157 2723 1351 2774 docent;
1383 2729 1430 2764 et
1463 2736 1575 2776 quae
1607 2722 1665 2762 ab

177 2785 264 2827 illis
289 2787 508 2828 docentur
539 2794 642 2828 sunt
673 2787 793 2827 bona
823 2787 987 2827 amoris
1018 2793 1064 2828 et
1095 2800 1201 2827 vera
1231 2785 1487 2827 doctrinae:
1526 2791 1572 2826 et
1604 2799 1663 2825 ex

178 2847 502 2902 significatione
530 2850 738 2890 “dierum
765 2849 887 2890 mille
913 2849 1208 2891 ducentorum
1235 2848 1516 2902 sexaginta,’'
1542 2847 1662 2902 quod

179 2910 238 2953 sit
263 2925 399 2966 usque
421 2912 478 2954 ad
500 2911 634 2954 finem
655 2912 871 2954 ecclesiae
894 2913 1060 2954 veteris
1084 2925 1135 2954 ac
1159 2913 1423 2966 principium
1445 2910 1662 2953 ecclesiae
