1962 3334
319 281 429 333 1804
731 288 1063 322 APOCALYPSIS
1095 289 1393 321 EXPLICATA.

1561 399 1581 415 υ
1614 403 1640 421 (ς

308 401 520 452 dolores;
559 407 607 442 ut
641 414 721 454 per
752 401 873 454 quod
909 405 1107 442 “manus
1139 406 1294 442 essent
1325 401 1555 448 remissae,
1654 414 1803 454 genua

308 463 488 504 abirent
532 464 575 503 in
616 463 798 517 aquas,''
842 468 1154 516 “contegeret
1198 478 1277 504 eos
1317 462 1503 511 terror‚''
1543 468 1589 503 et
1633 467 1806 516 “super

306 525 506 567 faciebus
533 526 731 579 pudor;”
767 540 846 579 per
877 540 993 580 quae
1019 526 1336 579 significantur
1367 539 1458 566 non
1489 526 1627 566 modo
1651 528 1804 567 variae

308 590 645 630 commotiones
670 590 808 630 animi
835 595 881 629 et
908 590 1189 630 mutationes
1208 596 1370 630 status
1395 590 1531 636 vitae,
1559 589 1639 629 sed
1665 591 1803 630 etiam

308 652 635 692 conversiones
665 666 691 692 a
725 652 850 692 falsis
885 659 931 692 et
964 652 1123 702 malis;
1165 653 1270 692 n’am
1302 651 1418 692 falsa
1453 665 1568 705 quae
1599 651 1804 704 rejicient

308 714 623 767 significantur
654 728 733 767 per
766 714 1081 767 “argentum’‘
1108 714 1229 768 quod
1262 714 1501 767 projicient
1532 715 1576 754 in
1608 714 1802 767 plateas,

307 783 354 818 et
386 777 508 817 mala
544 791 624 830 per
657 777 884 817 “aurum''
915 777 1036 830 quod
1073 778 1116 817 in
1149 777 1541 817 abominationem
1573 778 1683 817 erit:
1726 792 1806 831 per

307 840 429 893 quod
464 841 658 880 “omnia
688 853 840 892 genua
871 840 1041 880 abeant
1074 841 1119 879 in
1156 853 1296 893 aquas
1310 839 1329 854 ”
1360 839 1643 892 significatur
1673 840 1805 881 dolor

307 909 496 956 propter
517 903 688 943 bonum
711 903 879 943 amoris
906 904 1212 956 deperditum,
1237 909 1283 943 et
1309 903 1524 955 gaudium
1548 910 1736 956 propter
1759 904 1803 944 id

308 978 426 1005 nunc
454 971 800 1019 recuperatum;
843 970 1031 1019 “genua
1044 965 1063 980 ”
1090 965 1351 1018 significant
1378 979 1580 1006 amorem
1607 966 1729 1014 boni,
1757 973 1803 1007 et

310 1028 473 1069 “abire
512 1029 557 1068 in
597 1028 771 1082 aquas”
811 1029 1036 1082 significat
1077 1028 1379 1081 lachrymare.
1452 1028 1602 1081 Quod·
1632 1032 1804 1070 tremor

307 1091 506 1140 san&u5‚
534 1092 607 1145 qui
639 1098 850 1144 occupat,
878 1091 1028 1132 vibrat
1060 1098 1106 1132 et
1139 1091 1351 1145 pervellit
1382 1090 1599 1132 interiora
1625 1093 1801 1145 capitis,
1837 1147 1839 1149 ‚

309 1154 493 1208 quando
520 1154 735 1194 Divinum
762 1154 906 1195 influit
933 1167 984 1194 ac
1012 1154 1189 1207 implet,
1217 1155 1356 1194 etiam
1383 1155 1560 1195 dicatur
1588 1155 1803 1203 “timor,’'

310 1216 537 1266 “terror,'’
576 1217 848 1264 “formido,'’
879 1223 1095 1257 constare
1131 1223 1289 1270 potest
1325 1231 1384 1257 ex
1421 1217 1534 1258 locis
1569 1218 1801 1271 sequenti-

308 1280 393 1320 bus
409 1280 619 1333 :—Apud
644 1279 824 1327 Lucam,

383 1377 535 1420 Quando
559 1377 758 1414 Zacharias,
776 1377 854 1408 viso
878 1377 1018 1417 angelo,
1040 1378 1264 1417 perturbatus
1293 1382 1356 1414 est,
1382 1377 1475 1418 quod
1503 1377 1611 1408 timor
1639 1377 1803 1408 ceciderit

485 1431 592 1461 super
612 1421 721 1459 illum,
742 1421 797 1452 cui
823 1421 902 1452 ideo
927 1421 1016 1452 dixit
1035 1421 1223 1460 angelus,
1228 1420 1299 1451 ‘Ne
1320 1421 1454 1456 timeto,
1475 1419 1675 1451 Zacharia”
1695 1420 1729 1460 (i.
1753 1428 1800 1457 12,

485 1465 559 1503 23);

381 1508 551 1539 Similiter
571 1507 687 1539 Maria
702 1507 823 1548 Virgo,
841 1508 919 1538 viso
937 1507 1066 1547 angelo
1083 1506 1206 1547 (Luc.
1197 1517 1217 1539 ι.
1239 1505 1323 1548 [29‚]
1344 1506 1420 1546 3ο)-
1413 1532 1420 1544 ,

374 1549 526 1591 Quando
542 1550 690 1591 angelus
708 1550 853 1582 Domini
870 1551 1003 1583 adstitit
1019 1551 1228 1591 pastoribus,
1245 1557 1280 1583 et
1301 1552 1413 1592 gloria
1431 1550 1577 1583 Domini
1600 1551 1800 1583 circumful-

482 1593 526 1624 sit
544 1593 633 1631 illos,
651 1593 869 1625 “timuerunt
889 1595 1051 1626 timorem
1071 1604 1261 1634 magnum;
1293 1595 1356 1626 sed
1375 1595 1462 1627 dixit
1481 1595 1548 1626 illis
1568 1595 1726 1635 angelus,
1744 1594 1799 1627 Ne

478 1638 609 1675 timete,
627 1647 707 1668 ecce
727 1637 937 1687 evangelizo
961 1638 1063 1669 vobis
1079 1637 1256 1678 «gaudium
1276 1647 1456 1677 magnum,
1478 1638 1574 1678 quod
1599 1635 1673 1668 [¹Jf1t
1697 1638 1796 1668 omni

479 1680 640 1722 populo'’
658 1680 753 1720 (Luc.
772 1681 805 1711 ii.
823 1679 871 1722 9[,
893 1679 984 1722 1o]);

378 1724 564 1766 QuandoJ
547 1724 652 1766 Jesus
671 1725 945 1756 transformatus
963 1730 1025 1762 est,
1045 1730 1079 1755 et
1096 1724 1192 1755 visus
1211 1725 1246 1755 in
1264 1724 1387 1764 gloria,
1403 1724 1531 1755 dicitur
1547 1724 1640 1764 quod
1660 1724 1795 1761 Petrus,

477 1768 718 1836 JacobusJ
649 1775 683 1799 et
699 1768 883 1809 thannes
902 1768 1012 1799 territi
1031 1766 1115 1799 facti
1133 1768 1204 1798 sint
1221 1777 1299 1799 cum
1319 1768 1471 1807 ingressi
1489 1768 1524 1798 in
1543 1768 1673 1798 nubem
1699 1767 1795 1806 (Luc.

489 1810 557 1843 ²]ix.
578 1812 652 1851 34);
677 1817 711 1842 et
729 1821 807 1842 eum
829 1811 1040 1842 audiverunt
1060 1821 1185 1842 vocem
1206 1821 1224 1842 e
1245 1812 1374 1849 nube,‘
1379 1811 1466 1842 ‘Hic
1488 1817 1542 1842 est
1563 1811 1672 1842 Filius
1695 1821 1795 1843 meus

477 1853 661 1893 dilectusf'
678 1855 771 1895 quod
789 1855 980 1886 ceciderint
997 1865 1112 1904 super.
1120 1855 1228 1886 facies
1246 1865 1340 1892 suas,
1355 1860 1388 1886 et
1407 1855 1589 1886 timuerint
1606 1855 1672 1885 sibi
1690 1855 1795 1886 vehe-

477 1899 669 1936 menter;‘
673 1900 725 1929 at
741 1899 914 1929 accedens
953 1908 1035 1929 esus
1052 1898 1167 1937 tetigit
1184 1899 1274 1936 illos,
1292 1899 1423 1935 dicens,
1443 1898 1591 1938 Surgite,
1610 1908 1654 1929 ne
1672 1899 1793 1929 timete

477 1942 607 1973 vobis''
621 1942 762 1981 (Matth.
781 1942 863 1973 xvii.
884 1898 949 1983 [55
966 1942 995 1979 6,
1016 1949 1055 1979 7;
1085 1942 1194 1973 Marc.
1213 1942 1258 1973 ix.
1276 1942 1329 1981 6);

377 1986 467 2018 Cum
488 1986 664 2017 Dominus
683 1992 871 2016 sanaverat
892 1986 1134 2026 paralyticum,
1156 1986 1281 2016 dicitur
1298 1985 1392 2025 quod
1410 1985 1516 2016 timor
1532 1985 1703 2016 invaserit
1720 1995 1796 2016 om-

478 2040 552 2066 nes,
571 2035 606 2060 et
623 2029 903 2069 glorificaverint
923 2029 1048 2067 Deum,
1066 2035 1101 2060 et
1117 2030 1210 2069 quod
1228 2029 1364 2069 impleti
1381 2029 1453 2060 sint
1469 2028 1607 2066 timore,
1625 2029 1794 2066 dicentes,

479 2073 671 2104 “Vidimus
690 2073 853 2112 prodigia
871 2072 1003 2103 hodie⁷¹
1022 2072 1116 2111 (Luc.
1134 2082 1166 2104 v.
1185 2072 1259 2112 26);

378 2117 422 2148 Et
446 2126 524 2148 cum
553 2116 730 2147 Dominus
756 2116 981 2147 resuscitavit
1004 2116 1266 2147 adolescentem
1291 2126 1310 2146 e
1337 2115 1429 2147 Nain
1455 2121 1644 2154 mortuum,
1669 2115 1795 2147 dicitur

478 2160 571 2201 quod
589 2160 722 2200 ceperit
739 2160 846 2190 timor
862 2169 999 2198 omnes,
1018 2160 1203 2190 laudantes
1223 2159 1338 2190 Deum
1355 2159 1450 2198 (Luc.
1469 2159 1526 2190 vii.
1547 2159 1618 2199 16):

303 2251 510 2304 similiter
525 2257 573 2291 ut
590 2250 661 2291 hic
677 2251 722 2290 in
738 2250 1030 2303 Apocalypsi,
1048 2250 1168 2303 quod
1187 2250 1372 2290 “territi
1387 2249 1491 2291 facti
1509 2250 1614 2299 sint,
1629 2255 1675 2290 et
1690 2249 1792 2303 glo-

302 2314 414 2354 riam
441 2314 652 2354 dederint
679 2313 780 2353 Deo
806 2313 960 2354 caeli.''
1018 2313 1170 2361 Porro,

369 2410 550 2451 “Quando
574 2411 740 2442 mulieres
761 2411 944 2451 ingressae
965 2416 1048 2442 sunt
1072 2411 1108 2442 in
1134 2416 1417 2449 monumentum,
1438 2410 1603 2442 viderunt
1626 2410 1792 2450 angelum

478 2454 661 2485 sedentem
693 2455 729 2485 in
761 2455 906 2492 dextris,
936 2455 1191 2485 circumdatum
1220 2454 1312 2485 stola
1342 2454 1442 2492 alba,
1482 2460 1517 2485 et
1544 2453 1792 2494 expaverunt”

475 2495 637 2537 (fflMarc.
655 2498 723 2529 xvi.
745 2506 772 2536 5,
791 2499 843 2538 6);

378 2540 423 2571 Et
441 2541 534 2581 quod
551 2541 727 2579 mulieres,
742 2551 906 2581 egressae
923 2551 942 2572 e
960 2546 1204 2578 monumento,
1220 2546 1411 2581 occupatae
1425 2541 1557 2572 fuerint
1573 2541 1710 2578 timore,
1725 2547 1792 2572 tre-

479 2594 578 2615 more
603 2590 638 2615 et
662 2591 817 2624 stupore,
838 2591 873 2615 et
897 2585 1002 2616 simul
1022 2585 1151 2624 gaudio
1175 2594 1317 2624 magno,
1338 2591 1373 2615 et
1397 2585 1491 2624 quod
1516 2584 1602 2615 nulli
1626 2584 1788 2621 dixerint,

477 2628 558 2667 quia
572 2628 745 2659 timebant
758 2628 824 2659 sibi
839 2637 845 2665 ;
867 2629 993 2668 quibus
1007 2627 1203 2695 ideoslesus
1217 2628 1314 2665 dixit,
1331 2627 1384 2659 Ne
1398 2628 1568 2666 timetote,
1581 2627 1790 2658 annuntiate

477 2671 643 2702 fratribus
660 2671 802 2710 (Matth.
820 2671 939 2702 xxviii.
958 2672 987 2709 8,
1009 2679 1068 2709 10;
1105 2669 1240 2702 ⁴]Marc.
1258 2671 1328 2702 xvi.
1348 2671 1399 2709 8);

369 2714 472 2755 Quod
484 2715 554 2745 duo
565 2715 717 2754 apostoli
729 2721 853 2746 euntes
863 2715 907 2745 ad
921 2714 1100 2752 Emmaus,
1113 2715 1266 2745 dixerint
1277 2715 1321 2745 ad
1332 2714 1466 2756 Jesum,
1477 2715 1495 2728 ‘⁴
1507 2713 1675 2745 Mulieres
1687 2723 1790 2755 quae-

477 2758 558 2788 dam
576 2758 831 2789 terrefecerunt
848 2768 914 2789 nos
926 2757 944 2769 ”
961 2758 1056 2798 (Luc.
1074 2758 1167 2789 xxiv.
1187 2758 1250 2797 22).

302 2855 377 2895 Ex
404 2855 471 2895 his
497 2854 605 2895 locis
629 2854 835 2895 concludi
862 2861 1014 2907 potest
1041 2855 1160 2908 quod
1187 2869 1265 2908 per
1289 2858 1544 2896 “terrorem
1559 2854 1577 2870 '’
1599 2860 1645 2896 et
1670 2857 1787 2908 “pa-

302 2917 486 2959 vorem’'
522 2918 565 2958 in
603 2917 756 2958 Verbo
797 2917 1078 2971 intelligatur
1118 2919 1362 2959 commotio
1399 2919 1532 2958 animi
1567 2918 1688 2959 varia
1728 2931 1785 2958 ex

1938 2247 1962 2303 „2

1953 2310 1962 2355 l
