1962 3334
285 300 391 352 1884
693 308 1024 341 APOCALYPSIS
1056 307 1355 341 EXPLICATA.

454 421 610 454 tulerunt
635 421 730 453 illam
756 422 800 453 ad
825 421 938 454 Gath:
970 422 1060 454 “sed
1085 420 1180 454 facta
1202 428 1256 454 est
1280 432 1407 454 manus
1430 422 1588 463 Jehovae
1612 423 1647 454 in
1673 424 1768 461 urbe.

462 491 491 497 ..
506 473 578 497 ..et
599 466 771 506 percussit
796 466 891 497 viros
915 466 1012 497 urbis
1037 476 1058 497 a
1082 467 1231 497 minimo
1255 470 1366 506 usque
1390 467 1435 497 ad
1459 467 1664 505 maximum,
1685 468 1768 498 dum

455 510 639 540 obturatae
664 515 747 540 sunt
777 509 844 540 illis
873 510 1164 541 haemorrhoides
1179 521 1184 541 :
1219 519 1325 550 quare
1355 510 1527 541 miserunt
1555 520 1671 541 arcam
1703 510 1769 542 Dei

455 553 634 583 Ekronem
650 562 674 590 ;.
689 577 695 585 .
711 578 717 584 .
733 553 810 584 .sed
828 553 1072 584 clamaverunt
1090 552 1314 591 Ekronitae,’'
1333 554 1427 594 quod
1445 554 1580 584 occidet
1596 563 1658 584 eos
1673 563 1696 589 ς.
1712 579 1718 586 .
1733 579 1740 586 .
1755 579 1762 586 .

453 597 516 627 “et
533 596 597 627 viri
615 596 673 637 qui
691 606 763 627 non
782 597 911 627 mortui
928 603 1020 634 sunt,
1035 597 1192 636 percussi
1210 603 1292 627 sunt
1306 597 1635 628 haemorrhoidibus
1652 596 1696 634 ;‘¹.
1712 622 1719 629 .
1733 622 1740 629 .
1756 622 1762 629 .

447 649 560 680 *quare
580 640 744 671 dixerunt
764 646 937 680 satrapae,
958 641 1051 681 quod
1071 641 1292 671 remitterent
1311 650 1428 671 arcam
1455 641 1490 671 in
1516 640 1631 671 locum
1653 651 1767 672 suum.

457 708 464 715 .
480 708 487 715 .
501 708 508 715 .
523 684 558 715 ,⁴¹
571 683 661 714 Cum
683 690 863 714 manserat
882 693 978 715 arca.
993 684 1045 715 ,in
1062 694 1148 723 agro
1169 684 1464 714 philisthaeorum
1483 690 1620 724 septem
1637 685 1768 715 mensi-

450 728 525 764 bus,
543 733 715 758 vocarunt
738 727 946 758 philisthaei
967 728 1169 758 sacerdotes
1190 734 1225 758 et
1244 728 1474 764 divinatores,
1493 727 1654 765 dicendo,
1674 727 1768 768 Quid

450 770 620 801 faciemus
649 780 750 801 arcae
775 770 970 811 Jehovae?,
986 795 992 802 .
1007 771 1202 811 ,quomodo
1230 771 1449 802 dimittemus
1478 781 1556 802 eam
1585 771 1621 811 in
1651 771 1767 802 locum

451 815 579 846 suum?
626 814 668 845 Et
687 814 879 851 dixerunt„
894 839 901 845 .
915 839 922 845 .
938 814 1008 845 .Ne
1024 814 1190 845 dimittite
1211 824 1288 845 eam
1306 824 1426 852 vacue,
1444 815 1507 845 sed
1527 814 1714 846 remittetis
1734 815 1767 846 ei

449 863 597 895 reatum,
632 864 715 888 tunc
750 858 964 888 sanabimini
981 867 1004 893 2.
1019 882 1026 889 .
1041 883 1047 889 .
1063 868 1206 898 ,nempe
1241 858 1285 889 ad
1324 867 1510 897 numerum
1545 864 1767 899 satraparum

452 901 760 938 philisthaeorum,
789 901 943 942 quinque
970 902 1260 932 haemorrhoides
1289 902 1364 932 auri
1396 908 1431 932 et
1462 902 1615 942 quinque
1648 912 1766 934 mures

449 944 535 982 auri,
549 945 632 985 quia
648 945 753 984 plaga
769 955 840 975 una
857 945 1033 982 omnibus,
1049 951 1083 975 et
1097 946 1247 985 satrapis
1262 945 1389 988 vestris
1405 954 1411 983 ;
1436 945 1573 976 facietis
1588 945 1765 985 imagines

449 988 761 1019 haemorrhoidum
791 995 1000 1026 vestrarum,
1031 995 1065 1019 et
1094 988 1269 1028 imagines
1298 989 1450 1019 murium
1479 995 1678 1020 vestrorum
1708 989 1766 1029 qui

448 1038 634 1062 vastarunt
659 1038 788 1063 terram
803 1041 826 1067 ;.
842 1057 848 1063 .
863 1057 870 1063 .
885 1039 935 1063 .et
959 1032 1063 1063 facite
1088 1033 1282 1071 plaustrum
1309 1042 1452 1070 novum,
1473 1039 1508 1063 et
1531 1032 1620 1064 duas
1640 1042 1766 1063 vaccas

448 1073 622 1106 lactantes
639 1085 745 1115 super
764 1085 850 1116 quas
871 1085 943 1106 non
964 1076 1123 1106 ascendit
1139 1075 1273 1116 jugum,
1291 1083 1326 1106 et
1345 1076 1488 1115 alligate
1506 1085 1631 1107 vaccas
1648 1076 1767 1116 plaus-

448 1125 513 1156 tr0,
534 1125 569 1150 et
592 1119 754 1150 abducite
780 1119 870 1150 filios
895 1129 1016 1150 earum
1037 1120 1210 1157 domum„
1226 1144 1233 1150 .
1248 1129 1302 1150 ,ac
1327 1119 1448 1159 ponite
1469 1129 1586 1150 arcam
1606 1119 1766 1160 Jehovae

447 1172 554 1202 super
573 1163 740 1202 plaustro,
759 1169 793 1193 et
810 1173 897 1194 vasa
915 1163 1005 1194 auri.
1022 1187 1028 1194 .
1043 1187 1049 1194 .
1065 1163 1201 1202 .ponite
1223 1163 1257 1193 in
1278 1173 1385 1202 capsa
1405 1163 1449 1194 ad
1471 1163 1564 1194 latus
1585 1163 1678 1203 ejus.
1694 1188 1700 1194 .
1715 1188 1722 1194 .
1738 1173 1764 1200 .;

448 1213 483 1237 et
507 1206 624 1237 videte
649 1207 678 1237 si
699 1207 757 1237 via
782 1206 924 1237 termini
949 1207 1119 1237 ascendat
1143 1207 1185 1237 ad
1211 1206 1510 1237 Bethschemesch
1525 1218 1548 1238 z.
1563 1231 1570 1239 .
1585 1231 1591 1238 .
1607 1213 1657 1238 .et
1676 1206 1766 1238 fece-

447 1256 529 1280 runt
547 1250 605 1280 ita.
636 1275 643 1281 .
658 1275 665 1281 .
680 1275 686 1280 .
703 1250 817 1281 ‚Tunc
835 1248 932 1280 reeta
949 1250 1172 1281 incesserunt
1190 1260 1316 1280 vaccae
1334 1250 1370 1280 in
1388 1251 1446 1280 via
1462 1259 1568 1290 super
1585 1250 1643 1280 via
1661 1249 1766 1281 Beth-

447 1293 653 1324 schemesch
678 1294 713 1324 in
739 1294 878 1324 tramite
903 1303 1012 1325 uno..
1028 1318 1050 1331 .,
1071 1300 1106 1324 et
1130 1294 1318 1330 boarunt2.
1334 1318 1362 1325 ..
1378 1299 1427 1325 .et
1451 1300 1614 1334 satrapae
1641 1293 1766 1325 Philis-

447 1337 632 1367 thaeorum
649 1335 806 1378 [euntes]
826 1343 907 1377 post
923 1347 983 1368 eas
998 1347 1021 1368 z.
1036 1362 1043 1368 .
1058 1362 1064 1368 .
1080 1343 1129 1368 .et
1147 1338 1244 1368 venit
1258 1337 1452 1377 plaustrum
1470 1337 1505 1368 in
1523 1346 1646 1377 agrum
1660 1337 1766 1378 Jeho-

447 1381 577 1411 schuae
608 1380 904 1417 Bethschemitae,
934 1386 968 1411 et
996 1381 1094 1412 stetit
1125 1381 1182 1418 ibi,
1211 1387 1246 1412 et
1277 1381 1323 1411 ibi
1356 1381 1445 1420 lapis
1474 1390 1645 1421 magnus:
1683 1387 1766 1412 tunc

447 1424 692 1454 dissecuerunt
717 1424 814 1464 ligna
838 1424 995 1464 plaustri,
1020 1430 1055 1455 et
1079 1434 1203 1455 vaccas
1229 1424 1433 1455 obtulerunt
1456 1425 1492 1455 in
1517 1424 1764 1455 holocaustum

447 1467 615 1509 Jehovae.
666 1467 708 1498 Et
735 1467 879 1498 Levitae
904 1468 1146 1507 deposuerunt
1170 1478 1287 1498 arcam
1308 1467 1477 1509 Jehovae,
1498 1474 1532 1498 et
1556 1477 1715 1508 capsam.
1730 1493 1737 1499 .
1752 1493 1759 1500 .

447 1511 482 1541 in
501 1521 570 1551 qua
587 1521 672 1542 vasa
691 1511 793 1548 auri‚.
810 1521 932 1551 .super
952 1511 1067 1551 lapide
1088 1512 1148 1542 illo
1166 1521 1318 1551 magno;
1343 1518 1378 1542 et
1395 1511 1459 1542 viri
1480 1511 1765 1543 Bethschemitae

447 1554 651 1585 obtulerunt
675 1555 884 1585 holocausta
907 1561 943 1586 et
973 1554 1215 1586 sacrificarunt
1239 1554 1424 1586 sacrificia.
1438 1579 1446 1586 .
1461 1579 1468 1586 .
1483 1554 1656 1596 .Jehovae
1669 1566 1675 1586 z
1686 1580 1693 1586 .
1708 1580 1715 1586 .
1730 1580 1736 1586 .
1752 1580 1760 1587 .

446 1598 509 1629 sed
534 1598 690 1638 percussi
719 1605 802 1629 sunt
829 1598 1126 1635 Bethschemitae‚
1152 1599 1234 1639 quia
1261 1599 1426 1630 viderunt
1453 1608 1571 1629 arcam
1595 1598 1764 1639 Jehovae,

452 1666 459 1673 .
475 1666 482 1673 .
497 1666 503 1672 .
519 1642 578 1672 .ad
598 1642 830 1682 quinquagies
851 1642 948 1672 mille
968 1648 1004 1673 et
1026 1642 1252 1682 septuaginta
1271 1642 1377 1673 viros.
1414 1667 1421 1673 .
1437 1667 1444 1673 .
1458 1667 1465 1673 .
1481 1642 1565 1673 .Sed
1584 1642 1650 1672 viri
1672 1641 1766 1673 Kiri-

446 1685 633 1724 athjearim
648 1686 839 1716 ascendere
854 1685 1014 1716 fecerunt
1027 1695 1144 1716 arcam
1159 1685 1326 1727 Jehovae,
1342 1691 1376 1716 et
1393 1685 1666 1716 introduxerunt
1683 1695 1762 1717 eam

448 1729 483 1759 in
497 1729 641 1760 domurn
657 1729 858 1760 Abinadabi
873 1730 907 1760 in
923 1729 1062 1767 Gibea,.
1077 1754 1084 1760 .
1098 1754 1105 1761 .
1121 1738 1171 1760 .et
1188 1730 1319 1760 mansit
1337 1730 1383 1760 ibi
1398 1729 1523 1768 viginti
1540 1729 1655 1760 annis.
1686 1753 1693 1760 .
1708 1754 1715 1760 .
1729 1754 1737 1761 .
1751 1754 1759 1761 .

447 1772 547 1803 Tunc
564 1772 651 1804 dixit
669 1773 826 1804 Samuel.
842 1798 848 1804 .
863 1798 871 1804 .
885 1797 908 1810 .,
928 1773 962 1804 Si
981 1779 1057 1804 toto
1075 1773 1180 1804 corde
1198 1783 1262 1804 vos
1281 1773 1499 1803 revertimini
1517 1773 1561 1804 ad
1578 1772 1763 1814 Jehovam,

445 1822 627 1847 removete
647 1816 733 1847 deos
754 1816 976 1855 alienigenae
996 1823 1031 1847 et
1051 1816 1303 1854 Aschtharoth‚
1324 1822 1358 1847 et
1379 1823 1586 1856 praeparate
1606 1826 1666 1847 cor
1685 1826 1766 1847 ves·

446 1866 539 1890 trum
556 1869 642 1899 erga
657 1859 841 1900 Jehovam,
860 1866 894 1890 et
913 1860 1043 1891 servite
1063 1859 1135 1900 Ipsi
1156 1860 1233 1897 soli,
1252 1866 1335 1890 tunc
1353 1860 1515 1891 liberabit
1532 1869 1597 1891 vos
1617 1870 1636 1890 e
1657 1869 1765 1891 manu

448 1902 746 1934 philisthaeorum
759 1902 775 1914 ’'
794 1904 882 1943 (cap.
898 1904 942 1935 iv.
961 1912 1039 1934 1—11
1056 1913 1063 1942 ;
1088 1914 1161 1944 cap.
1177 1914 1207 1934 v.
1225 1912 1307 1934 1-12
1323 1913 1328 1942 ;
1354 1913 1428 1944 cap.
1443 1904 1487 1935 vi.
1506 1912 1585 1934 1-21
1603 1913 1610 1941 ;
1637 1909 1672 1935 et
1689 1913 1764 1944 cap.

447 1946 504 1977 vii.
526 1948 609 1986 1-3).

278 2021 411 2075 Quod
438 2036 542 2063 arca
568 2030 704 2076 capta
729 2023 860 2064 fuerit
893 2038 918 2064 a
946 2023 1249 2067 Philisthaeis.
1278 2030 1323 2064 et
1351 2023 1471 2077 quod
1499 2023 1764 2064 Philisthaei

273 2092 458 2138 propter
484 2099 635 2126 arcam
661 2086 704 2126 in
731 2085 970 2135 Aschdod,
1000 2085 1122 2127 Gath
1150 2093 1195 2127 et
1223 2086 1420 2134 Ekrone,
1446 2087 1643 2139 percussi
1670 2086 1762 2127 fue-

271 2148 360 2188 rint
385 2148 819 2196 haemorrhoidibus,
844 2155 890 2189 et
917 2149 1037 2202 quod
1061 2162 1208 2189 mures
1232 2149 1572 2189 devastaverint
1596 2154 1762 2189 terram

272 2223 440 2258 eorum,
474 2217 520 2251 et
553 2211 672 2264 quod
705 2211 763 2251 ibi
796 2218 842 2252 et
880 2212 924 2251 in
958 2211 1322 2252 Bethschemesh
1354 2218 1426 2252 tot
1459 2211 1624 2252 mortui
1656 2212 1761 2259 sint,

273 2285 363 2312 non
391 2273 491 2312 sciri
517 2279 671 2325 potest
705 2274 810 2326 quid
837 2273 1109 2326 significant,
1139 2273 1221 2313 nisi
1253 2274 1421 2314 sciatur
1452 2273 1556 2327 quid
1582 2287 1761 2326 reprae-

272 2341 569 2376 sentaverunt
597 2342 643 2376 et
670 2337 774 2376 inde
800 2336 1171 2389 significaverunt
1199 2336 1479 2384 Philisthaei‚
1508 2342 1553 2376 et
1587 2336 1692 2389 quid
1718 2337 1763 2376 in

274 2398 423 2450 specie
442 2397 750 2447 Aschdodaei,
773 2398 982 2447 Gittitae,
1003 2399 1267 2447 Ekronitae‚
1293 2405 1338 2439 et
1364 2398 1762 2449 Bethschemitae;
1799 2452 1801 2454 ι

274 2466 371 2499 tum
409 2460 514 2513 quid
552 2460 810 2513 significant
845 2461 1294 2509 “haemorrhoides,'’
1326 2468 1372 2501 et
1410 2475 1587 2514 quoque
1627 2465 1762 2501 “mu-

272 2522 382 2570 res‚”
414 2529 462 2563 ut
501 2529 547 2563 et
588 2524 850 2576 “imagines
889 2537 1043 2564 eorum
1081 2538 1139 2564 ex
1177 2523 1324 2572 auro‚'’
1356 2530 1402 2564 et
1441 2524 1622 2576 insuper
1657 2523 1763 2577 quid

275 2584 566 2638 “plaustrum
595 2585 800 2634 novum‚’'
823 2593 870 2626 et
896 2590 1100 2627 “vaccae
1129 2585 1353 2627 laetantes
1372 2586 1405 2636 ;''
1437 2587 1556 2639 quod
1583 2600 1761 2639 reprae-

272 2648 501 2688 sentativa
542 2647 699 2687 talium
740 2649 829 2689 sint
875 2663 989 2702 quae
1031 2649 1250 2690 ecclesiae
1291 2655 1410 2696 sunt,
1453 2654 1610 2702 patet;
1659 2661 1763 2688 nam

273 2710 378 2763 quid
411 2709 576 2763 alioqui
612 2710 727 2750 soret
765 2712 884 2764 quod
924 2711 1189 2752 Philisthaei
1222 2718 1565 2764 percuterentur
1596 2711 1763 2753 talibus

274 2772 434 2825 plagis,
463 2779 509 2813 et
536 2774 656 2826 quod
688 2788 791 2814 arca
824 2775 888 2815 ita
914 2774 1232 2815 reduceretur?
1294 2774 1557 2815 Philisthaei
1583 2789 1761 2828 reprae-

274 2842 513 2876 sentarunt
560 2843 606 2876 et
652 2837 755 2876 inde
802 2837 1111 2889 significarunt
1157 2837 1259 2877 illos
1305 2838 1377 2890 qui
1423 2837 1548 2877 nihili
1594 2837 1760 2878 faciunt

274 2898 441 2937 bonum
474 2899 638 2938 amoris
676 2906 721 2939 et
756 2899 1006 2948 charitatis,
1040 2907 1085 2940 et
1123 2900 1226 2940 inde
1265 2899 1389 2939 nihili
1426 2900 1592 2939 bonum
1624 2901 1759 2947 vitae,

277 2961 488 3012 ponendo
521 2974 654 3002 omne
687 2962 915 3014 religionis
947 2963 990 3002 in
1023 2963 1211 3003 scientia
1244 2969 1288 3003 et
1327 2963 1615 3015 cognitionc3
1657 2963 1760 3003 inde
