1962 3334
299 279 403 322 1772
708 283 1042 319 APOCALYPSIS
1075 287 1375 321 EXPLICATA.

291 392 393 434 Hoc
421 409 598 449 quoque
624 405 1017 450 repraesentatum
1044 409 1113 443 est
1141 417 1219 456 per

362 479 468 521 Quod
489 481 543 512 vir
563 482 623 522 qui
644 482 829 523 conjectus
850 491 904 516 est
937 486 972 516 in
993 488 1223 527 sepulchrum
1247 489 1389 528 Elisaei,
1411 500 1490 522 cum
1512 497 1676 532 tangeret
1696 503 1780 524 ossa

462 525 567 563 illius,
586 526 754 558 revixerit
771 529 803 567 (2
821 529 901 570 Reg.
919 530 990 561 xiii.
1010 538 1061 569 20,
1081 533 1152 571 21):

286 632 366 671 per
406 619 637 661 Elisaeum
684 624 803 663 enim
845 633 1216 677 repraesentatus
1257 635 1326 668 est
1369 628 1590 670 Dominus
1631 632 1778 684 quoad

286 680 499 723 Divinum
528 683 712 733 Verum,
742 692 787 726 et
821 687 905 727 hoc
938 688 1045 729 facit
1078 690 1220 730 vitam
1253 691 1366 731 caeli
1398 693 1441 732 in
1474 706 1607 745 quam
1640 694 1778 735 homo

284 747 604 787 exsuscitatur.

367 807 447 861 [e.]
492 807 719 860 Quoniam
749 812 968 864 “sepeliri
981 812 1000 827 '’
1026 820 1071 854 et
1098 818 1122 834 “
1139 814 1404 867 sepultura”
1427 817 1654 869 significat
1680 824 1775 859 tarn

282 870 679 912 resuscitationem
711 873 755 913 in
786 874 927 913 vitam
960 889 1093 928 quam
1126 879 1535 929 regenerationem,
1563 880 1665 920 ideo
1698 894 1776 933 per

286 935 415 973 “non
443 934 661 987 sepeliri‚”
689 942 734 976 et
768 950 846 989 per
876 938 1096 978 “extrahi
1124 953 1148 979 e
1175 941 1523 990 monumentis,'’
1550 942 1774 995 significa-

282 1001 354 1035 tur
380 1009 470 1036 non
497 997 764 1039 resurrectio
791 1000 847 1039 ad
874 1000 1048 1041 caelum
1078 1015 1159 1042 nec
1187 1005 1488 1055 regeneratio,
1517 1006 1597 1045 sed
1629 1020 1773 1046 resur-

280 1055 421 1098 rec'tio
452 1059 509 1099 ad
536 1061 770 1109 infernum,
806 1064 992 1116 proinde
1025 1064 1287 1116 damnatio;
1323 1073 1371 1106 ut
1406 1067 1449 1106 in
1477 1062 1768 1121 sequentibus

281 1120 391 1162 locis
410 1123 618 1177 :—Apud
644 1124 847 1173 Esaiam,

348 1219 437 1251 “Tu
461 1219 643 1260 projeetus
668 1231 706 1252 es
731 1231 750 1252 e
776 1222 964 1261 sepulchro
990 1229 1052 1254 tuo
1075 1224 1166 1255 sicut
1187 1225 1351 1256 surculus
1375 1226 1642 1264 abominabilis,
1666 1228 1773 1259 vesti-

454 1270 615 1295 mentum
637 1265 847 1301 occisorum,
869 1266 1119 1298 confossorum
1141 1268 1272 1307 gladio,
1297 1269 1357 1309 qui
1378 1269 1600 1301 descendunt
1619 1271 1664 1301 ad
1685 1271 1773 1311 lapi-

455 1308 517 1339 des
538 1308 677 1345 foveae,
700 1309 790 1339 sicut
815 1310 968 1341 cadaver
987 1311 1235 1342 conculcatum
1253 1321 1259 1348 ;
1291 1322 1364 1343 non
1385 1313 1605 1345 adunaberis
1626 1324 1706 1345 cum
1728 1315 1770 1346 iis

453 1351 490 1382 in
509 1352 708 1392 sepulchro.
724 1363 806 1383 nam
826 1359 957 1384 terram
975 1360 1072 1385 tuam
1089 1355 1283 1394 perdidisti,
1301 1357 1471 1396 populum
1487 1363 1586 1388 tuum
1601 1358 1771 1395 occidisti,

454 1405 527 1426 non
547 1395 791 1427 nominabitur
808 1396 844 1427 in
862 1403 1048 1428 aeternum
1067 1408 1190 1429 semen
1209 1399 1502 1431 malitiosorum”
1521 1400 1603 1440 (xiv.
1624 1409 1673 1441 19,
1696 1402 1769 1441 2o):

277 1487 391 1530 haec
433 1489 488 1530 de
530 1503 636 1542 rege
675 1490 870 1537 Babelis,
910 1505 987 1544 per
1028 1505 1160 1544 quem
1200 1492 1479 1545 significatur
1517 1494 1769 1547 profanatio

278 1551 429 1592 Divini
461 1552 595 1593 Veri:
640 1567 790 1606 quare,
828 1553 939 1593 “Tu
981 1553 1205 1607 projectus
1238 1569 1284 1595 es
1323 1570 1347 1596 e
1384 1556 1624 1609 sepulchro
1656 1563 1735 1597 tuo
1750 1556 1769 1571 '’

277 1615 503 1668 significat
542 1617 661 1669 quod
699 1617 942 1657 damnatus
983 1617 1039 1657 ad
1081 1618 1327 1658 infernum:
1379 1620 1530 1659 “sicut
1569 1620 1768 1660 surculus

276 1678 606 1726 abominabilis,
623 1681 948 1720 vestimentum
965 1681 1230 1729 occisorum,
1247 1681 1556 1722 confossorum
1575 1682 1768 1735 gladio,''

276 1741 502 1795 significat
525 1742 886 1783 falsificationem
909 1744 999 1783 veri
1023 1750 1068 1784 et
1093 1744 1454 1796 profanationem
1478 1744 1597 1797 ejus3
1634 1749 1766 1785 “sur-

275 1805 401 1846 culus
419 1805 734 1846 abominabilis
747 1806 766 1819 ”
788 1813 857 1846 est
882 1820 1036 1847 verum
1059 1807 1344 1848 falsificatum
1364 1822 1372 1858 ;
1403 1809 1765 1849 “vestimentum

275 1870 541 1917 occisorum,
566 1869 875 1910 confossorum
899 1869 1093 1922 gladio,”
1116 1876 1185 1910 est
1209 1883 1364 1910 verum
1391 1870 1697 1911 adulteratum
1720 1878 1765 1911 et

275 1946 456 1985 prorsus
483 1931 763 1973 destructum
796 1947 874 1986 per
906 1933 1001 1973 dira
1033 1932 1170 1973 falsa:
1213 1934 1324 1986 “qui
1351 1934 1683 1974 descenderunt
1709 1935 1765 1974 ad

275 1996 448 2049 lapides
480 1996 651 2044 foveae,
685 1997 799 2037 sicut
832 1996 1027 2036 cadaver
1058 1996 1420 2045 conculcatum‚''
1452 1996 1676 2050 significat
1708 1999 1765 2038 ad

274 2059 493 2100 infernum
538 2060 611 2100 ubi
653 2066 757 2100 sunt
798 2059 910 2099 falsa
956 2059 1089 2109 mali;
1141 2060 1373 2100 “cadaver
1414 2060 1766 2101 conculcatum''

274 2122 498 2175 significat
526 2123 730 2175 spiritum
758 2122 1021 2162 infernalem
1054 2122 1172 2175 apud
1204 2135 1336 2175 quem
1369 2136 1503 2163 omne
1535 2129 1604 2163 est
1637 2124 1763 2176 spiri-

274 2186 459 2226 tualiter
486 2193 713 2226 mortuum
739 2200 797 2226 ex
831 2200 1011 2239 prorsus
1038 2184 1269 2226 destru&o
1302 2186 1450 2226 bono:
1494 2190 1622 2226 “non
1654 2187 1764 2226 adu-

274 2249 451 2290 naberis
471 2263 570 2289 cum
589 2250 640 2289 iis
663 2250 707 2289 in
726 2249 1006 2302 sepulchro‚’‘
1025 2248 1250 2301 significat
1269 2263 1358 2289 non
1379 2250 1764 2290 consociationem

273 2326 375 2353 cum
407 2313 493 2353 illis
525 2313 598 2366 qui
624 2318 966 2353 resurrexerunt
994 2312 1050 2352 ad
1077 2313 1244 2362 vitam;
1283 2325 1387 2352 nam
1417 2313 1497 2352 “in
1524 2313 1763 2365 sepulchro

273 2376 413 2423 esse,’‘
432 2390 510 2416 seu
536 2375 778 2428 “sepultus
801 2375 940 2423 esse‚'’
959 2374 1186 2427 significat
1214 2375 1339 2415 illam
1362 2374 1734 2416 resurrectionem
1753 2391 1762 2427 ;

273 2452 324 2480 ac
352 2440 562 2487 vicissim,
586 2437 847 2492 “projectus
874 2453 897 2478 e
925 2437 1206 2491 sepulchro,'’
1225 2438 1596 2478 damnationem:
1634 2442 1763 2479 “ter-

273 2516 369 2543 ram
407 2509 533 2542 tuam
566 2502 817 2555 perdidisti,
852 2501 1067 2554 populum
1100 2508 1224 2541 tuum
1259 2501 1506 2548 occidisti‚’'
1538 2501 1762 2554 significat

274 2566 394 2621 quod
422 2565 661 2606 ecclesiam
688 2571 734 2605 et
767 2564 868 2604 illos
895 2565 968 2618 qui
1000 2565 1043 2604 in
1070 2565 1186 2604 veris
1213 2578 1272 2604 ex
1299 2563 1419 2604 bono
1445 2564 1518 2612 ibi,
1547 2579 1626 2618 per
1651 2565 1763 2606 falsa

275 2629 381 2670 mali
414 2629 722 2669 destruxerit:
764 2631 893 2668 “non
926 2627 1232 2667 nominabitur
1263 2627 1307 2666 in
1340 2633 1575 2667 aeternum
1607 2641 1762 2668 semen

275 2690 603 2731 malitiosorum
623 2690 642 2705 ''
674 2689 900 2742 significat
939 2690 1307 2730 dissociationem
1344 2695 1390 2730 et
1429 2691 1762 2743 separationem

274 2760 521 2799 aeternam.
584 2752 722 2805 Apud
749 2752 1010 2800 Jeremz’am,

341 2849 360 2863 ‘¹
373 2847 537 2890 Jehovah
556 2848 645 2879 dixit
665 2858 770 2887 super
790 2848 870 2878 filiis
890 2854 925 2879 et
946 2858 1052 2888 super
1073 2848 1213 2879 filiabus
1234 2849 1291 2888 qui
1312 2854 1508 2879 nascuntur
1527 2849 1563 2879 in
1584 2848 1663 2879 loco
1683 2849 1761 2886 hoc,

449 2898 483 2923 et
496 2901 603 2931 super
616 2892 789 2922 matribus
804 2901 928 2922 eorum
944 2902 1033 2932 quae
1048 2892 1187 2931 parient
1201 2902 1274 2929 eos,
1289 2898 1325 2923 et
1341 2902 1447 2931 super
1461 2892 1621 2932 patribus
1635 2902 1760 2923 eorum

448 2935 507 2976 qui
527 2937 753 2975 generabunt
773 2945 835 2966 eos
861 2935 897 2966 in
918 2942 1013 2966 terra
1033 2936 1120 2974 hac;
1149 2936 1323 2967 mortibus
1345 2936 1461 2975 aegris
1482 2936 1691 2973 morientur,
1713 2936 1761 2967 ita
