1962 3334
256 275 363 317 1334
665 273 998 307 APOCALvPffls
1030 274 1329 308 EXPLICATA.

249 385 362 426 falsa
406 384 682 427 destructiva
726 386 842 427 illius
888 388 1078 440 generis.
1156 387 1381 441 Quoniam
1426 389 1619 430 “foveae
1635 389 1654 405 ”
1694 391 1738 431 in

249 447 404 490 Verbo
437 463 579 502 paene
611 449 773 490 similia
804 463 904 490 cum
940 451 1156 503 “puteis”
1185 451 1456 504 significant,
1483 459 1587 493 sunt
1620 453 1739 493 enim

249 513 365 552 sicut
398 513 535 565 putei,
570 512 705 552 velim
737 512 886 566 aliqua
918 513 1018 554 loca
1054 515 1190 554 etiam
1223 514 1279 554 de
1315 514 1401 554 illis
1433 515 1655 556 adducere
1672 528 1742 556 :-—-

248 574 387 628 Apud
414 575 677 624 Jeremiam,

317 666 339 678 “
353 664 544 704 Magnates
562 664 704 695 illorum
723 665 899 696 miserunt
917 665 1150 697 minorennes
1167 676 1252 697 suos
1277 667 1322 697 ad
1339 676 1451 707 aquas
1467 676 1474 705 ς
1503 674 1678 699 venerunt
1695 667 1740 699 ad

423 708 559 746 foveas,
577 718 650 739 non
668 708 882 740 invenerunt
898 719 1020 749 aquas,
1037 709 1172 740 reversi
1190 715 1272 740 sunt
1286 710 1381 741 vasis
1399 710 1472 741 suis
1489 710 1639 742 vacuis'’
1653 711 1737 751 (xiv.

422 752 474 791 3):

247 854 326 894 per
355 839 665 892 “magnates’'
692 839 1009 892 intelliguntur
1034 841 1107 893 qui
1139 840 1251 881 alios
1284 841 1454 882 ducunt
1481 847 1527 882 et
1554 842 1736 890 docent,

247 916 326 956 per
346 903 669 942 “minorennes
685 902 792 955 ”qui
810 903 1034 943 ducuntur
1052 909 1097 943 et
1117 903 1351 952 docentur,
1368 910 1413 944 et
1433 918 1511 957 per
1531 907 1707 957 “aquas
1719 904 1739 920 ''

247 979 378 1016 vera;
420 965 524 1005 inde
551 971 733 1005 constat
761 965 865 1018 quid
898 965 1175 1018 significatur
1207 980 1284 1018 per
1310 966 1430 1019 quod
1460 970 1739 1019 “magnates

247 1028 423 1068 illorum
443 1028 644 1068 miserint
664 1029 950 1068 minorennes
968 1028 1025 1068 ad
1048 1042 1186 1081 aquas
1204 1028 1237 1068 :''
1270 1042 1348 1081 per
1369 1029 1558 1069 “foveas
1580 1030 1624 1069 in
1642 1030 1738 1082 qui-

248 1091 329 1131 bus
371 1105 460 1131 non
501 1105 642 1144 aquae
656 1090 674 1105 '’
712 1089 1022 1143 significantur
1062 1089 1329 1131 do&rina1ia
1369 1092 1412 1131 in
1449 1092 1606 1145 quibus
1647 1106 1738 1133 non

248 1167 379 1204 vera;
422 1154 525 1194 inde
557 1160 740 1194 constat
778 1153 882 1206 quid
918 1153 1196 1206 significatur
1232 1168 1310 1207 per
1341 1155 1461 1207 quod
1495 1155 1739 1196 “venerint

247 1218 304 1258 ad
336 1218 501 1266 foveas,
536 1231 625 1258 non
659 1218 928 1258 invenerunt
961 1218 1149 1271 aquas:”
1189 1219 1308 1272 quod
1344 1218 1431 1258 illis
1463 1232 1554 1259 non
1591 1218 1739 1272 aliqua

248 1281 436 1321 scientia
460 1294 540 1321 nec
569 1279 827 1321 intellectus
853 1281 958 1329 veri,
985 1280 1262 1333 significatur
1285 1295 1363 1334 per
1388 1281 1506 1334 quod
1532 1282 1739 1322 “reversi

247 1344 336 1383 sint
360 1344 477 1383 vasis
501 1344 588 1383 suis
611 1343 763 1383 vacuis
781 1343 815 1393 ;'‘
849 1343 1026 1383 “vasa'’
1052 1344 1095 1383 in
1120 1344 1274 1384 Verbo
1301 1343 1556 1397 significant
1579 1345 1737 1397 recipi-

247 1407 369 1446 entia
387 1407 492 1455 veri,
509 1413 555 1446 et
574 1406 677 1446 inde
696 1405 943 1446 scientifica
962 1413 1008 1447 et
1027 1405 1364 1447 intellectualia.
1411 1406 1549 1460 Apud
1569 1406 1738 1448 Sacha-

247 1483 376 1517 rzam,

316 1559 338 1572 “
351 1558 419 1589 Per
433 1559 643 1598 sanguinem
658 1558 812 1590 foederis
829 1559 879 1590 tui
897 1559 1055 1590 emittam
1069 1557 1210 1590 vinctos
1228 1569 1246 1590 e
1261 1559 1376 1597 fovea,
1394 1559 1429 1590 in
1447 1569 1515 1600 qua
1531 1569 1604 1590 non
1617 1557 1738 1600 aqua”

420 1602 479 1642 (ix.
499 1602 570 1641 11):

247 1690 359 1731 haec
393 1689 512 1731 dieta
542 1697 647 1731 sunt
680 1690 735 1731 de
768 1690 1036 1732 liberatione
1069 1691 1266 1731 fidelium
1299 1705 1324 1731 a
1357 1691 1567 1740 Domino,
1595 1691 1668 1745 qui
1693 1692 1737 1732 in

247 1759 366 1794 terra
391 1753 595 1794 inferiore
623 1768 760 1807 usque
786 1753 843 1794 ad
869 1754 1116 1794 adventum
1146 1754 1290 1807 Ipsius
1316 1754 1493 1794 detenti
1519 1760 1650 1804 sunt;
1689 1760 1736 1795 et

247 1829 422 1868 quoque
446 1816 500 1856 de
527 1815 828 1856 illustratione
851 1816 1055 1869 gentium
1083 1830 1196 1869 quae
1223 1817 1266 1856 in
1293 1816 1414 1856 falsis
1441 1830 1499 1856 ex
1522 1816 1736 1869 ignoran-

248 1879 310 1919 tia
327 1878 527 1919 fuerunt:
561 1893 639 1932 per
659 1882 684 1898 “
698 1879 963 1932 sanguinem
988 1879 1178 1919 foederis
1202 1879 1296 1919 tui”
1315 1878 1594 1931 significatur
1611 1879 1736 1919 Divi-

248 1954 353 1981 num
377 1941 546 1981 Verum
573 1942 823 1995 procedens
850 1955 876 1982 a
903 1942 1204 1999 Domino‚⁴ita
1227 1941 1457 1991 Verbum3
1490 1941 1575 1982 hoc
1606 1941 1736 1982 “foe-

247 2004 328 2043 dus
341 2004 360 2018 ”
377 2011 565 2044 vocatur
583 2005 684 2057 quia
703 2018 781 2057 per
803 2005 845 2044 id
865 2011 934 2045 est
953 2002 1209 2056 conjunctio
1227 2018 1236 2055 ;
1272 2008 1296 2024 “
1309 2003 1494 2044 foedus’'
1511 2003 1737 2056 significat

247 2064 635 2118 conjunctionem:
679 2081 757 2120 per
790 2065 1004 2107 “vinctos
1035 2068 1079 2107 in
1111 2067 1241 2107 fovea
1271 2067 1316 2106 in
1348 2080 1434 2120 qua
1465 2079 1556 2106 non
1588 2080 1703 2119 aqua
1717 2066 1738 2082 ’'

248 2129 563 2181 intelliguntur
588 2129 650 2169 illi
677 2130 748 2182 qui
775 2130 818 2169 in
846 2129 966 2170 falsis
994 2144 1053 2170 ex
1079 2130 1337 2182 ignorantia
1363 2135 1495 2179 sunt;
1536 2128 1738 2170 “fovea''

248 2199 316 2233 est
344 2191 547 2233 doctrina
573 2206 662 2232 non
688 2194 794 2241 veri,
824 2200 870 2234 et
902 2207 1079 2247 quoque
1111 2199 1181 2234 est
1214 2199 1333 2233 terra
1364 2193 1551 2233 inferior
1571 2193 1643 2233 ubi
1674 2193 1738 2233 illi

248 2256 321 2309 qui
361 2256 404 2295 in
441 2256 563 2295 falsis
603 2270 661 2296 ex
702 2256 960 2308 ignorantia
996 2270 1134 2309 usque
1174 2256 1231 2296 ad
1269 2256 1516 2296 adventum
1555 2255 1738 2295 Domini

248 2319 424 2359 detenti
451 2318 653 2368 fuerunt3
694 2319 805 2358 “ubi
837 2332 927 2359 non
959 2318 1106 2372 aqua’'
1133 2324 1203 2359 est
1235 2319 1307 2358 ubi
1339 2332 1429 2358 non
1456 2331 1636 2368 verum;
1674 2318 1738 2358 illi

251 2379 456 2421 “vincti''
479 2381 686 2421 dicuntur
708 2382 810 2434 quia
832 2395 857 2421 a
879 2381 1000 2421 falsis
1024 2395 1114 2421 non
1139 2381 1315 2421 liberari
1337 2387 1581 2434 potuerunt
1603 2394 1737 2435 quam

248 2457 274 2484 a
302 2443 510 2483 Domino.
572 2442 708 2496 Apud
743 2443 1004 2493 Jeremiam,

317 2534 338 2547 ‘¹
354 2532 433 2563 Duo
448 2532 540 2563 mala
557 2532 638 2563 fecit
652 2532 802 2572 populus
821 2542 919 2563 meus
935 2542 942 2569 ;
969 2532 1029 2563 Me
1046 2532 1288 2569 deseruerunt,
1306 2531 1442 2563 fontem
1456 2541 1627 2572 aquarum
1641 2532 1739 2563 viva-

424 2586 511 2612 rum,
529 2576 572 2606 ad
590 2576 823 2607 excidendum
841 2576 907 2607 sibi
924 2576 1060 2613 foveas,
1077 2576 1200 2607 foveas
1214 2573 1344 2607 fractas
1359 2585 1448 2616 quae
1466 2585 1538 2606 non
1555 2575 1739 2608 continere

422 2626 572 2659 possunt
588 2618 724 2660 aquas'¹
742 2619 788 2659 (ii.
810 2619 879 2658 13):

249 2723 327 2762 per
361 2708 610 2749 “excidere
641 2708 807 2756 foveas,
841 2708 994 2749 foveas
1025 2706 1189 2749 fractas
1225 2718 1339 2761 quae
1376 2721 1466 2748 non
1499 2707 1737 2748 continent

249 2771 427 2824 aquas,”
450 2770 727 2823 significatur
749 2771 993 2811 excludere
1020 2769 1285 2811 doctrinalia
1312 2784 1370 2810 ex
1398 2770 1575 2823 propria
1600 2769 1737 2810 intel-

250 2834 452 2886 ligentia,
479 2848 592 2887 quae
619 2834 720 2886 quia
752 2848 810 2874 ex
843 2834 1021 2887 proprio
1048 2839 1166 2882 sunt,
1194 2833 1306 2873 falsa
1332 2839 1462 2883 sunt3
1501 2845 1606 2872 narn
1633 2845 1737 2885 pro-

249 2898 391 2950 prium
410 2896 603 2936 hominis
619 2909 707 2936 non
727 2902 795 2937 est
815 2897 895 2936 nisi
914 2910 1046 2949 quam
1062 2895 1230 2936 malum
1250 2910 1259 2947 ;
1287 2901 1332 2936 et
1351 2896 1451 2949 quia
1467 2901 1535 2936 est
1552 2894 1735 2944 malum,
