1962 3334
227 291 335 333 1410
637 291 969 326 APOCALYPSIS
1000 293 1299 326 EXPLICATA.

220 404 326 445 dam
338 403 358 420 ’⁹
383 410 453 446 est
485 405 632 447 facere
658 405 915 447 sensualem
942 412 988 448 et
1021 406 1227 456 stultum,
1255 414 1304 449 ut
1336 421 1427 449 non
1454 406 1630 462 spetStet
1657 407 1714 449 ad

221 467 397 508 caelum
430 468 509 509 sed
547 469 604 509 ad
643 469 887 520 mundum;
932 484 1069 523 quare
1106 470 1270 511 dicitur
1309 474 1396 512 “ut
1433 472 1493 511 sis
1533 477 1714 512 tantum

221 543 410 580 sursum,
435 544 526 571 non
549 538 703 572 autem
726 532 936 573 deorsum
954 532 989 572 :'’
1013 536 1150 574 “esse
1174 533 1381 574 sursum”
1404 540 1474 574 est
1498 533 1663 577 elevari
1689 547 1715 574 a

221 591 420 634 Domino
447 600 495 634 ut
523 592 699 647 spectet
725 594 783 635 ad
810 595 1001 644 caelum,
1025 602 1072 637 et
1098 599 1236 637 “esse
1262 596 1504 637 deorsum”
1527 603 1598 638 est
1624 610 1715 638 non

219 655 386 697 elevari
408 670 434 697 a
457 657 670 706 Domino,
691 657 770 698 sed
793 672 852 699 ex
875 672 923 699 se
943 673 952 709 ;
985 664 1031 699 et
1054 673 1113 699 ex
1136 673 1184 700 se
1206 657 1383 713 spe&at
1406 659 1545 700 homo
1568 659 1714 701 solum

219 719 277 760 ad
299 720 542 761 mundum:
571 721 784 762 interiora
807 722 925 762 enirn
949 722 1157 772 hominis,
1176 737 1289 776 quae
1308 723 1400 776 ejus
1419 723 1715 776 cogitationis

220 788 266 823 et
292 781 540 824 affectionis
568 790 688 832 sunt,
714 797 888 825 sursum
915 785 972 825 ad
999 785 1174 826 caelum
1201 785 1438 827 elevantur
1462 800 1489 826 a
1515 786 1715 827 Domino

219 858 321 887 cum
347 845 488 886 homo
515 853 585 887 est
612 847 655 887 in
682 847 804 888 bono
827 848 950 888 vitae
975 854 1022 889 et
1048 848 1152 889 inde
1178 849 1222 889 in
1248 849 1365 889 veris
1388 846 1646 899 doctrinam
1679 849 1715 890 si

219 914 374 949 autem
406 915 477 950 est
515 910 559 950 in
597 909 719 950 malo
750 911 873 951 vitae
905 916 951 951 et
983 911 1089 952 inde
1120 912 1164 951 in
1196 911 1334 960 salsis,
1368 917 1476 952 tunc
1509 911 1716 952 inferiora

219 970 312 1023 ejus
344 970 555 1025 spectant
588 973 813 1021 deorsum,
848 973 913 1014 ita
944 973 1092 1014 solum
1125 973 1182 1014 ad
1215 987 1343 1014 suum
1376 987 1538 1027 corpus
1575 980 1625 1015 et
1658 974 1715 1015 ad

218 1033 296 1074 illa
327 1048 443 1088 quae
474 1036 519 1075 in
552 1036 721 1076 mundo
748 1042 867 1084 sunt,
901 1042 947 1077 et
981 1036 1042 1077 sic
1075 1036 1133 1076 ad
1166 1036 1413 1077 infernum:
1452 1037 1555 1078 inde
1587 1037 1715 1078 exuit

219 1104 427 1139 naturam
455 1112 560 1139 vere
587 1098 849 1148 humanam,
879 1105 924 1140 et
952 1099 1098 1140 induit
1125 1105 1335 1140 naturam
1363 1100 1577 1150 ferinam;
1610 1113 1714 1141 nam

217 1160 336 1202 ferae
368 1160 580 1215 speetant
614 1162 838 1210 deorsum,
868 1168 914 1203 et
946 1161 1093 1203 solum
1126 1162 1183 1203 ad
1215 1162 1292 1203 illa
1324 1176 1438 1216 quae
1469 1163 1513 1203 in
1545 1163 1715 1204 mundo

217 1229 264 1265 et
293 1237 426 1278 super
452 1230 572 1265 terra
598 1224 731 1265 obvia
754 1231 873 1266 sunt.
936 1225 1151 1266 Elevatio
1177 1226 1221 1266 in
1249 1225 1397 1266 lucem
1425 1225 1539 1266 caeli
1565 1239 1591 1266 a
1617 1225 1713 1267 Do·

218 1287 341 1328 mino
359 1293 428 1328 est
447 1285 635 1328 affitualis
651 1287 849 1328 elevatio
868 1288 1132 1329 interiorum
1148 1288 1345 1329 hominis
1363 1288 1420 1328 ad
1441 1288 1686 1329 Dominum
1704 1303 1714 1339 ;

218 1356 265 1392 et
291 1350 524 1404 depressio
551 1365 628 1391 seu
653 1349 845 1404 dejefflo
872 1352 929 1392 ad
955 1351 1032 1392 illa
1054 1365 1169 1405 quae
1192 1351 1304 1392 infra
1331 1358 1377 1392 et
1401 1357 1535 1392 extra
1557 1351 1714 1392 oculos

218 1419 337 1463 sunt,
362 1420 433 1455 est
459 1413 647 1455 actualis
670 1415 933 1455 interiorum
956 1415 1188 1468 depressio
1211 1420 1257 1455 et
1284 1412 1504 1467 dejectim
1537 1420 1584 1455 et
1611 1427 1713 1455 eum

219 1476 332 1518 haec
366 1482 451 1525 est,
487 1483 596 1517 tunc
631 1477 777 1517 omnis
809 1477 1033 1530 cogitatio
1065 1477 1246 1530 spiritus
1278 1476 1371 1529 ejus
1402 1483 1472 1518 est
1504 1477 1715 1518 immersa

218 1539 415 1580 sensuali
443 1539 616 1580 ultimo.
677 1539 816 1593 Apud
843 1540 1052 1589 eundem,

285 1643 303 1657 ‘⁴
315 1642 540 1682 Peregrinus,
559 1642 617 1683 qui
635 1642 672 1673 in
690 1643 811 1674 medio
831 1643 882 1674 tui
901 1648 965 1680 est,
984 1643 1155 1674 ascendet
1172 1652 1281 1683 supra
1297 1647 1331 1674 te
1349 1651 1488 1674 sursum
1506 1642 1622 1683 magis
1639 1652 1714 1674 ma-

391 1687 527 1727 gisque,
549 1692 585 1718 tu
611 1696 697 1717 vero
717 1686 917 1718 descendes
937 1687 1106 1718 deorsum
1128 1686 1245 1726 magis
1270 1686 1474 1726 magisque:
1505 1686 1565 1718 ille
1589 1692 1712 1718 mutuo

391 1730 455 1761 tibi
474 1730 583 1768 dabit,
599 1736 637 1761 tu
654 1740 740 1761 vero
756 1740 829 1761 non
847 1730 949 1761 dabis
966 1736 1090 1761 mutuo
1110 1730 1162 1760 illi
1176 1740 1183 1767 ;
1209 1729 1268 1761 ille
1282 1730 1349 1761 erit
1363 1729 1399 1760 in
1413 1736 1528 1770 caput,
1543 1735 1580 1761 tu
1593 1735 1712 1761 autem

391 1774 462 1806 eris
482 1774 518 1805 in
535 1775 687 1806 caudam
700 1773 718 1785 ''
731 1774 871 1814 (Deutr.
886 1773 1008 1805 xxviii.
1023 1782 1075 1812 43,
1089 1773 1145 1814 44)
1160 1783 1166 1806 :

216 1874 423 1916 similiter
447 1874 560 1916 haec
587 1873 890 1927 intelligenda
918 1880 1050 1925 sunt;
1083 1888 1161 1927 per
1190 1877 1326 1915 “esse
1357 1874 1400 1914 in
1427 1873 1595 1927 caput‘'
1620 1874 1711 1927 sig-

217 1937 425 1979 nificatur
463 1951 561 1978 esse
604 1937 849 1990 spiritualis
890 1943 936 1978 et
973 1937 1249 1990 intelligens,
1292 1942 1338 1977 et
1375 1950 1454 1990 per
1495 1940 1632 1978 “esse
1667 1937 1712 1977 in

215 2001 406 2042 caudam
418 2000 438 2016 ”
460 2007 529 2042 est
553 2014 652 2041 esse
671 1999 892 2041 sensualis
915 2006 961 2041 et
984 1998 1180 2050 stultus;
1214 2013 1350 2053 quare
1374 2000 1511 2040 etiam
1534 2000 1710 2048 dicitur,

216 2065 337 2119 quod
366 2063 479 2104 “ille
507 2064 632 2104 dabit
661 2070 818 2104 mutuo
845 2063 941 2112 tibi,
969 2069 1015 2104 et
1043 2076 1133 2104 non
1160 2069 1209 2104 tu
1240 2062 1345 2111 illi‚”
1368 2077 1447 2116 per
1477 2063 1596 2116 quod
1619 2063 1711 2116 sig·
1770 2105 1773 2109 ,

217 2126 424 2168 nificatur
455 2126 575 2180 quod
613 2126 689 2167 ille
722 2126 907 2167 docebit
945 2132 991 2167 te
1027 2139 1148 2174 vera,
1183 2139 1274 2166 non
1305 2133 1459 2167 autem
1491 2132 1540 2166 tu
1571 2125 1711 2166 illum.

217 2190 356 2244 Apud
381 2189 587 2239 Esaiam,

283 2288 301 2302 ‘⁴
313 2287 379 2319 Dic
399 2287 445 2318 ad
465 2296 556 2325 eum,
579 2286 677 2318 Cave
695 2286 759 2318 tibi
777 2292 812 2318 et
830 2286 970 2327 quietus
987 2291 1077 2324 esto,
1095 2295 1140 2317 ne
1158 2285 1256 2323 time,
1277 2290 1311 2316 et
1329 2295 1390 2316 cor
1406 2291 1505 2317 tuum
1526 2282 1603 2327 [ne]
1623 2285 1713 2316 mol-

391 2331 501 2362 lescat
518 2337 664 2370 propter
679 2330 768 2361 duas
786 2330 920 2361 caudas
938 2330 1106 2361 titionum
1127 2329 1355 2367 sufflantium,
1373 2335 1518 2369 propter
1537 2329 1713 2360 excande-

390 2374 565 2406 scentiam
588 2373 713 2405 Rezini
733 2380 768 2405 et
785 2373 911 2414 Syriae
928 2383 969 2404 ac
986 2373 1049 2404 filii
1071 2372 1285 2404 Remaliae’'
1298 2372 1370 2413 (vii.
1383 2374 1437 2413 4):

215 2490 296 2531 per
313 2479 339 2497 “
353 2476 575 2517 Rezinum
594 2481 640 2516 et
664 2474 840 2528 Syriam
854 2474 873 2490 ”
891 2474 1170 2528 significatur
1187 2473 1410 2515 rationale
1432 2487 1708 2528 perversum,

214 2547 262 2582 et
280 2554 359 2594 per
378 2542 404 2560 ‘⁶
417 2538 555 2579 filium
575 2538 811 2579 Remaliae
826 2538 1014 2591 ”regem
1034 2536 1227 2586 Israelis,
1243 2538 1318 2591 qui
1333 2538 1472 2578 etiam
1493 2537 1710 2591 “Ephra—

216 2602 309 2644 im”
340 2607 545 2650 vocatur,
579 2599 890 2641 intellectuale
920 2612 1208 2653 perversum;
1246 2598 1557 2640 intellectuale
1588 2600 1710 2654 quod

218 2669 337 2707 “rex
357 2663 538 2705 Israelis
551 2663 570 2679 ”
587 2669 633 2704 et
655 2667 680 2683 “
694 2663 912 2716 Ephraim
925 2663 944 2678 ''
962 2662 1203 2716 significat,
1223 2668 1293 2703 est
1311 2662 1460 2716 quoad
1478 2662 1681 2703 Verbum
1698 2677 1708 2714 ;

214 2734 261 2770 et
297 2726 520 2769 rationale
557 2726 678 2780 quod
713 2730 737 2746 “
752 2726 982 2767 Rezinus’'
1013 2732 1059 2768 et
1101 2730 1126 2746 ‘⁴
1140 2724 1300 2779 Syria”
1332 2724 1603 2778 significant,
1637 2732 1708 2766 est

214 2790 363 2845 quoad
375 2790 589 2831 scientias
601 2803 715 2843 quae
731 2788 1001 2830 confirmant
1020 2803 1030 2840 ;
1062 2801 1166 2829 nam
1182 2788 1367 2837 homini,
1381 2794 1429 2829 ut
1447 2786 1707 2829 intellectus

214 2853 356 2895 Verbi
373 2854 413 2894 ei
435 2853 508 2901 sit,
528 2853 612 2893 erit
630 2853 769 2893 etiam
792 2853 831 2893 ei
853 2852 1075 2894 rationale
1093 2866 1102 2903 ;
1136 2852 1249 2892 haec
1266 2852 1355 2892 duo
1373 2864 1474 2892 cum
1497 2864 1707 2904 perversa

216 2923 335 2968 sunt,
363 2915 572 2971 spectant
600 2916 737 2957 modo
763 2916 973 2957 deorsum
1000 2916 1056 2957 ad
1083 2922 1265 2966 terram,
1293 2921 1340 2956 et
1366 2922 1625 2957 extrorsum
1649 2914 1707 2956 ad
