1962 3334
593 291 698 330 CAP.
722 291 804 332 XL,
827 291 966 323 VERS.
994 283 1163 323 18.—N.
1181 280 1365 335 695[d].
1614 282 1726 335 ιὸςῑΔ

224 412 281 448 et
306 405 436 447 alibi:
470 406 590 459 quod
617 419 707 445 non
734 405 1028 446 comederent
1055 419 1114 445 ex
1141 404 1361 458 paschate
1387 409 1435 445 et
1466 418 1526 445 ex
1553 402 1718 444 sancti·

233 468 392 516 ficatis‚
421 475 519 509 erat
550 482 686 509 causa
717 469 820 522 quia
850 482 930 522 per
961 468 1063 508 illos
1089 468 1420 521 repraesentati
1447 473 1551 508 sunt
1585 474 1719 507 natu-

233 531 364 580 rales,
398 538 444 572 et
477 545 567 572 non
600 531 878 584 spirituales;
916 538 962 572 et
990 529 1248 583 spirituales
1280 530 1338 570 ab
1369 529 1564 570 ecclesia
1596 536 1716 575 sunt,

233 600 280 635 et
312 607 403 634 non
434 595 499 635 ita
524 594 779 635 naturales:
814 606 918 633 nam
945 591 1150 646 spectare
1177 592 1352 633 caelum
1379 599 1428 633 ut
1461 592 1718 632 mercedem

232 662 419 709 propter
457 657 577 697 bona
617 670 731 710 quae
767 656 936 696 faciunt
977 662 1047 696 est
1090 655 1310 703 naturale,
1350 655 1558 695 naturale
1599 655 1719 695 enim

232 717 409 771 spectat
434 719 602 760 bonum
633 733 693 759 ex
725 733 787 766 se,
815 719 879 759 ita
910 718 1085 759 caelum
1113 724 1161 758 ut
1189 719 1461 765 mercedem,
1491 718 1610 758 unde
1636 718 1717 757 bo-

231 793 339 821 num
369 781 419 822 fit
451 783 752 831 meritorium;
785 781 917 822 aliter
946 795 1055 821 vero
1087 781 1347 834 spirituale;
1383 780 1471 821 hoc
1504 780 1717 833 agnoscit

231 843 399 884 bonum
430 858 522 885 non
559 859 584 885 a
622 859 670 885 se
702 845 781 885 sed
818 859 843 884 a
881 845 1093 892 Domino,
1128 844 1246 884 unde
1278 845 1419 885 etiam
1451 844 1627 884 caelum
1658 857 1718 884 ex

232 906 552 955 misericordia,
580 914 626 948 et
659 921 748 948 non
775 921 834 948 ex
862 907 1012 960 aliquo
1039 908 1228 947 merito:
1262 913 1310 947 at
1337 907 1552 961 quoniam
1579 920 1718 960 usque

231 969 399 1010 bonum
430 970 613 1017 faciunt,
647 971 833 1011 tametsi
869 983 961 1010 non
998 983 1058 1010 ex
1096 967 1334 1010 affectione
1366 969 1603 1022 spirituali,
1637 969 1717 1009 sed

231 1045 291 1072 ex
322 1031 556 1073 affeffione
583 1033 791 1081 naturali,
818 1047 933 1086 quae
964 1040 1034 1073 est
1067 1033 1341 1081 obedientia,
1370 1039 1416 1073 et
1449 1039 1558 1073 tunc
1591 1033 1718 1090 cogi-

232 1101 335 1136 tant
366 1095 423 1135 de
454 1096 583 1136 caelo
614 1103 663 1136 ut
695 1096 917 1144 mercede,
945 1096 1048 1136 ideo
1082 1102 1391 1136 memorantur
1420 1096 1539 1136 inter
1567 1099 1718 1148 “pau-

232 1171 375 1211 peres,
409 1171 594 1211 egenos,
628 1159 904 1211 peregrinos,
939 1158 1134 1212 pupillos
1171 1165 1218 1199 et
1256 1158 1455 1207 viduas,‘’
1486 1172 1546 1199 ex
1583 1171 1720 1198 causa

234 1221 336 1274 quia
360 1221 405 1261 in
431 1227 699 1274 paupertate
724 1221 944 1274 spirituali
971 1228 1102 1271 sunt;
1143 1234 1246 1261 nam
1278 1222 1475 1274 genuina
1501 1234 1607 1261 vera
1632 1220 1720 1261 illis

231 1284 276 1325 in
299 1284 490 1325 obscuro
512 1291 631 1331 sunt,
656 1286 758 1338 quia
781 1285 860 1324 lux
887 1299 911 1325 e
934 1284 1062 1325 caelo
1085 1299 1164 1338 per
1186 1284 1466 1338 spiritualem
1490 1281 1732 1325 hominem*

231 1347 277 1388 in
302 1346 555 1388 naturalem
580 1347 757 1387 illorum
780 1361 870 1387 non
897 1347 1039 1388 influit
1058 1348 1204 1397 ,inde
1230 1354 1301 1388 est
1328 1347 1448 1400 quod
1476 1347 1594 1388 inter
1618 1346 1720 1387 illos

233 1416 555 1458 memorentur,
599 1416 645 1450 et
691 1410 811 1463 quod
857 1411 1158 1463 praecipiatur
1199 1410 1319 1463 quod
1366 1410 1589 1451 “daretur
1632 1410 1720 1450 illis

234 1483 406 1513 merces
431 1479 676 1526 antequam
702 1472 770 1513 sol
802 1472 1020 1523 occidit;'’
1058 1479 1162 1513 sunt
1189 1487 1366 1527 quoque
1397 1473 1462 1513 illi
1492 1474 1536 1513 in
1568 1473 1719 1514 caelo-

233 1548 331 1575 rum
356 1534 531 1583 infimis,
559 1542 606 1576 et
632 1536 691 1576 ibi
718 1537 914 1584 servitia,
943 1549 994 1576 ac
1021 1536 1080 1576 ibi
1107 1536 1354 1576 secundum
1380 1550 1518 1589 opera
1543 1535 1719 1576 illorum

232 1602 579 1636 remunerantur
600 1607 671 1644 (sed
686 1608 726 1636 de
740 1608 789 1636 his
804 1608 971 1636 videantur
985 1608 1077 1645 plura
1090 1608 1123 1636 in
1140 1608 1296 1636 Doc‘lrina
1308 1608 1417 1637 lVovae
1430 1608 1674 1645 Hierosolymae,
1689 1617 1721 1637 n.

234 1666 403 1703 150-158).
459 1655 914 1696 Mercenariiautem
945 1657 1019 1709 qui
1055 1669 1146 1696 non
1182 1657 1391 1709 cogitant
1422 1657 1478 1696 de
1509 1657 1720 1697 mercede

233 1717 278 1757 in
305 1716 433 1757 caelo
458 1717 537 1756 sed
564 1717 620 1756 de
646 1717 854 1758 mercede
880 1718 923 1757 in
951 1718 1133 1765 mundo,
1162 1718 1227 1758 ita
1257 1719 1331 1771 qui
1356 1718 1525 1758 bonum
1551 1718 1720 1758 faciunt

233 1785 418 1833 propter
444 1779 579 1827 lucra,
607 1781 701 1820 sive
733 1781 823 1820 sint
855 1780 1051 1820 honores
1077 1781 1171 1821 sive
1204 1794 1327 1833 opes,
1355 1780 1420 1821 illi
1452 1782 1526 1834 qui
1551 1781 1721 1821 bonum

232 1842 402 1883 faciunt
443 1855 502 1882 ex
543 1855 695 1883 amore
733 1843 955 1883 honorum
993 1850 1039 1884 et
1081 1857 1230 1896 opum,
1259 1844 1324 1884 ita
1360 1850 1546 1896 propter
1585 1857 1633 1884 se
1673 1851 1720 1884 et

234 1905 464 1953 mundum,
484 1905 547 1945 illi
566 1905 794 1946 naturales
813 1905 1053 1946 infernales
1070 1913 1175 1946 sunt
1196 1920 1205 1957 ;
1238 1906 1284 1946 hi
1301 1907 1564 1947 mercenarii
1582 1907 1719 1948 intel-

233 1968 435 2022 liguntur
459 1969 578 2022 apud
600 1968 867 2017 Johannem,

299 2065 319 2079 ‘⁸
330 2064 405 2105 Ego
423 2074 500 2095 sum
517 2064 643 2096 Pastor
655 2065 770 2096 bonus
786 2074 792 2101 ;
820 2064 947 2096 Pastor
959 2066 1074 2096 bonus
1092 2066 1248 2096 animam
1263 2075 1362 2096 suam
1381 2075 1444 2106 pro
1458 2066 1584 2098 ovibus
1598 2078 1605 2098 :
1631 2077 1721 2099 mer-

407 2108 568 2139 cenarius
598 2118 697 2139 ver0.
713 2133 720 2139 .
734 2133 741 2139 .
756 2108 867 2139 .videt
895 2108 1015 2148 lupum
1048 2115 1083 2140 et
1114 2109 1245 2140 deserit
1273 2119 1370 2147 oves,
1398 2117 1434 2141 et
1460 2110 1566 2150 fugit.
1581 2135 1589 2142 .
1602 2135 1609 2142 .
1624 2111 1721 2153 .quia

407 2152 646 2182 mercenarius
662 2158 717 2182 est
728 2151 746 2163 '’
763 2153 808 2191 (x.
829 2152 947 2192 11-13)
961 2161 969 2190 ς

236 2237 283 2273 et
309 2233 427 2286 apud
453 2233 715 2281 Jeremiam,

301 2308 453 2340 “Vitula
475 2308 712 2359 pulcherrima
736 2309 838 2349 Aegy
842 2316 933 2349 ptus,
954 2310 1099 2341 exitium
1123 2320 1145 2341 a
1169 2311 1412 2351 septentrione
1436 2312 1560 2350 venit„
1576 2322 1722 2343 ,merce-

409 2352 498 2382 narii
523 2352 616 2391 ejus.
652 2353 758 2384 ‚sicut
777 2353 877 2383 vituli
903 2353 1065 2393 saginati,
1084 2363 1166 2384 nam
1192 2355 1298 2385 etiam
1323 2355 1373 2386 illi
1399 2363 1652 2386 converterunt
1671 2366 1721 2389 se.

409 2395 683 2478 fugiurgtlsimul
689 2405 778 2478 nec)
771 2396 1017 2434 constiterunt,
1035 2397 1116 2438 quia
1132 2397 1207 2429 dies
1224 2398 1322 2429 exitii
1339 2399 1480 2430 illorum
1498 2400 1596 2430 venit
1613 2409 1720 2439 super

407 2448 469 2469 eos
529 2449 551 2469 x
566 2449 599 2470 vi
632 2447 675 2470 20
705 2447 742 2470 21

238 2526 285 2562 et
310 2534 487 2574 quoque
512 2520 617 2561 alibi

676 2577 727 2617 (ut
743 2577 840 2609 Esai.
858 2578 926 2609 xvi.
947 2587 986 2617 14
1002 2588 1009 2616 ;
1033 2588 1107 2620 cap.
1126 2580 1193 2611 xxi.
1215 2580 1276 2620 16).

238 2666 462 2720 Quoniam
494 2682 573 2721 per
601 2669 893 2710 “mercedem
906 2669 925 2684 '’
957 2670 1000 2710 in
1033 2669 1189 2711 Verbo
1220 2671 1498 2724 significatur
1529 2672 1719 2719 caelum,

237 2730 357 2783 quod
382 2738 452 2772 est
478 2731 565 2772 illis
591 2733 664 2785 qui
690 2733 733 2772 in
760 2745 912 2773 amore
938 2734 1030 2774 veri
1056 2740 1102 2774 et
1129 2734 1234 2775 boni
1261 2735 1480 2788 spirituali
1507 2742 1627 2783 sunt,
1656 2737 1721 2776 ita

236 2793 281 2833 in
313 2794 525 2846 opposito
555 2808 688 2835 sensu
721 2808 798 2847 per
827 2796 1121 2837 “mercedem
1135 2797 1154 2811 ’'
1181 2797 1458 2850 significatur
1483 2798 1718 2845 infernum,

237 2856 357 2908 quod
394 2862 463 2896 est
500 2856 587 2897 illis
628 2858 701 2910 qui
742 2859 785 2897 in
823 2871 975 2898 amore
1011 2859 1108 2899 falsi
1145 2866 1191 2900 et
1230 2860 1334 2900 mali
1372 2868 1490 2901 sunt.
1554 2861 1604 2900 Id
1642 2874 1721 2913 per-

240 2918 532 2960 “mercedem
545 2919 564 2934 '’
590 2919 868 2972 significatur
893 2922 1011 2974 apud
1037 2921 1271 2973 Davidem,
