1962 3334
664 275 770 310 cAP.
791 275 855 317 x.,
877 275 1187 327 anseg—1³1.
1207 226 1379 320 6d1[a].
1408 272 1415 277 ·
1462 275 1467 280 ·
1660 273 1767 319 15¹5

277 397 350 432 tur
374 389 486 432 “leo
502 389 537 441 ;’'
566 395 615 431 et
644 403 724 443 per
750 389 968 430 “leonem
981 387 1002 404 ”
1022 388 1068 429 in
1097 401 1312 442 supremo
1334 400 1470 430 sensu
1494 385 1772 440 significatur

275 453 496 494 Dominus
532 452 682 507 quoad
718 451 930 492 Divinum
966 450 1154 500 Verum,
1186 457 1234 492 et
1270 449 1476 491 similiter
1511 449 1686 490 caelum
1721 455 1770 490 et

217 540 222 542 -
273 515 466 557 ecclesia
501 515 651 569 quoad
686 514 798 555 illud
833 528 861 555 a
896 514 1122 564 Domino;
1166 520 1215 554 et
1255 513 1359 554 inde
1400 526 1480 566 per
1517 512 1737 554 “leonem
1749 511 1771 527 '⁹

273 576 556 630 significatur
572 576 790 617 Divinum
807 575 982 616 Verum
1004 575 1156 629 quoad
1178 575 1439 628 potentiam
1461 584 1518 620 (de
1532 593 1598 622 qua
1610 581 1628 593 ¹·
1638 583 1770 614 1eonis⁰

272 647 504 685 significatione
518 647 665 676 vidoetur
677 655 784 685 supra,
799 655 831 675 n.
847 636 973 687 278);
1003 634 1110 675 inde
1131 640 1347 676 constare
1368 640 1526 687 potest
1547 633 1654 687 quid
1675 634 1769 686 sig·

274 697 480 739 nificatur
505 711 585 751 per
609 697 793 750 “rugire
804 696 825 711 ”
849 710 929 737 seu
951 696 1188 749 “rugitum
1210 695 1393 744 leonis,”
1415 708 1579 748 nempe
1604 694 1770 736 ardens

273 758 450 802 affectio
481 760 661 801 tutandi
691 758 867 800 caelum
904 765 952 800 et
986 758 1239 807 ecclesiam,
1271 764 1319 799 et
1354 758 1418 798 sic
1450 758 1657 798 salvandi
1687 770 1770 798 an·

273 823 404 877 gelos
446 822 560 864 caeli
606 829 654 864 et
701 823 907 864 homines
942 821 1180 870 ecclesiae,
1226 821 1347 875 quod
1393 820 1444 862 fit
1489 820 1790 862 destruendo·

273 886 386 927 salsa
415 885 522 926 mali
552 899 632 939 per
662 884 1079 933 Divinumverum
1111 892 1158 926 et
1188 884 1282 937 ejus
1313 885 1598 937 potentiam;
1640 897 1693 925 ac
1724 885 1770 924 in

273 950 485 1003 opposito
501 962 636 989 sensu
653 962 731 1001 per
745 952 772 969 “
783 949 930 1001 rugire
941 948 962 963 ”
978 954 1025 989 et
1044 952 1071 968 ‘⁴
1084 949 1281 1001 rugitum
1299 947 1444 988 leonis
1455 947 1477 962 ”
1492 946 1772 1000 significatur

273 1012 437 1052 ardens
467 1012 690 1064 cupiditas
722 1011 939 1064 perdendi
974 1017 1022 1052 et
1058 1010 1329 1052 devastandi
1359 1010 1615 1059 ecclesiam,
1648 1011 1771 1064 quod

273 1073 324 1115 fit
348 1074 625 1115 destruendo
650 1073 862 1114 Divinum
884 1073 1057 1115 Verum
1078 1087 1158 1126 per
1182 1073 1296 1114 falsa
1317 1073 1436 1114 mali.
1499 1073 1602 1114 Hae
1627 1074 1769 1127 signi-

273 1136 508 1178 ficationes
534 1143 639 1177 sunt
666 1137 879 1193 “rugitus
905 1136 1088 1185 leonis,’'
1112 1136 1217 1190 quia
1242 1135 1315 1177 leo
1341 1136 1449 1177 dum
1478 1136 1523 1177 in
1549 1136 1666 1177 fame
1697 1143 1770 1177 est

273 1206 322 1241 et
350 1201 527 1252 appetit
551 1200 768 1252 rapinam,
796 1206 844 1240 et
875 1213 1056 1254 quoque
1088 1200 1195 1240 dum
1227 1199 1484 1240 incenditur
1514 1200 1579 1240 ira
1610 1206 1770 1241 contra

273 1263 444 1312 hostes,
470 1262 590 1303 solet
614 1263 774 1316 rugire.
836 1261 971 1316 Quod
999 1264 1183 1316 “rugire
1197 1262 1218 1278 ''
1242 1270 1289 1304 et
1317 1264 1529 1316 “rugitus
1541 1262 1561 1278 ”
1586 1263 1695 1304 talia
1724 1263 1768 1304 in

274 1324 430 1390 Verbo
460 1325 730 1379 significent,
758 1333 968 1367 constare
1000 1333 1155 1379 potest
1186 1339 1246 1367 ex
1278 1326 1570 1379 sequentibus
1601 1326 1670 1367 his
1701 1326 1769 1367 lo-

274 1388 338 1430 cis
354 1387 564 1441 :—Apud
588 1387 792 1438 Esaiam,

341 1492 426 1525 “Sic
441 1493 531 1524 dixit
544 1493 707 1535 Jehovah
723 1494 767 1525 ad
786 1503 853 1532 me,
867 1493 1179 1535 Quemadmodum
1196 1494 1291 1534 rugit
1302 1493 1360 1525 leo
1376 1500 1412 1525 et
1427 1493 1570 1534 juvenis
1589 1494 1647 1526 leo
1663 1505 1771 1535 super

449 1537 576 1578 rapina
593 1547 668 1576 sua,
685 1547 765 1568 cum
784 1538 937 1569 occurrit
955 1545 1082 1569 contra
1099 1538 1200 1569 illum
1219 1538 1405 1578 plenitudo
1424 1544 1622 1578 pastorum,
1639 1549 1662 1570 a
1684 1549 1770 1580 quo-

449 1590 527 1613 rum
547 1590 636 1612 voce
655 1591 728 1612 non
746 1587 1007 1619 consternatur,
1025 1587 1062 1612 et
1079 1591 1102 1612 a
1119 1582 1275 1613 tumultu
1289 1591 1414 1612 eorum
1431 1591 1505 1612 non
1523 1582 1702 1622 affligitur,
1718 1582 1770 1614 sic

448 1624 642 1656 descendet
656 1624 820 1666 Jehovah
838 1624 998 1656 Zebaoth
1016 1625 1063 1656 ad
1078 1625 1303 1656 militandum
1323 1634 1431 1665 super
1449 1631 1572 1656 monte
1591 1625 1715 1658 Zionis
1733 1632 1771 1658 et

448 1677 557 1708 super
571 1668 662 1699 colle
679 1668 758 1708 ejus
767 1667 787 1680 ”
802 1668 911 1707 (xxxi.
927 1667 981 1708 4):

271 1777 476 1831 Jehovah
498 1785 785 1831 comparatur
809 1779 930 1820 leoni
951 1779 1160 1833 rugienti,
1184 1780 1396 1833 quoniam
1418 1793 1498 1833 per
1520 1784 1545 1800 “
1559 1780 1757 1823 leonem’

273 1840 551 1894 significatur
587 1841 809 1883 Dominus
844 1842 994 1896 quoad
1026 1843 1239 1884 Divinum
1271 1843 1442 1884 Verum
1478 1850 1525 1885 et
1557 1843 1650 1897 ejus
1685 1858 1768 1898 po·

92 1894 173 1960 '‘⁴2³-
220 1950 227 1955 ,
274 1902 482 1953 tentiam,
514 1910 562 1945 et
598 1917 678 1957 per
709 1906 895 1958 “rugire
911 1905 930 1920 ”
960 1905 1096 1946 ardor
1126 1906 1308 1947 tutandi
1338 1906 1579 1948 ecclesiam
1610 1914 1771 1949 contra

274 1966 395 2008 mala
418 1973 466 2008 et
497 1967 609 2007 falsa
626 1981 636 2018 ;
674 1981 810 2021 quare
842 1968 1020 2017 dicitur,
1049 1972 1074 1988 “
1089 1967 1161 2010 Sic
1193 1969 1444 2010 descendet
1473 1965 1687 2022 Jehovah'
1709 1970 1769 2011 ad

274 2028 558 2070 militandum
576 2043 708 2083 super
725 2037 882 2071 monte
901 2031 1054 2072 Zionis
1070 2038 1118 2072 et
1139 2045 1273 2084 super
1293 2031 1411 2073 colle
1432 2032 1525 2085 ejus
1541 2032 1575 2083 ;’‘
1599 2037 1624 2052 ‘⁴
1637 2046 1769 2074 mons

134 2084 170 2126 ‘2²
212 2087 218 2091 ’
274 2091 464 2133 Zionis’'
488 2099 559 2134 est
590 2092 783 2134 ecclesia
814 2093 1051 2144 caelestis;
1092 2101 1140 2135 et
1173 2095 1341 2136 “collis
1379 2094 1513 2148 ejus‚'’
1544 2110 1623 2137 seu
1656 2096 1767 2137 Hie-

273 2155 516 2208 rosolyma,
539 2162 610 2197 est
632 2156 826 2197 ecclesia
845 2157 1113 2210 spiritualis;
1147 2158 1340 2212 “rapina
1350 2158 1371 2174 ’⁹
1387 2172 1519 2212 super
1540 2173 1628 2213 qua
1648 2160 1769 2213 rugit

274 2217 361 2267 leo,
387 2218 611 2272 significat
637 2219 950 2261 liberationem
975 2221 1033 2260 ab
1058 2220 1243 2262 inferno.
1303 2220 1442 2275 Apud
1460 2222 1655 2271 Joelem,

340 2328 530 2371 “Jehovah
547 2339 567 2361 e
583 2329 694 2362 Zione
711 2331 837 2371 rugiet,
854 2336 890 2361 et
906 2340 951 2362 ex
969 2330 1227 2371 Hierosolyma
1241 2331 1340 2363 dabit
1359 2341 1484 2364 vocem
1502 2342 1615 2370 suam,
1630 2339 1665 2363 et
1683 2342 1768 2364 con-

447 2373 654 2405 tremiscent
677 2374 767 2405 caeli
791 2381 827 2405 et
851 2380 965 2411 terra;
998 2375 1061 2406 sed
1084 2374 1246 2415 Jehovah
1270 2375 1447 2416 refugium
1472 2376 1606 2416 populo
1630 2385 1708 2415 suo,
1731 2382 1769 2408 et

447 2417 599 2448 munitio
619 2417 699 2449 filiis
717 2417 860 2449 Israelis
871 2417 890 2429 ''
910 2418 968 2456 (iv.
988 2415 1047 2459 [B.
1060 2419 1106 2450 A.
1120 2415 1184 2460 iii.]
1202 2418 1275 2458 16):

274 2525 443 2567 tutatio
467 2524 664 2568 fidelium
690 2541 717 2568 a
743 2527 942 2569 Domino
968 2541 1047 2580 per
1070 2528 1283 2570 Divinum
1305 2529 1477 2571 Verum
1499 2530 1767 2572 describitur

274 2599 354 2639 per
369 2588 490 2642 quod
509 2589 749 2642 “Jehovah
771 2605 795 2631 e
814 2591 953 2632 Zione
971 2591 1134 2644 rugiet,
1152 2598 1199 2632 et
1221 2606 1281 2633 ex
1301 2592 1622 2646 Hierosolyma
1638 2594 1766 2635 dabit

273 2662 581 2698 vocem‚suam
597 2652 632 2703 ;'’
662 2653 908 2694 vehemens
933 2655 1141 2707 potentia
1162 2654 1312 2696 Divini
1337 2655 1447 2696 Veri
1472 2663 1519 2697 et
1544 2657 1649 2697 inde
1671 2664 1764 2698 ter-

273 2725 347 2753 ror
376 2712 642 2765 describitur
671 2728 750 2768 per
785 2716 906 2769 quod
940 2717 1331 2759 “contremiscent
1361 2717 1476 2759 caeli
1510 2725 1558 2759 et
1595 2725 1713 2759 terra
1730 2719 1765 2769 ;'’

273 2787 327 2816 ac
351 2775 544 2817 salvatio
569 2784 616 2818 et
642 2779 809 2820 tutatio
835 2793 913 2832 per
937 2779 1057 2833 quod
1085 2779 1326 2832 “Jehovah
1351 2781 1569 2835 refugium
1595 2782 1764 2835 populo

275 2850 356 2878 suo
380 2844 427 2879 et
458 2840 648 2881 munitio
678 2839 777 2881 filiis
804 2841 982 2882 Israelis
999 2841 1033 2893 ;’'
1065 2842 1294 2896 “populus
1316 2843 1547 2897 Jehovae”
1573 2852 1621 2885 et
1648 2844 1762 2886 “filii

275 2898 452 2942 Israelis
463 2900 483 2917 ’²
507 2909 612 2944 sunt
638 2901 794 2945 fideles
819 2905 893 2958 qui
917 2905 975 2946 ab
999 2905 1202 2947 ecclesia.
1263 2905 1402 2960 Apud
1426 2906 1688 2957 Hosclceam,
