1962 3334
621 265 727 298 cu.
749 265 831 306 x1.‚
853 263 990 297 VERs.
1017 239 1185 297 xo.—N.
1204 254 1301 296 662.
1512 275 1514 277 r
1595 263 1703 307 1779

215 377 402 432 junctio,
425 378 531 419 ideo
560 391 640 432 per
663 380 691 398 “
706 376 922 419 munera”
945 377 991 418 in
1015 375 1236 431 spirituali
1261 388 1396 417 sensu
1421 373 1702 428 significatur

220 439 477 494 conjunctio
497 441 679 495 quando
699 441 757 481 de
778 440 892 489 Deo,
908 445 956 480 et
979 439 1260 480 consociatio
1274 438 1455 492 quando
1476 437 1533 478 de
1553 437 1700 477 homi-

221 503 364 544 nibus.

300 564 435 606 662.
472 563 694 609 ‘Quoniam
720 563 799 603 duo
828 562 892 603 illi
907 562 1131 615 prophetae
1159 561 1451 602 cruciaverunt
1474 560 1705 600 habitantes

218 619 347 676 'super
367 622 716 676 turm”-Quod
741 621 967 675 significet
991 622 1264 663 anxietatem
1286 621 1435 662 cordis
1457 634 1516 661 ex
1533 619 1634 660 illis
1653 619 1703 660 in

220 684 395 726 ecclesia
418 685 668 731 devastata,
695 690 879 724 constat
904 697 964 724 ex
996 681 1327 736 significatione
1353 682 1581 723 “duorum
1607 688 1701 722 tes-

219 746 373 795 tium,”
396 748 471 801 qui
501 747 573 787 hic
598 752 819 787 vocantur
846 745 975 786 “duo
999 744 1294 798 prophetae,''
1319 745 1439 798 quod
1466 745 1556 785 sint
1582 744 1703 784 bona

220 815 268 850 et
297 823 405 850 vera
434 807 692 858 doctrinam
728 821 788 849 ex
819 807 1150 861 significatione
1183 806 1459 855 “cruciare,”
1490 806 1611 860 quod
1642 807 1701 846 sit

220 872 431 912 anxietas
460 871 634 921 cordis3
670 877 717 912 et
747 884 807 911 ex
838 869 1169 923 significatione
1196 869 1539 909 “habitantium
1571 882 1704 921 super

220 934 380 982 terra,”
410 934 530 987 quod
567 934 657 974 sint
692 934 767 986 qui
802 933 959 973 vivunt
995 933 1041 972 in
1076 931 1283 980 ecclesia,
1321 931 1393 972 hic
1430 932 1474 971 in
1510 931 1703 972 ecclesia

220 996 487 1037 devastata:
519 996 623 1036 inde
649 1009 728 1049 per
751 995 830 1036 illa
854 995 992 1036 verba
1017 993 1297 1047 significatur
1317 994 1529 1034 anxietas
1554 995 1703 1035 cordis

220 1072 281 1100 ex
315 1058 446 1099 bonis
475 1059 640 1099 amoris
675 1065 723 1099 et
759 1058 877 1098 veris
914 1055 1146 1098 doetrinae
1182 1056 1271 1097 illis
1307 1057 1382 1110 qui
1417 1057 1475 1097 ab
1510 1057 1703 1098 ecclesia

220 1121 462 1162 devastata
479 1135 488 1171 ;
511 1122 661 1174 agitur
676 1121 795 1161 enim
812 1120 884 1160 hic
902 1120 959 1160 de
977 1119 1064 1159 fine
1077 1118 1310 1167 ecclesiae,
1326 1120 1509 1172 quando
1525 1133 1703 1160 amores

221 1184 288 1224 sui
312 1189 359 1224 et
390 1184 558 1231 mundi,
585 1196 638 1223 ac
664 1182 842 1223 illorum
867 1182 1278 1235 concupiscentiae,
1305 1188 1353 1222 et
1378 1182 1702 1234 concupiscen-

221 1246 383 1286 tiarum
408 1245 528 1286 mala
558 1252 605 1286 et
636 1244 749 1286 falsa
773 1251 996 1298 regnant;
1034 1251 1141 1285 tunc
1173 1244 1293 1284 bona
1322 1244 1489 1284 amoris
1519 1249 1567 1284 et
1598 1257 1704 1284 vera

221 1304 453 1348 doetrinae
483 1309 685 1348 cruciant
717 1307 939 1354 homines,
967 1320 1072 1347 nam
1104 1307 1291 1346 interius
1322 1319 1400 1346 seu
1431 1305 1567 1346 corde
1598 1306 1704 1346 odio

168 1379 176 1386 ·
220 1368 392 1410 habent
423 1369 515 1418 illa,
542 1377 768 1423 utcunque
799 1383 876 1410 ore
906 1368 1111 1409 confiteri
1142 1368 1219 1409 illa
1249 1373 1467 1421 possunt;
1505 1374 1552 1408 et
1583 1368 1703 1421 quod

221 1432 327 1473 odio
351 1432 558 1481 habetur,
586 1433 672 1474 hoc
704 1433 811 1473 dum
836 1433 1044 1480 intratur,
1071 1432 1258 1472 interius
1284 1431 1480 1471 cruciat:
1518 1438 1566 1471 at
1598 1431 1704 1471 talis

221 1493 361 1535 homo
376 1494 608 1543 ecclesiae,
627 1495 839 1549 quamdiu
860 1495 904 1535 in
927 1494 1095 1534 mundo
1112 1494 1238 1541 vivit,
1258 1494 1403 1533 nescit
1427 1493 1547 1546 quod
1570 1500 1704 1534 tanto

222 1557 328 1598 odio
356 1557 524 1599 habeat
555 1557 633 1598 illa
663 1558 767 1605 duo,
800 1564 847 1597 et
883 1556 1003 1610 quod
1034 1557 1222 1596 interius
1253 1556 1475 1596 crucietur
1510 1555 1569 1595 ab
1599 1555 1702 1602 illis,

221 1633 283 1660 ex
318 1633 454 1661 causa
488 1621 590 1674 quia
626 1621 771 1661 nescit
809 1626 981 1660 statum
1013 1619 1237 1659 interioris
1270 1632 1377 1658 suae
1410 1619 1704 1670 cogitationis

223 1689 271 1723 et
301 1681 563 1731 affectionis,
590 1683 670 1724 sed
701 1682 847 1723 solum
872 1688 1045 1722 statum
1071 1681 1310 1722 exterioris
1336 1681 1630 1733 cogitationis
1655 1687 1703 1720 et

222 1743 470 1786 affectionis
495 1759 610 1798 quae
634 1745 898 1785 immediate
928 1744 1051 1784 cadit
1082 1745 1127 1784 in
1158 1743 1411 1796 loquelam;
1448 1749 1496 1783 at
1528 1755 1630 1783 cum
1659 1743 1705 1782 in

223 1807 439 1848 mundum
462 1807 739 1861 spiritualem
761 1808 900 1854 venit,
919 1807 1121 1848 exterior
1141 1805 1235 1858 ejus
1257 1806 1480 1858 cogitatio
1501 1812 1547 1846 et
1570 1804 1704 1845 affec-

223 1870 290 1910 tio
314 1871 500 1923 sopitur‚
528 1883 579 1910 ac
611 1870 797 1911 interior
821 1870 1033 1922 aperitur,
1060 1875 1107 1909 et
1138 1875 1246 1909 tunc
1279 1868 1420 1908 sentit
1446 1880 1703 1920 repugnan-

223 1933 336 1973 tiam
371 1947 430 1974 ex
468 1934 573 1973 odio
608 1939 769 1973 contra
804 1933 924 1973 bona
959 1933 1124 1972 amoris
1161 1938 1208 1972 et
1239 1945 1346 1971 vera
1381 1929 1628 1978 doctrinae,
1660 1931 1705 1970 in

223 2001 404 2036 tantum
429 2002 479 2036 ut
505 2009 595 2036 non
617 1996 839 2036 sustineat
861 1995 1014 2035 audire
1038 1994 1142 2034 illa:
1175 2000 1451 2047 quapropter
1472 2007 1574 2034 cum
1600 1993 1707 2034 talis

224 2057 363 2098 homo
386 2058 526 2098 intrat
552 2057 748 2111 aliquam
773 2057 1044 2098 societatem
1068 2056 1337 2109 angelicam,
1362 2056 1435 2096 ubi
1460 2055 1704 2109 spiritualis

224 2132 352 2160 amor
386 2126 434 2160 et
470 2119 581 2160 fides
617 2126 794 2172 regnat,
834 2127 941 2160 tunc
977 2119 1274 2160 vehementer
1309 2119 1545 2166 cruciatur,
1586 2119 1706 2171 quod

225 2182 404 2235 signum
440 2189 511 2223 est
542 2183 765 2223 interioris
802 2182 1131 2235 repugnantiae
1167 2195 1227 2222 ex
1264 2181 1369 2221 odio
1405 2188 1566 2221 contra
1601 2181 1704 2221 illa:

225 2258 286 2285 ex
311 2244 380 2285 his
405 2251 615 2285 constare
636 2251 791 2298 potest
812 2245 918 2298 quid
940 2243 1218 2297 significatur
1242 2257 1321 2297 per
1345 2244 1465 2297 quod
1491 2244 1617 2284 “duo
1642 2243 1707 2283 illi

226 2307 476 2360 prophetae
498 2308 793 2347 cruciaverint
815 2307 1079 2347 habitantes
1100 2320 1233 2359 super
1249 2313 1370 2347 terra
1385 2306 1421 2346 :”
1442 2320 1520 2359 per
1540 2310 1565 2326 “
1579 2306 1706 2346 habi-

227 2375 381 2410 tantes
405 2383 536 2422 super
567 2369 716 2410 terra”
742 2369 1059 2421 intelliguntur
1088 2369 1162 2422 qui
1192 2369 1237 2409 in
1267 2369 1388 2409 bono
1420 2375 1525 2409 sunt
1556 2369 1707 2422 quoad

226 2432 368 2472 vitam
393 2433 437 2472 in
462 2431 680 2481 ecclesia;
718 2432 789 2472 hic
821 2433 895 2485 qui
925 2432 970 2471 in
996 2431 1131 2479 malo,
1159 2444 1264 2471 nam
1290 2431 1375 2471 hos
1400 2431 1520 2471 bona
1543 2431 1707 2471 amoris

227 2500 275 2534 et
295 2508 402 2534 vera
422 2492 653 2534 doetrinae
675 2495 861 2534 interius
884 2494 1099 2534 cruciant.
1160 2492 1295 2546 Quod
1317 2493 1562 2533 “habitare
1576 2493 1596 2507 ‘’
1615 2494 1707 2545 sig-

228 2555 379 2597 nificet
409 2558 572 2603 vivere,
600 2557 785 2609 proinde
816 2558 972 2604 vitam,
999 2562 1213 2597 constare
1244 2563 1399 2610 potest
1431 2570 1490 2596 ex
1522 2555 1632 2596 locis
1664 2557 1708 2595 in

228 2617 397 2667 Verbo,
425 2619 497 2659 ubi
525 2619 768 2659 “habitare
783 2618 803 2632 ’'
829 2619 991 2659 dicitur

301 2713 366 2754 (Ut
380 2713 478 2744 Emi.
495 2713 540 2744 ix.
558 2721 572 2744 1
592 2711 653 2755 [B.
668 2714 711 2744 A.
729 2709 764 2754 2]
780 2723 788 2748 ;
811 2723 885 2753 cap.
903 2713 975 2744 xiii.
993 2721 1055 2751 20;
1079 2723 1153 2754 cap.
1170 2714 1300 2745 xxxvii.
1320 2715 1379 2745 16:
1404 2715 1528 2755 Jerem.
1546 2714 1579 2744 ii.
1596 2714 1627 2750 6,
1647 2721 1684 2751 15
1701 2723 1708 2751 ;

401 2766 476 2796 cap.
494 2757 526 2787 li.
548 2764 606 2794 13:
630 2756 725 2787 Dan.
744 2757 776 2787 ii.
795 2764 856 2793 22;
880 2766 955 2796 cap.
973 2757 1018 2788 iv.
1035 2766 1074 2797 9:
1098 2757 1219 2788 Ezech.
1238 2758 1331 2788 xxxi.
1348 2758 1388 2788 6:
1413 2757 1539 2788 Hosch.
1557 2757 1602 2787 ix.
1619 2764 1649 2793 2,
1667 2764 1706 2795 3:

403 2799 531 2873 ssagtn.
545 2799 696 2882 κκίιίξὸξς
723 2799 779 2831 Ps.
793 2800 900 2831 xxvii.
912 2809 955 2838 45
981 2799 1037 2831 Ps.
1052 2800 1145 2832 lxxx.
1160 2808 1178 2831 2
1197 2799 1258 2842 [B.
1274 2802 1318 2832 A.
1336 2798 1369 2842 1]
1386 2810 1393 2837 ;
1420 2800 1476 2832 Ps.
1490 2801 1531 2831 ci.
1545 2808 1580 2839 7:
1611 2799 1708 2841 zeph.

403 2853 448 2874 ιιι.
499 2854 505 2874 :
530 2849 565 2874 et
581 2852 627 2873 al
653 2852 687 2874 1.
