1962 3334
313 244 419 298 1766
721 254 1053 289 APOCALYPSIS
1085 257 1383 291 EXPLICATA.

482 369 591 400 excisi
609 375 693 401 sunt
710 379 716 407 ;
738 370 889 410 posuisti
909 370 969 403 Me
994 371 1029 402 in
1048 371 1153 403 fovea
1171 372 1390 412 inferiorum,
1412 374 1449 405 in
1467 375 1638 413 tenebris,
1657 375 1692 406 in
1718 385 1797 415 pro-

483 413 732 445 funditatibus.
764 438 771 445 .
787 439 793 445 .
809 439 815 446 .
831 414 942 446 ‚Num
961 416 1186 447 enarrabitur
1203 417 1239 447 in
1257 418 1446 456 sepulchro
1461 418 1708 450 misericordia
1725 426 1796 457 tua,

481 457 629 488 veritas.
645 457 696 489 .in
715 457 915 497 perditione
927 458 961 491 ?''
979 459 1050 499 (Ps.
1068 460 1225 491 lxxxviii.
1242 468 1313 498 5-7‚
1338 469 1376 491 12
1396 459 1455 502 [B.
1470 463 1513 493 A.
1531 462 1605 500 4-6‚
1626 460 1681 503 11]
1696 463 1718 501 :)

307 553 456 605 agitur
485 552 543 592 ibi
576 552 631 593 de
665 554 1024 604 tentationibus3
1068 555 1111 594 in
1144 568 1279 595 sensu
1311 569 1520 608 supremo
1552 556 1607 596 de
1641 563 1795 597 tenta-

309 615 506 655 tionibus
541 616 736 664 Domini,
771 630 884 669 quae
917 617 1231 657 describuntur
1263 618 1418 670 quales
1450 618 1641 667 fuerunt,
1675 619 1794 672 quod

309 691 471 731 nempe
503 679 623 718 visus
662 677 754 718 Sibi
791 679 906 718 sicut
945 680 988 718 in
1025 679 1198 719 inferno
1231 681 1348 720 inter
1379 681 1650 732 damnatos;
1693 695 1797 722 nam

306 742 588 781 tentationes
616 755 726 794 quas
755 741 976 781 Dominus
1004 743 1216 783 sustinuit
1249 743 1426 783 fuerunt
1454 745 1518 784 ita
1544 751 1722 784 atroces
1749 751 1795 785 et

306 816 538 843 enormes:
573 817 708 856 quare
734 808 758 823 “
776 804 1033 857 Reputatus
1056 818 1153 844 sum
1176 818 1277 845 cum
1301 805 1682 846 descendentibus
1707 805 1790 860 [in]

305 865 513 906 foveam'’
537 866 761 918 significat
779 868 897 920 quod
917 868 1036 907 visus
1060 867 1151 908 Sibi
1174 869 1287 908 sicut
1311 869 1353 907 in
1377 868 1547 908 inferno
1569 867 1792 921 (“fovea''

305 934 375 968 est
398 928 638 981 infernum)
659 943 666 978 ;
698 928 876 970 “factus
899 944 995 970 sum
1019 931 1133 970 sicut
1157 932 1234 977 vir,
1261 944 1349 970 non
1372 931 1543 979 robur,”
1565 931 1792 983 significat

303 991 423 1044 quod
451 997 558 1031 tunc
585 991 705 1030 visus
733 989 825 1031 Sibi
852 991 968 1031 sicut
994 990 1163 1043 absque
1191 992 1412 1044 potentia,
1442 1004 1544 1031 nam
1573 992 1795 1035 tentatio-

307 1067 386 1094 nes
413 1055 688 1106 immergunt
713 1053 942 1093 hominem
966 1054 1010 1093 in
1032 1053 1143 1093 salsa
1171 1060 1216 1094 et
1244 1047 1376 1102 mala,
1396 1054 1554 1106 quibus
1577 1054 1700 1094 nulla
1726 1061 1796 1095 est

304 1118 542 1170 potentia;
579 1118 734 1157 “inter
757 1123 975 1165 mortuos,
1002 1114 1278 1169 neglectus,’'
1304 1115 1528 1169 significat
1556 1117 1672 1157 inter
1694 1116 1796 1157 illos

304 1180 462 1233 quibus
485 1179 594 1220 nihil
617 1180 710 1220 veri
736 1186 782 1220 et
813 1180 933 1227 boni,
958 1186 1003 1220 et
1031 1186 1273 1232 propterea
1297 1177 1476 1231 rejecti3
1511 1179 1664 1219 “sicut
1687 1192 1796 1219 con-

306 1243 411 1282 fossi
435 1243 655 1283 cubantes
678 1243 722 1282 in
745 1242 986 1295 sepulchro
999 1235 1018 1256 ‘⁵
1041 1241 1266 1294 significat
1290 1243 1404 1282 sicut
1428 1243 1501 1295 qui
1523 1242 1567 1282 in
1590 1241 1710 1282 falsis
1737 1256 1796 1282 ex

304 1305 425 1346 malo
448 1312 551 1346 sunt
571 1319 579 1354 ;
617 1304 904 1358 (“confossi”
928 1304 1185 1357 significant
1212 1304 1313 1345 illos
1336 1305 1409 1358 qui
1432 1318 1510 1358 per
1531 1304 1642 1344 falsa
1668 1318 1796 1357 pere—

304 1374 399 1417 unt,
428 1375 474 1409 et
505 1373 528 1388 ‘⁶
547 1368 867 1421 sepulchrum”
894 1367 1120 1420 significat
1150 1368 1383 1416 infernum,
1409 1381 1467 1408 ex
1495 1381 1562 1416 eo,
1587 1367 1706 1421 quod
1733 1367 1797 1408 illi

303 1432 377 1485 qui
408 1432 452 1471 in
484 1431 672 1479 inferno,
706 1430 999 1484 spiritualiter
1031 1432 1195 1471 mortui
1228 1429 1405 1483 [¹1sint;)
1448 1435 1674 1484 “quorum
1706 1443 1797 1470 non

304 1495 548 1534 meministi
575 1493 782 1547 amplius,
811 1494 973 1547 quique
1000 1508 1024 1534 e
1052 1507 1186 1533 manu
1219 1500 1297 1534 tua
1322 1494 1463 1533 excisi
1487 1493 1630 1542 sunt,’'
1658 1494 1795 1545 signi-

303 1557 409 1598 ficat
433 1558 694 1611 deprivatos
718 1558 840 1597 omni
862 1571 969 1597 vero
992 1564 1037 1597 et
1062 1557 1182 1597 bono
1204 1571 1212 1607 ;
1249 1557 1479 1609 “posuisti
1505 1556 1579 1597 Me
1602 1557 1645 1596 in
1668 1557 1798 1597 fovea

303 1621 557 1661 inferiorum
572 1620 590 1635 ”
618 1619 843 1673 significat
877 1621 921 1660 in
954 1620 1064 1660 locis
1090 1620 1247 1660 inferni
1275 1620 1347 1659 ubi
1375 1619 1517 1669 tales;
1554 1620 1635 1659 “in
1668 1626 1796 1660 tene-

303 1683 425 1724 bris”
452 1683 676 1736 significat
705 1684 821 1724 sicut
854 1684 898 1723 in
930 1683 1078 1734 salsis;
1114 1683 1196 1722 “in
1219 1682 1630 1735 profunditatibus''
1657 1683 1796 1735 signi-

303 1746 408 1787 ficat
436 1748 550 1788 sicut
578 1748 621 1787 in
654 1746 810 1787 malis:
845 1747 1047 1799 sequitur
1074 1759 1189 1786 nunc
1223 1746 1425 1798 precatio
1457 1759 1516 1785 ex
1548 1744 1718 1793 dolore,
1748 1751 1796 1785 ut

303 1823 329 1849 a
347 1801 679 1850 tentationibus
703 1809 944 1859 liberetur;
969 1815 1014 1849 et
1038 1809 1155 1848 inter
1178 1822 1335 1848 causas
1355 1809 1492 1848 etiam
1515 1807 1616 1856 hoc,
1639 1807 1797 1848 “Num

303 1873 584 1913 enarrabitur
624 1873 667 1912 in
709 1871 950 1924 sepulchro
991 1871 1296 1911 misericordia
1334 1877 1425 1918 tua,
1465 1877 1511 1911 et
1547 1871 1715 1911 veritas
1751 1871 1796 1911 in

304 1936 559 1989 perditione
575 1935 614 1975 ?'’
646 1935 872 1988 significat
900 1935 1019 1988 quod
1051 1936 1095 1975 in
1128 1934 1314 1983 inferno,
1343 1935 1417 1974 ubi
1448 1941 1495 1974 et
1527 1934 1644 1974 unde
1677 1934 1796 1974 mala

305 2006 351 2039 et
384 1998 509 2047 falsa,
536 1999 748 2039 Divinum
777 1998 953 2038 Bonum
980 2011 1031 2038 ac
1061 1998 1272 2037 Divinum
1300 1997 1471 2037 Verum
1504 2010 1593 2037 non
1620 1997 1796 2050 praedi-

304 2063 394 2102 cari
427 2063 632 2115 possint3
681 2061 1049 2102 “misericordia'’
1081 2067 1151 2101 est
1191 2060 1402 2100 Divinum
1437 2060 1612 2100 Bonum
1646 2060 1795 2100 Divini

304 2124 503 2174 Amoris,
538 2138 589 2165 ac
626 2125 831 2165 “veritas
848 2124 866 2139 ”
893 2130 962 2164 est
997 2124 1209 2165 Divinum
1243 2123 1413 2163 Verum
1447 2122 1636 2163 Divinae
1669 2122 1796 2176 Sapi-

305 2189 470 2236 entiae,
502 2186 862 2241 “sepulchrum”
894 2193 965 2227 est
997 2187 1215 2227 infernum
1250 2186 1323 2226 ubi
1355 2192 1400 2226 et
1434 2186 1551 2225 unde
1583 2185 1716 2233 mala,
1750 2191 1796 2225 et

307 2250 570 2304 “perditio’'
597 2258 668 2291 est
694 2250 914 2291 infernum
941 2250 1015 2290 ubi
1047 2256 1093 2290 et
1126 2250 1245 2290 unde
1267 2249 1392 2289 falsa.
1455 2247 1530 2287 Ex
1557 2247 1625 2287 his
1658 2248 1796 2287 etiam

303 2321 433 2368 patet
456 2315 576 2367 quod
599 2327 677 2367 per
703 2312 1059 2366 “sepulchrum’'
1081 2312 1364 2365 intelligatur
1386 2311 1620 2359 infernum,
1644 2324 1703 2351 ex
1726 2324 1795 2359 eo,

303 2378 424 2432 quod
465 2378 529 2418 illi
569 2378 642 2431 qui
688 2378 731 2417 in
773 2377 945 2417 inferno
985 2382 1104 2423 sunt,
1150 2375 1444 2428 spiritualiter
1485 2375 1649 2414 mortui
1690 2375 1794 2414 sint.

304 2441 443 2494 Apud
469 2440 672 2489 Esaiam,

371 2538 389 2551 “
402 2537 451 2568 Ut
467 2537 569 2568 daret
586 2536 716 2577 impios
734 2536 924 2576 sepulchro
941 2545 1017 2574 suo,
1036 2541 1072 2566 et
1089 2534 1219 2566 divites
1237 2535 1273 2565 in
1291 2534 1467 2565 mortibus
1486 2532 1587 2565 suis”
1604 2532 1678 2573 (liii.
1696 2532 1728 2573 9)
1743 2543 1751 2565 :

303 2639 416 2679 haec
444 2639 582 2679 etiam
615 2638 671 2678 de
699 2638 911 2686 Domino,
937 2637 992 2678 de
1023 2651 1112 2691 quo
1138 2637 1181 2677 in
1209 2642 1311 2676 toto
1337 2635 1415 2676 illo
1442 2636 1590 2688 capite
1618 2635 1794 2688 agitur3

304 2703 374 2743 hic
394 2708 547 2742 autem
566 2701 621 2741 de
640 2700 827 2742 victoria
850 2702 994 2754 Ipsius
1021 2714 1153 2753 super
1171 2699 1365 2740 inferna:
1396 2705 1441 2739 et
1460 2712 1539 2752 per
1563 2699 1761 2751 “impios
1774 2697 1794 2713 ’'

305 2778 417 2819 quos
447 2764 613 2805 “daret
641 2764 922 2818 sepulchro,”
949 2763 1267 2817 intelliguntur
1294 2762 1398 2803 mali
1431 2762 1504 2815 qui
1530 2760 1795 2814 dejicientur

305 2830 349 2868 in
367 2827 585 2868 infernum
604 2842 612 2878 ;
641 2828 712 2868 hic
735 2831 759 2847 “
773 2827 1061 2881 sepulchrum
1074 2827 1092 2841 ’¹
1112 2826 1350 2867 manifeste
1373 2839 1452 2878 pro
1470 2824 1655 2873 inferno,
1674 2823 1794 2877 quod

309 2891 634 2945 “sepulchrum
647 2890 665 2905 '²
691 2897 880 2931 vocatur
906 2904 965 2931 ex
993 2889 1285 2943 spiritualiter
1312 2888 1500 2928 mortuis
1523 2888 1595 2940 qui
1627 2887 1712 2938 ibi;
1746 2893 1792 2927 et
