1962 3334
584 302 691 335 CAP.
713 301 795 341 lx„
818 299 957 332 VERs.
981 299 1126 343 3.—N.
1152 288 1318 344 543[a].
1402 296 1408 300 ’
1580 299 1686 343 1357

240 426 273 459 9.
305 415 368 450 “Et
380 415 551 450 habebant
563 415 723 448 thoraces
737 413 831 447 sIcut
845 413 1004 446 thoraces
1022 412 1185 449 {ea-reos?
1197 410 1359 453 significat
1367 411 1597 453 persuasiones
1612 412 1686 453 qui-

372 461 430 492 bus
451 472 483 491 se
509 460 690 501 accingunt
714 459 763 489 ad
777 464 926 500 pugnas,
949 462 1064 488 contra
1089 467 1172 499 quas
1194 467 1277 487 vera
1301 456 1481 486 rationalis
1501 456 1689 497 spin'tualessr

371 505 517 535 hominis
532 514 600 535 non
615 504 732 534 valent
748 502 799 545 [n.
818 509 836 543 5
840 501 920 544 57];
947 503 1004 534 “et
1021 510 1083 533 νοι
1098 501 1233 533 alarum
1256 499 1393 532 illarum
1408 499 1501 532 sicut
1526 509 1588 532 νοι
1605 509 1686 532 cm·-

371 558 471 581 ruum
487 557 649 591 equorum
666 547 850 579 multorum
866 545 1078 579 currentium
1102 544 1136 577 in
1159 544 1311 581 bellum?
1327 543 1491 584 signifieat
1507 545 1687 574 ratiocina-

371 594 474 624 tiones
494 593 581 624 sicut
600 603 642 623 ex
663 591 754 622 veris
768 591 942 622 doetrinae
962 601 980 621 e
1004 589 1103 621 Verbo
1125 589 1309 627 intellectis,
1317 593 1384 630 pro
1398 588 1518 630 quibus
1532 589 1690 619 ardenter

364 637 593 678 pugnandum
612 635 663 679 [n.
681 634 778 677 558].

221 708 273 733 10.
306 698 369 733 -ft
381 699 552 733 habebant
564 698 695 732 caudas
710 697 843 731 similes
857 695 1034 739 scorpiis?
1050 694 1214 737 significat
1227 695 1406 738 scientg'fica
1421 695 1588 726 sensualia
1604 706 1689 736 quae

363 744 565 786 persuasiva
591 743 644 786 [n.
669 741 771 784 559];
798 744 856 775 “et
875 740 991 774 aculei
1010 743 1112 773 erant
1132 739 1166 772 Ῐη
1190 739 1314 773 caudis
1332 739 1499 776 illarum:
1522 738 1688 780 significat

372 788 515 819 astutias
519 788 672 837 fallendi
677 793 744 828 per
758 786 818 818 illa
837 786 888 835 [n.
903 785 1006 827 560];
1033 787 1091 817 “et
1100 787 1260 826 potestas
1275 783 1412 816 illarum
1428 783 1567 816 laedet-e
1577 783 1686 815 homi-

371 841 435 865 nes
457 831 631 864 menemus
646 830 820 874 quinque!
835 829 995 871 s1guifioet
1010 830 1100 871 quod
1110 834 1271 870 stuporem
1288 828 1484 859 inducerent
1505 828 1691 859 intellectui

371 877 448 907 veri
460 881 491 907 et
496 875 698 917 percsptioni
712 875 791 905 boni
803 874 968 916 quamdiu
985 873 1023 904 in
1039 874 1097 904 illo
1110 878 1199 904 statu
1213 877 1296 903 sunt
1311 872 1364 915 [n.
1382 871 1480 914 561].

221 947 272 971 ιι.
304 938 368 972 “ft
386 938 558 972 habebant
575 947 682 981 super
696 947 736 971 se
751 947 877 980 regem.
894 937 1053 979 angelum
1068 935 1216 978 abyssi.”
1230 935 1395 977 significat
1410 936 1502 977 quod
1513 935 1686 977 influxum

371 984 551 1024 reciperent
564 983 606 1014 ab
621 983 765 1024 inferno,
782 982 842 1012 ubi
856 982 911 1012 illi
922 986 1004 1012 sunt
1016 982 1078 1022 qui
1099 982 1137 1011 in
1151 981 1256 1022 salus
1271 980 1358 1011 mali
1378 985 1410 1010 et
1423 990 1510 1010 mere
1523 980 1688 1010 sensuales

371 1027 425 1103 Bu.
444 1026 547 1074 562];
573 1032 713 1077 ‘pernen
736 1025 771 1058 ei
791 1025 954 1076 Hebraico
976 1024 1143 1075 abaddon,
1169 1027 1205 1057 et
1226 1023 1259 1057 in
1283 1023 1414 1057 Graeca
1439 1033 1560 1056 nomen
1582 1023 1690 1056 habet

394 1070 557 1114 pollyonl’
573 1070 734 1112 Sigmficat
750 1071 848 1112 quale
862 1081 943 1112 qus,
958 1070 1049 1111 quod
1060 1074 1106 1100 szt
1117 1070 1263 1111 perdens
1278 1078 1373 1099 onme
1387 1079 1504 1099 verum
1520 1073 1551 1098 et
1565 1068 1687 1099 bonum

373 1115 425 1158 [n.
443 1114 540 1157 563}

219 1186 271 1211 12.
303 1177 393 1211 ’Vae
416 1188 519 1211 unum
539 1176 727 1220 praeteriit,
746 1186 826 1210 ecce
844 1176 980 1210 veniunt
994 1176 1107 1209 adhuc
1122 1176 1189 1209 duo
1208 1185 1270 1209 me
1290 1178 1373 1219 post
1392 1174 1507 1212 haec?
1523 1174 1688 1216 significat

370 1223 639 1254 lamentationem
662 1233 768 1253 unam
790 1227 889 1263 super
908 1222 1133 1252 devastatione
1155 1221 1314 1258 ecclesiae,
1330 1225 1362 1251 et
1382 1221 1474 1262 quod
1493 1220 1688 1251 lamentatio

369 1272 469 1309 super
482 1267 638 1298 ulteriore
651 1267 876 1297 devastatione
889 1266 960 1308 ejus
974 1270 1134 1307 sequatur
1152 1265 1203 1308 [n.
1221 1264 1318 1307 564].

273 1354 488 1409 543[a].
510 1365 615 1404 [νινε.
631 1365 675 1403 3.]
697 1354 809 1395 “fta
825 1354 936 1394 fumo
950 1354 1163 1394 exiverunt
1175 1355 1361 1394 locustae
1377 1353 1416 1392 in
1433 1352 1685 1393 arram?—

197 1413 332 1468 Quod
362 1415 585 1469 significet
615 1416 735 1469 quod
753 1429 809 1456 ex
826 1415 972 1468 falsis
1002 1414 1300 1467 infernalibus
1313 1414 1441 1466 fatti
1466 1414 1559 1456 sint
1586 1427 1684 1455 sen-

195 1478 342 1520 suales
361 1479 562 1532 corporei
578 1479 623 1519 in
644 1478 833 1526 ecclesia,
853 1485 1039 1519 constat
1065 1492 1124 1519 ex
1148 1477 1481 1531 significatione
1501 1476 1685 1523 “sumi‚'’

196 1538 318 1591 quod
342 1539 402 1580 sit
425 1538 588 1580 falsum
613 1539 834 1580 infernale
863 1550 919 1587 (de
933 1559 998 1587 qua
1012 1558 1117 1587 supra,
1133 1558 1164 1578 n.
1184 1548 1280 1590 539)
1300 1552 1310 1588 ;
1349 1538 1491 1591 (quod
1516 1539 1575 1578 sit
1599 1537 1683 1578 fal-

197 1612 296 1640 sum
316 1600 532 1641 infernale
556 1600 675 1654 quod
701 1613 780 1653 per
805 1599 1042 1640 “sumum'’
1067 1600 1140 1640 hic
1167 1598 1460 1652 significatur,
1484 1605 1555 1639 est
1581 1599 1684 1652 quia

197 1674 308 1702 mox
339 1675 472 1715 supra
502 1662 664 1703 dicitur
695 1662 815 1715 quod
846 1662 992 1702 sumus
1022 1661 1099 1702 ille
1131 1662 1423 1702 “ascenderit
1455 1675 1515 1701 ex
1546 1668 1686 1714 puteo

195 1724 388 1778 abyssi,’'
413 1731 459 1766 et
485 1738 564 1778 per
591 1728 814 1778 “puteum
839 1725 991 1778 abyssi
1002 1725 1022 1739 '’
1048 1724 1326 1778 significatur
1353 1724 1587 1771 infernum,
1610 1723 1686 1764 ubi

196 1794 244 1829 et
274 1787 393 1828 unde
424 1794 528 1828 sunt
559 1787 671 1828 salsa
702 1787 808 1827 mali
838 1801 953 1841 quac
984 1787 1224 1828 falsificant
1256 1801 1363 1828 vera
1393 1786 1535 1827 Verbi
1554 1787 1585 1840 ;)
1625 1801 1685 1828 ex

197 1848 530 1903 significatione
572 1849 926 1898 “locustarum,’‘
965 1851 1085 1903 quod
1130 1851 1187 1890 sit
1230 1849 1438 1890 ultimum
1477 1849 1686 1890 sensuale

195 1910 393 1951 hominis
417 1910 538 1963 quod
568 1911 612 1950 in
638 1910 754 1950 falso
785 1910 894 1950 mali
919 1921 974 1958 (de
989 1931 1054 1958 qua
1068 1922 1252 1961 sequitur);
1287 1917 1335 1951 et
1365 1925 1426 1951 ex
1456 1910 1684 1964 significa-

197 1972 322 2012 tione
338 1972 499 2012 “exire
521 1972 565 2011 in
588 1971 796 2017 terram‚'’
810 1972 931 2024 quod
954 1973 1012 2012 sit
1035 1973 1079 2012 in
1097 1972 1351 2020 ecclesiam,
1371 1985 1476 2012 narn
1493 1977 1518 1992 ·‘
1533 1979 1653 2012 terra
1663 1972 1685 1986 ‘⁹

196 2033 420 2087 significat
447 2033 713 2083 ecclesiam;
752 2034 891 2074 etiam
922 2034 1000 2075 illa
1030 2048 1144 2088 quae
1170 2036 1213 2075 in
1238 2034 1517 2088 Apocalypsi
1537 2035 1685 2075 conti-

196 2103 373 2145 nentur,
405 2096 462 2136 de
493 2096 685 2136 ecclesia
716 2104 762 2137 et
800 2096 894 2149 ejus
931 2104 1056 2138 statu
1092 2096 1324 2150 praedicta
1354 2104 1475 2138 sunt.
1549 2096 1684 2150 Quod

198 2158 446 2200 “locusta”
482 2158 706 2212 significet
748 2159 955 2200 ultimum
998 2161 1205 2201 sensuale
1245 2160 1440 2201 hominis
1480 2161 1600 2214 quod
1639 2161 1684 2201 in

195 2221 310 2263 salso
330 2222 436 2262 mali
458 2229 543 2271 est,
569 2230 779 2263 constare
803 2229 957 2275 potest
980 2237 1039 2263 ex
1062 2224 1269 2282 omnibus
1291 2230 1338 2265 et
1360 2224 1548 2277 singulis
1570 2238 1684 2277 quae

194 2285 240 2325 in
265 2284 352 2325 hoc
374 2286 523 2338 capite
546 2298 683 2338 usque
709 2285 766 2325 ad
789 2299 903 2326 vers.
932 2296 979 2326 12
1003 2286 1238 2337 dicuntur;
1270 2300 1297 2327 a
1322 2300 1511 2340 quorum
1533 2286 1682 2340 expli-

195 2347 376 2388 catione
411 2354 620 2388 constare
657 2355 810 2400 potest
852 2348 972 2401 quod
1013 2362 1104 2389 non
1139 2349 1260 2389 aliud
1297 2363 1376 2402 per
1414 2349 1683 2390 “locustas''

195 2409 490 2463 intelligatur.
551 2409 640 2451 Sed
667 2411 736 2451 hic
765 2411 956 2463 primum
982 2411 1156 2452 dicetur
1181 2412 1287 2465 quid
1313 2412 1584 2466 intelligitur
1606 2426 1685 2465 per

197 2471 404 2512 ultimum
422 2472 628 2513 sensuale
651 2473 858 2513 hominis.
908 2473 1012 2514 Non
1035 2474 1305 2528 intelligitur
1322 2475 1529 2516 sensuale
1547 2476 1681 2520 visus,

194 2534 388 2581 auditus,
415 2532 619 2582 olfaehss,
647 2543 807 2588 gustus
833 2542 878 2576 et
906 2534 1068 2583 tactus,
1097 2536 1208 2578 haec
1235 2538 1354 2578 enirn
1381 2538 1560 2591 propria
1582 2551 1681 2578 cor·
1704 2540 1707 2542 ’

196 2597 316 2649 poris
346 2604 478 2647 sunt;
525 2598 603 2638 sed
636 2597 845 2638 ultimum
877 2599 1169 2651 cogitationis
1202 2607 1247 2641 et
1284 2599 1531 2641 affefflonis
1562 2601 1682 2654 quod

195 2660 384 2712 primum
406 2660 524 2712 apud
547 2660 740 2701 infantes
767 2661 978 2713 aperitur,
1001 2663 1120 2715 quod
1148 2662 1240 2703 tale
1266 2670 1336 2703 est
1364 2669 1411 2704 ut
1439 2676 1530 2703 non
1557 2664 1682 2715 cogi-

195 2727 295 2762 tent
322 2720 456 2770 aliud,
485 2735 566 2763 nec
601 2722 852 2763 afficiantur
883 2723 981 2763 aliis
1012 2723 1212 2776 objectis,
1240 2738 1373 2779 quam
1405 2739 1519 2779 quae
1546 2739 1681 2766 unum

195 2783 363 2824 faciunt
399 2796 500 2825 cum
533 2785 736 2825 sensibus
771 2786 1027 2826 nominatis.
1108 2787 1300 2829 Discunt
1337 2788 1456 2828 enim
1489 2788 1682 2830 infantes

196 2847 398 2899 cogitare
412 2861 490 2900 per
507 2861 677 2896 sensus,
694 2855 739 2889 et
758 2848 873 2889 affici
891 2847 1078 2901 objectis
1092 2851 1337 2891 secundum
1356 2851 1432 2891 illa
1446 2865 1560 2905 quae
1578 2866 1681 2892 sen—

197 2908 318 2949 sibus
349 2909 640 2962 placuerunt;
678 2924 812 2964 quare
844 2912 1033 2964 primum
1065 2913 1305 2963 internum,
1333 2914 1453 2967 quod
1485 2915 1682 2967 aperitur
