1962 3334
637 261 743 295 CAP.
766 237 828 302 x’„
851 260 990 293 VERs.
1011 259 1158 304 9.-Ν.
1179 249 1229 290 61
1238 250 1276 290 8.
1595 257 1704 319 1559

219 375 293 418 hic
314 390 392 430 per
411 375 821 416 “amaricationem
838 373 1010 415 ventris
1023 372 1044 388 ”
1060 371 1349 426 significatur.
1395 370 1553 411 Paucis
1567 370 1705 411 etiam

218 440 394 480 dicetur
423 438 527 492 quid
559 451 639 492 per
663 438 851 478 interius
882 437 926 477 in
952 435 1123 481 Verbo.
1151 434 1238 475 hoc
1271 440 1357 482 est,
1382 447 1461 487 per
1492 433 1707 474 interiora

219 502 373 551 Verbi,
397 501 686 555 significatur.
748 500 972 541 Interiora
997 499 1139 540 Verbi
1165 504 1269 539 sunt
1301 497 1378 538 illa
1403 511 1517 550 quae
1549 494 1709 536 sensus

218 565 312 618 ejus
336 566 538 606 internus
560 579 638 606 seu
660 563 905 618 spiritualis
923 563 1130 604 continet
1147 576 1157 612 ;
1184 561 1296 602 haec
1315 575 1422 602 vera
1437 566 1542 601 sunt
1563 572 1707 612 genu-

218 628 293 669 ina
326 642 459 678 vera;
501 627 569 668 his
607 627 968 680 correspondent
999 639 1106 666 vera
1142 624 1372 665 exteriora
1403 622 1559 670 Verbi,
1593 635 1708 675 quae

219 696 324 731 sunt
349 700 463 744 quae
488 691 532 731 in
558 703 690 731 sensu
716 689 809 742 ejus
835 695 1031 730 externo
1057 701 1135 728 seu
1161 686 1357 727 naturali
1379 692 1499 733 sunt,
1523 685 1597 738 qui
1624 699 1706 725 vo-

219 759 348 794 catur
369 767 526 794 sensus
548 753 729 794 litterae
752 758 798 793 et
822 751 1059 792 litteralis:
1093 750 1275 804 quando
1298 750 1529 790 exteriora
1550 748 1707 794 Verbi,

219 829 298 856 seu
322 829 429 856 vera
455 815 595 856 Verbi
620 816 663 855 in
686 828 819 855 sensu
842 813 1022 855 litterae
1045 819 1091 854 et
1118 812 1319 860 litterali,
1343 811 1639 852 falsificantur
1660 817 1708 851 et

219 877 547 927 adulterantur,
576 884 684 918 tunc
707 891 814 918 vera
838 877 1053 917 interiora
1075 875 1217 916 Verbi
1242 875 1480 916 falsificata
1506 882 1552 916 et
1579 874 1709 915 adul-

220 946 370 981 terata
396 947 529 990 sunt;
562 947 838 994 quapropter
862 952 963 980 curn
995 938 1134 979 homo
1161 938 1364 989 Verbum
1396 939 1440 978 in
1467 951 1602 979 sensu
1634 937 1709 978 lit-

220 1009 345 1044 terae
384 1003 584 1057 applicat
626 1003 756 1043 malis
795 1015 998 1043 amorum
1040 1002 1335 1048 terrestrium,
1369 1007 1477 1041 tunc
1517 1000 1567 1041 fit
1599 1000 1710 1041 illud

220 1065 410 1119 angelis,
438 1067 512 1120 qui
534 1067 578 1106 in
604 1079 739 1106 sensu
766 1062 907 1106 Verbi
933 1066 1113 1106 interno
1139 1078 1216 1105 seu
1248 1063 1468 1117 spirituali
1494 1069 1614 1111 sunt,
1642 1063 1709 1103 in-

216 1127 487 1181 jucundum;
515 1135 562 1169 et
585 1128 873 1180 injucundum
895 1127 982 1168 hoc
1005 1134 1075 1168 est
1101 1127 1217 1167 sicut
1243 1126 1533 1178 injucundum
1556 1127 1709 1166 amari.

222 1190 298 1231 Ex
319 1190 388 1231 his
407 1198 617 1232 constare
632 1197 788 1245 potest
805 1191 925 1244 quod
944 1204 1022 1244 per
1036 1190 1156 1243 quod
1178 1189 1396 1230 “libellus
1411 1189 1678 1230 amaricabit
1691 1189 1711 1203 ”

221 1259 269 1294 et
290 1254 639 1294 “amaricaverit
660 1260 868 1295 ventrem
883 1253 901 1268 ’'
924 1252 1202 1306 significetur
1224 1252 1344 1305 quod
1363 1251 1566 1292 Verbum
1589 1258 1710 1292 esset

222 1315 409 1356 interius
430 1316 732 1369 injucundum.
792 1315 882 1357 Sed
905 1315 1209 1368 injucundum,
1233 1315 1290 1355 de
1307 1329 1397 1368 quo
1419 1328 1536 1355 nunc
1560 1312 1711 1355 actum

222 1384 308 1426 est,
341 1385 412 1419 est
452 1379 740 1431 injucundum
782 1378 1040 1432 spirituale;
1072 1385 1119 1419 at
1158 1378 1448 1430 injucundum
1481 1378 1711 1432 spirituale

222 1441 453 1488 naturales
465 1442 585 1495 quod
608 1443 746 1482 etiam
770 1442 841 1482 hic
866 1455 944 1495 per
965 1442 1375 1482 “amaricationem
1388 1440 1407 1455 ’³
1429 1441 1552 1481 illam
1576 1440 1711 1481 intel-

223 1504 391 1557 ligitur,
419 1511 489 1545 est
515 1505 636 1558 quod
663 1518 817 1546 verum
844 1503 1090 1552 dotstrinae,
1118 1504 1239 1558 quod
1268 1505 1455 1544 interius
1482 1504 1713 1556 colligitur

225 1581 286 1608 ex
317 1580 450 1608 sensu
482 1567 663 1608 litterae
690 1567 845 1615 Verbi,
871 1574 918 1608 et
950 1574 1140 1608 vocatur
1170 1580 1329 1607 sensus
1362 1567 1572 1607 litteralis
1603 1566 1710 1619 ejus,

223 1630 282 1671 sit
306 1629 594 1682 injucundum
619 1630 706 1670 illis
729 1631 803 1684 qui
828 1631 871 1670 in
897 1629 1020 1670 salsis
1042 1630 1149 1670 mali
1174 1636 1306 1679 sunt;
1340 1631 1490 1682 agitur
1511 1630 1631 1670 enim
1655 1630 1712 1670 de

223 1691 459 1734 intellectu
475 1693 617 1734 Verbi
640 1693 696 1733 ab
714 1693 970 1733 hominibus
988 1692 1207 1733 ecclesiae
1231 1693 1274 1732 in
1297 1691 1384 1732 fine
1403 1692 1510 1744 ejus,
1530 1692 1712 1746 quando

226 1755 426 1809 plerique
452 1756 495 1795 in
521 1754 642 1795 falsis
669 1769 729 1795 ex
756 1755 878 1795 malo
905 1762 1036 1804 sunt;
1065 1762 1111 1795 et
1144 1761 1252 1795 tunc
1279 1755 1392 1795 falsa
1418 1755 1524 1795 mali
1550 1755 1712 1796 confir-

226 1825 351 1859 mata
375 1832 434 1858 ex
461 1831 595 1858 sensu
622 1817 804 1858 litterae
831 1817 972 1858 Verbi
1004 1817 1092 1858 illis
1124 1815 1356 1870 [¹]jucunda
1387 1825 1507 1865 sunt,
1536 1824 1584 1859 at
1606 1832 1714 1859 vera

225 1880 493 1922 confirmata
524 1894 583 1921 ex
616 1894 751 1921 sensu
792 1880 979 1921 litterali
1011 1880 1155 1921 Verbi
1193 1880 1280 1920 illis
1313 1880 1581 1933 injucunda;
1624 1881 1711 1922 hoc

225 1957 403 1996 quoque
435 1942 716 1996 significatur
747 1957 826 1996 per
857 1943 975 1996 quod
1006 1942 1225 1983 “libellus
1257 1945 1571 1984 amaricaverit
1602 1957 1712 1984 ven·

226 2005 382 2054 trem,”
418 2012 464 2046 et
500 2006 621 2059 quod
654 2006 738 2045 “in
775 2019 852 2046 ore
887 2005 1018 2046 suerit
1055 2006 1171 2046 sicut
1208 2006 1297 2046 mel
1335 2006 1518 2046 dulcis.”
1579 2005 1714 2059 Quod

232 2072 470 2108 “amarum
481 2067 501 2083 ’¹
532 2067 755 2121 significet
796 2081 949 2108 verum
991 2068 1097 2108 boni
1139 2068 1462 2117 adulteratum,
1500 2076 1713 2110 constare

227 2131 364 2172 etiam
395 2137 551 2184 potest
578 2145 637 2171 ex
662 2130 831 2178 Verbo,
859 2131 931 2171 ubi
960 2135 1200 2171 “amarum
1213 2131 1232 2145 '’
1257 2132 1444 2182 dicitur;
1478 2139 1527 2172 ut
1554 2146 1613 2173 ex
1640 2146 1711 2173 se-

227 2194 466 2247 quentibus
492 2193 560 2233 his
590 2193 700 2234 locis
717 2193 925 2246 z—Apud
951 2192 1154 2242 Esaiam,

293 2287 396 2319 “Vae
415 2287 615 2319 dicentibus
634 2287 678 2318 de
695 2287 792 2318 malo
811 2288 957 2324 bonum,
976 2293 1011 2318 et
1030 2287 1074 2318 de
1093 2288 1190 2319 bono
1210 2288 1355 2326 malum,
1375 2289 1594 2329 ponentibus
1613 2295 1716 2321 tene-

401 2332 485 2362 bras
502 2331 539 2361 in
557 2331 685 2368 lucem,
699 2337 735 2362 et
752 2331 866 2362 lucem
885 2331 921 2361 in
939 2332 1119 2368 tenebras,
1134 2332 1353 2371 ponentibus
1367 2342 1529 2363 amarum
1548 2333 1583 2363 in
1601 2333 1720 2370 dulce,-

401 2380 437 2405 et
463 2374 565 2405 dulce
594 2374 630 2405 in
655 2384 817 2405 amarum
835 2384 999 2411 ;....vae
1027 2374 1197 2406 heroibus
1226 2375 1271 2406 ad
1295 2376 1493 2415 potandum
1520 2377 1653 2414 vinum,
1681 2383 1717 2408 et

400 2417 486 2448 viris
503 2418 645 2448 roboris
663 2418 708 2448 ad
726 2417 949 2449 miscendum
973 2417 1152 2449 siceram''
1169 2418 1214 2457 (v.
1233 2427 1284 2456 20,
1302 2419 1374 2459 22):

229 2509 348 2563 quod
370 2509 539 2550 bonum
561 2515 608 2550 et
631 2523 785 2550 verum
803 2509 1110 2550 adulteratum
1132 2510 1203 2551 hic
1228 2524 1306 2564 per
1331 2515 1356 2531 “
1373 2511 1605 2552 amarum⁷'
1622 2513 1716 2565 sig-

230 2570 447 2620 nificetur,
481 2578 637 2624 patet;
680 2585 785 2612 nam
822 2572 998 2620 dicitur,
1037 2572 1178 2613 “Vae
1215 2573 1470 2614 dicentibus
1507 2574 1563 2614 de
1595 2575 1717 2615 malo

229 2633 412 2683 bonum,
435 2640 482 2675 et
508 2634 564 2674 de
590 2635 712 2675 bono
737 2634 920 2682 malum,
946 2635 1218 2688 ponentibus
1242 2637 1455 2677 tenebras
1480 2637 1524 2677 in
1551 2637 1713 2685 lucem,

230 2702 278 2736 et
309 2695 454 2737 lucem
485 2697 529 2736 in
562 2697 774 2737 tenebras
792 2697 826 2746 ;”
869 2710 947 2750 per
986 2711 1100 2750 quae
1132 2698 1410 2751 significatur
1440 2699 1716 2740 adulteratio

232 2757 339 2798 boni
369 2764 416 2799 et
442 2758 694 2799 falsificatio
719 2760 840 2809 veri;
879 2758 1160 2800 adulteratur
1190 2761 1308 2801 enim
1340 2761 1508 2802 bonum
1534 2763 1715 2815 quando

236 2819 440 2860 “bonum
472 2821 634 2862 dicitur
665 2821 874 2869 malum,'’
905 2828 951 2862 et
983 2822 1164 2875 quando
1197 2823 1407 2864 “malum
1439 2824 1602 2865 dicitur
1632 2825 1713 2864 bo-

233 2894 338 2922 num
354 2881 389 2933 ;‘’
430 2889 476 2924 et
507 2882 771 2925 falsificatur
802 2897 955 2925 verum
987 2885 1166 2938 quando
1201 2886 1454 2927 “tenebrae
1484 2893 1712 2940 ponuntur
