1962 3334
237 294 252 323 I
262 284 343 337 386
646 296 980 331 APOCALYPSIS
1011 299 1312 333 EXPLICATA.

229 407 379 459 agitur
414 408 473 449 ibi
509 407 565 449 de
606 407 692 450 fine
725 410 957 460 ecclesiae,
990 412 1170 465 quando
1208 426 1296 454 non
1330 410 1484 454 verum
1516 413 1721 468 amplius,

228 482 332 511 nam
359 472 604 524 praecedit,

304 561 322 574 ‘⁴
335 559 512 593 Homines
533 562 583 593 tui
603 562 723 603 gladio
743 563 881 600 cadent,
899 569 934 595 et
951 564 1058 596 robur
1078 570 1176 596 tuum
1199 565 1234 596 in
1249 545 1371 596 bello⁶''
1386 563 1494 607 ([cap.
1510 566 1556 598 iii.
1572 563 1654 608 25])‚

228 668 307 708 per
329 669 442 710 quae
465 656 745 709 significatur
767 658 886 711 quod
912 658 1169 701 intellectus
1192 662 1283 701 veri
1310 674 1387 713 per
1412 660 1523 701 falsa
1545 661 1722 702 destru-

227 718 340 762 etur,
369 719 416 754 ut
444 727 534 754 non
561 714 819 755 resistentia
844 715 886 755 in
914 717 1075 769 pugnis
1101 716 1321 769 amplius;
1355 723 1400 758 et
1428 717 1641 771 sequitur,

305 810 322 823 “
338 808 379 840 In
393 809 450 841 die
469 810 530 841 illo
548 810 615 842 erit
632 821 780 851 germen
798 810 956 853 Jehovae
975 812 1010 843 in
1028 812 1135 844 decus
1153 819 1187 844 et
1206 813 1358 853 gloriam
1371 812 1388 825 '¹
1402 811 1508 855 ([cap.
1523 814 1568 846 iv.
1581 811 1641 856 2]),

224 910 304 950 per
329 911 442 951 quae
468 898 747 952 significatur
772 900 892 953 quod
919 913 1073 941 verum
1106 902 1149 941 in
1177 901 1368 942 ecclesia
1394 916 1417 942 e
1445 915 1563 943 novo
1589 916 1720 943 enas-

225 967 363 1009 cetur‚
391 962 494 1014 quia
519 961 596 1002 illa
628 960 749 1003 dicta
774 969 878 1004 sunt
911 963 966 1004 de
998 964 1198 1004 adventu
1232 964 1427 1006 Domini.
1489 965 1571 1006 Per
1601 965 1721 1019 quod

227 1027 441 1075 “septem
474 1025 681 1066 mulieres
713 1026 1058 1078 apprehendent
1084 1040 1220 1068 unum
1245 1028 1386 1068 virum
1400 1028 1418 1043 '’
1444 1027 1721 1081 significatur

224 1087 344 1140 quod
382 1101 441 1127 ex
479 1086 716 1129 affectione
749 1089 1045 1130 desideraturi
1077 1097 1122 1131 et
1155 1091 1397 1144 quaesituri
1429 1092 1518 1132 sint
1549 1105 1719 1140 verum,

222 1149 301 1189 sed
343 1163 433 1190 non
474 1151 724 1202 inventuri;
767 1165 847 1204 per
879 1152 1090 1193 “virum''
1122 1152 1400 1205 significatur
1436 1167 1606 1203 verum,
1641 1168 1720 1208 per

225 1212 470 1253 “mulieres
483 1213 501 1228 '¹
518 1212 778 1255 affefflones
801 1229 878 1256 seu
897 1215 1117 1256 desideria
1139 1217 1195 1256 ad
1220 1230 1388 1265 verum,
1407 1223 1454 1258 et
1477 1231 1556 1270 per
1579 1221 1718 1271 “sep-

222 1281 317 1317 tem
331 1275 350 1291 ''
366 1275 598 1317 sanctum:
632 1278 753 1331 quod
776 1291 865 1318 non
883 1278 1107 1319 inventuri
1130 1277 1473 1320 instructionem
1496 1280 1540 1320 in
1561 1281 1719 1334 genui·
1768 1331 1775 1338 θ

222 1340 288 1380 nis
324 1340 441 1380 veris
476 1346 523 1381 et
563 1341 625 1381 sic
664 1341 960 1382 nutritionem
998 1342 1288 1394 spiritualem,
1327 1342 1605 1395 significatur
1641 1357 1721 1397 per

221 1402 341 1456 quod
368 1403 521 1444 dicent
546 1404 751 1444 “Panem
775 1411 979 1445 nostrum
1006 1406 1312 1453 comedemus,
1337 1413 1382 1446 et
1409 1412 1538 1447 veste
1564 1413 1719 1448 nostra

221 1466 455 1507 induemus
482 1480 564 1507 nos
581 1466 615 1518 ;'’
649 1467 848 1520 “panis’‘
874 1467 1098 1521 significat
1130 1467 1473 1510 instruffionem
1500 1476 1546 1511 et
1578 1471 1718 1511 nutri-

221 1530 393 1570 tionem
435 1529 730 1582 spiritualem,
768 1537 815 1572 et
853 1530 1061 1572 “vestis''
1098 1545 1251 1572 verum
1293 1532 1484 1573 induens
1520 1533 1715 1583 bonum;

220 1592 340 1646 quod
368 1593 505 1634 modo
537 1594 594 1634 sit
626 1607 782 1634 verum
809 1594 929 1647 quod
955 1594 1168 1647 applicari
1201 1596 1356 1648 possit,
1384 1601 1430 1636 et
1463 1608 1541 1648 per
1571 1596 1715 1649 appli-

220 1656 446 1696 cationem
471 1655 695 1710 conjungi,
716 1655 991 1709 significatur
1015 1670 1092 1710 per
1111 1660 1327 1698 “tantum
1352 1658 1488 1699 modo
1511 1660 1715 1699 nomine-

219 1725 291 1759 tur
317 1723 483 1760 nomen
511 1726 636 1761 tuum
669 1733 802 1773 super
835 1720 968 1761 nos:'’
1005 1727 1051 1761 et
1084 1722 1185 1774 quia
1217 1735 1351 1762 omne
1384 1722 1521 1762 decus
1553 1729 1624 1764 est
1655 1737 1715 1764 ex

218 1781 453 1823 affectione
491 1782 710 1835 spirituali
749 1784 842 1824 veri
878 1790 925 1824 et
962 1784 1065 1824 inde
1103 1782 1435 1836 conjunctione,
1468 1792 1515 1826 et
1551 1785 1716 1840 alioqui

219 1859 308 1886 non
341 1846 492 1894 decus,
526 1846 628 1886 ideo
659 1846 821 1887 dicitur
853 1846 1100 1900 “Collige’'
1132 1861 1209 1887 seu
1242 1847 1353 1888 tolle
1388 1849 1715 1901 “opprobrium

220 1908 464 1949 nostrum.”
524 1908 663 1962 Apud
689 1909 952 1959 Jeremiam,

285 2005 303 2018 ¹¹
315 2003 517 2042 Revertere‚
529 2005 631 2044 virgo
642 2004 763 2043 Israel,
774 2011 952 2036 revertere
966 2005 1010 2037 ad
1021 2006 1127 2037 urbes
1141 2011 1218 2037 tuas
1236 2004 1332 2047 [has]
1349 2016 1355 2043 ;
1376 2016 1559 2047 quousque
1569 2007 1717 2038 circum-

392 2049 595 2088 vagaberis.
611 2073 618 2080 .
632 2073 639 2080 .
655 2073 662 2080 .
678 2050 692 2080 ?
719 2049 802 2089 quia
821 2049 954 2080 creavit
972 2049 1134 2091 Jehovah
1156 2060 1287 2081 novum
1314 2051 1349 2081 in
1371 2056 1474 2088 terra,
1494 2050 1629 2082 femina
1651 2051 1717 2082 cir-

390 2092 570 2123 cumdabit
587 2092 702 2123 virum
713 2092 731 2104 ’⁷
745 2092 852 2132 (xxxi.
867 2101 918 2131 21,
934 2095 1008 2133 22):

216 2180 365 2233 agitur
389 2179 459 2220 hic
484 2179 539 2220 de
563 2180 831 2232 captivitate
854 2179 1087 2233 spirituali,
1111 2181 1154 2220 in
1183 2194 1269 2234 qua
1292 2180 1372 2220 fuit
1395 2179 1586 2221 ecclesia
1608 2186 1714 2222 ante

217 2243 399 2283 Domini
417 2243 675 2283 adventum.
738 2242 945 2284 Ecclesia
963 2243 1124 2284 dicitur
1146 2244 1188 2283 in
1212 2243 1478 2296 captivitate
1497 2244 1714 2296 spirituali

217 2320 315 2347 esse
341 2306 523 2360 quando
549 2319 638 2346 non
665 2320 819 2346 verum
847 2313 893 2347 et
925 2320 1064 2360 usque
1092 2306 1397 2357 desideratur;
1430 2308 1474 2347 in
1500 2307 1580 2348 tali
1607 2321 1713 2361 cap·

216 2370 395 2410 tivitate
427 2369 602 2410 fuerunt
635 2376 798 2422 gentes
830 2370 948 2422 apud
981 2383 1090 2423 quas
1122 2369 1314 2410 ecclesia
1344 2370 1594 2411 instaurata
1630 2377 1713 2412 est.

218 2433 518 2481 “Revertere‚
546 2433 673 2485 virgo
700 2432 854 2481 Israel,
882 2440 1108 2473 revertere
1135 2433 1191 2473 ad
1219 2433 1351 2473 urbes
1378 2433 1517 2482 tuas,”
1543 2433 1712 2487 signifi—

215 2503 289 2538 cat
322 2496 441 2549 quod
473 2496 657 2536 redituri
690 2497 779 2536 sint
811 2496 868 2536 ad
900 2509 1006 2536 vera
1037 2494 1297 2546 doctrinam
1340 2497 1509 2549 “virgo
1542 2497 1714 2538 Israel'’

214 2566 285 2600 est
316 2559 520 2607 ecclesia,
555 2565 601 2600 et
635 2559 804 2600 “urbes
842 2558 963 2612 ejus”
995 2565 1099 2600 sunt
1130 2573 1236 2599 vera
1268 2558 1528 2600 doctrinae:
1573 2561 1714 2613 “quia

215 2622 384 2663 creavit
404 2621 609 2674 Jehovah
628 2635 794 2663 novum
817 2623 860 2662 in
883 2629 1017 2671 terra,
1037 2622 1200 2663 femina
1219 2622 1513 2663 circumdabit
1531 2623 1712 2672 virum,’'

214 2685 438 2739 significat
465 2686 585 2739 quod
611 2685 905 2726 instauranda
927 2686 985 2726 sit
1013 2699 1129 2726 nova
1151 2685 1356 2734 ecclesia,
1381 2686 1424 2726 in
1447 2699 1533 2740 qua
1557 2699 1711 2727 verum

215 2748 513 2801 conjungetur
543 2762 648 2789 suae
680 2747 930 2799 affectioni;
975 2752 1164 2789 “creare
1192 2762 1357 2789 novum
1388 2749 1433 2788 in
1465 2748 1615 2789 terra‘'
1640 2755 1711 2790 est

215 2813 462 2852 instaurare
479 2825 645 2853 novum
663 2812 786 2862 illud,
805 2815 829 2832 “
842 2811 1036 2854 femina''
1053 2818 1122 2853 est
1141 2812 1331 2852 ecclesia
1349 2812 1496 2865 quoad
1511 2810 1709 2853 affectio-

214 2887 318 2915 nem
344 2875 450 2923 veri,
481 2876 583 2916 “vir
596 2875 614 2891 ”
642 2881 712 2917 est
739 2888 908 2925 verum,
937 2881 983 2917 et
1011 2875 1324 2917 “circumdare
1337 2875 1356 2891 ''
1382 2881 1452 2916 est
1484 2874 1708 2928 conjungi.

213 2938 352 2992 Apud
378 2937 582 2989 Esaiam,

1941 2689 1962 3113 gmfflahusfflffl›
1955 2575 1962 2684 *2¹,-2
1958 2531 1962 2562 „..„

1933 3293 1962 3332 ld
1941 3120 1962 3286 *svam—³⁷,
