1962 3334
590 244 697 277 CAP.
721 245 802 286 lx„
825 244 963 278 VERs.
991 235 1159 278 16.—N.
1185 227 1351 305 573[ξι].
1438 285 1446 290 >
1605 247 1711 290 1433

227 355 348 409 quod
382 355 656 410 “projecerit
688 358 933 398 veritatem
969 357 1014 398 in
1046 363 1213 399 terram
1230 357 1267 398 :'‘
1308 371 1387 411 per
1419 358 1710 411 “Principem

226 419 487 460 exercitus”
507 419 777 472 intelligitur
799 420 1035 469 Dominus,
1059 421 1134 474 qui
1155 421 1295 461 etiam
1320 420 1563 474 “Jehovah
1587 420 1711 461 Deus

226 479 467 522 Zebaoth”
496 496 574 523 seu
603 481 969 523 “Exercituum”
991 490 1205 524 vocatur:
1242 483 1363 537 quod
1389 484 1535 523 omnis
1561 482 1710 524 cultus

225 557 285 584 ex
317 544 439 585 bono
473 546 639 585 amoris
674 552 720 586 et
756 546 873 586 veris
909 544 1012 586 fidei
1047 546 1284 599 periturus,
1318 544 1597 599 significatur
1631 558 1711 599 per

0 604 7 637 l
224 606 345 659 quod
380 606 509 660 “Ipsi
539 607 769 648 sublatum
801 608 859 648 sit
886 607 1008 661 juge,
1041 614 1088 649 et
1120 606 1367 661 projectum
1399 607 1709 648 habitaculum

224 666 463 710 sanctuarii
491 669 685 723 Ipsius:''
721 670 841 724 quod
867 670 953 711 hoc
979 670 1175 712 futurum
1201 671 1260 712 sit
1291 671 1336 711 in
1361 670 1449 712 fine
1474 670 1708 718 ecclesiae,

224 731 406 784 quando
443 731 664 773 Dominus
705 733 749 772 in
791 733 1008 773 mundum
1045 740 1276 782 venturus,
1315 732 1595 786 significatur
1630 747 1710 786 per

226 797 404 847 “usque
434 794 491 834 ad
522 808 758 848 vesperam
784 808 916 836 mane
933 795 969 846 ;'’
999 810 1078 849 per
1106 800 1378 850 “vesperam
1390 795 1409 810 ”
1431 794 1710 849 significatur

223 855 432 897 ultimum
457 863 637 911 tempus
659 857 878 899 ecclesiae
900 859 1082 907 veteris,
1106 865 1153 900 et
1181 873 1260 912 per
1283 863 1455 900 “mane
1470 858 1490 873 ”
1513 859 1706 912 primum

223 924 403 972 tempus
433 919 651 961 ecclesiae
683 934 840 962 novae.
901 920 1036 974 Quod
1072 921 1224 974 angeli
1254 921 1463 962 dicantur
1495 922 1708 963 “exerci-

222 980 336 1030 tus‚”
360 989 543 1023 constat
568 996 627 1023 ex
653 982 722 1023 his
750 982 860 1024 locis
876 983 1087 1037 :—Apud
1112 984 1297 1034 Joelem,

288 1075 479 1118 “Jehovah
499 1077 611 1109 edidit
633 1087 759 1109 vocem
784 1088 886 1110 suam
909 1088 1031 1110 coram
1055 1079 1212 1111 exercitu
1234 1089 1312 1118 suo,
1338 1089 1422 1111 nam
1447 1089 1582 1120 magna
1604 1079 1708 1111 valde

394 1127 510 1152 castra
527 1120 672 1161 Ipsius”
689 1122 735 1160 (ii.
755 1122 828 1161 11);

221 1201 341 1255 apud
367 1201 646 1251 Sachariam,

287 1280 306 1292 “
315 1278 444 1310 Castra
454 1289 587 1319 ponam
598 1281 721 1312 domui
732 1291 833 1312 meae
846 1281 890 1313 de
901 1282 1067 1320 exercitu,
1079 1288 1226 1322 propter
1235 1282 1426 1314 abeuntem
1438 1288 1474 1314 et
1484 1282 1706 1321 redeuntem,

393 1329 433 1354 ut
449 1332 522 1354 non
540 1330 701 1355 transeat
716 1325 871 1365 amplius
888 1335 995 1366 super
1010 1335 1074 1357 eos
1090 1324 1239 1357 exuitor
1250 1325 1269 1337 '⁹
1285 1326 1344 1366 (ix⁴
1363 1327 1416 1366 8);

220 1404 340 1458 apud
363 1404 598 1454 Davidem,

282 1481 517 1514 “Benedicite
539 1482 700 1525 Jehovae
719 1493 846 1516 omnes
864 1484 1041 1516 exercitus
1061 1484 1189 1525 Ipsius,
1210 1485 1367 1517 ministri
1393 1485 1510 1526 Ipsius
1529 1485 1704 1518 facientes

393 1526 616 1558 voluntatem
642 1527 787 1568 Ipsius'’
804 1527 877 1567 (Ps.
894 1528 964 1560 ciii.
982 1528 1057 1568 21);

219 1607 265 1648 in
289 1607 425 1649 Libro
443 1608 600 1649 Primo
619 1609 804 1662 Regum,

0 1693 11 1716 t
286 1689 430 1722 Michah
446 1691 623 1731 propheta
637 1692 725 1723 dixit
738 1692 783 1723 ad
794 1701 925 1732 regem,
938 1693 956 1706 ¹¹
966 1692 1048 1723 Vidi
1061 1691 1238 1734 Jehovarn
1252 1693 1437 1724 sedentem
1452 1703 1561 1733 super
1574 1693 1704 1724 throno

393 1743 470 1771 sue,
494 1741 531 1765 et
557 1735 765 1766 universum
790 1735 985 1766 exercitum
1009 1736 1189 1767 caelorum
1214 1742 1370 1767 stantem
1398 1736 1500 1776 juxta
1525 1736 1658 1777 Ipsum,
1682 1747 1705 1768 a

392 1777 523 1860 ἱίξέἰῐίῐεὶ
530 1777 648 1861 Ipsi138
660 1784 697 1810 et
709 1788 731 1809 a
740 1778 887 1810 sinistra
899 1778 1027 1819 Ipsius,
1036 1804 1044 1811 .
1058 1804 1066 1811 .
1080 1803 1088 1811 .
1101 1786 1153 1811 .et
1164 1779 1254 1811 dixit
1266 1779 1323 1810 hic
1336 1780 1441 1811 aliter
1450 1786 1487 1811 et
1497 1780 1558 1811 ille
1571 1780 1676 1812 aliter
1685 1779 1704 1791 '¹

480 1845 488 1853 ·
527 1831 557 1861 9.
576 1829 618 1852 20
643 1831 651 1859 ;

218 1902 264 1943 in
288 1901 572 1957 Apocalypsi,

283 1986 303 1999 ⁴¹
314 1984 498 2017 Exercitus
518 1985 636 2026 Ipsius
655 1987 692 2017 in
709 1987 810 2018 caelo
828 1988 1068 2028 sequebantur
1082 1986 1205 2028 Ipsum
1222 1997 1329 2029 super
1344 1989 1445 2030 equis
1460 1988 1565 2027 albis,
1585 1988 1703 2021 induti

391 2029 580 2070 byssinum
596 2030 716 2061 album
733 2036 768 2061 et
785 2030 986 2062 mundum”
1003 2030 1086 2070 (xix.
1106 2031 1180 2071 14);

217 2110 265 2145 et
290 2103 410 2153 alibi,

283 2179 394 2212 ··Vidi
412 2180 564 2212 bestiam
582 2186 618 2212 et
636 2190 739 2221 reges
758 2188 885 2218 terrae,
902 2188 938 2213 et
956 2181 1134 2214 exercitus
1150 2192 1275 2214 eorum
1293 2190 1533 2224 congregatos
1552 2184 1598 2215 ad
1616 2183 1703 2215 faci·

389 2224 793 2308 ἵηςξυιιξ,ἲ()ξί111ζυιξ9)ωω
819 2225 974 2256 Sedente
998 2235 1106 2266 super
1132 2235 1224 2267 equo
1252 2227 1345 2265 albo,
1370 2234 1406 2258 et
1436 2236 1516 2258 cum
1544 2227 1703 2259 exercitu

410 2276 509 2307 psius
629 2292 637 2299 .
712 2292 720 2299 .

218 2362 352 2417 Quod
383 2364 534 2418 angeli
566 2366 836 2418 congregati
868 2379 946 2406 seu
977 2367 1259 2408 consociatio
1289 2367 1468 2408 illorum
1493 2368 1702 2409 dicantur

219 2427 525 2475 “exercitus‚”
550 2434 620 2468 est
647 2429 750 2481 quia
774 2441 851 2481 per
876 2428 1144 2481 “angelos,’'
1166 2429 1372 2471 similiter
1397 2443 1449 2471 ac
1475 2445 1555 2484 per
1579 2436 1700 2472 “ex-

216 2489 421 2538 ercitus,’'
447 2490 757 2543 significantur
784 2491 949 2531 Divina
973 2505 1080 2532 vera
1110 2499 1157 2533 et
1188 2492 1322 2542 bona,
1350 2495 1562 2547 quoniam
1594 2501 1699 2535 sunt

215 2550 486 2604 recipIenteS
507 2551 687 2591 illorum
708 2565 734 2592 a
749 2551 948 2592 Domino
970 2563 1024 2599 (de
1039 2572 1103 2600 qua
1121 2572 1154 2593 re
1168 2564 1313 2594 vidoetur
1326 2574 1431 2602 supra,
1446 2574 1478 2595 n.
1499 2565 1588 2606 130,
1605 2565 1700 2600 200,

218 2619 329 2661 302).
386 2609 462 2650 Ex
492 2624 548 2651 eo
577 2612 716 2651 etiam
746 2618 815 2651 est
851 2612 972 2664 quod
1006 2611 1084 2652 filii
1117 2612 1314 2662 Israelis,
1343 2615 1447 2667 quia
1481 2628 1561 2667 per
1594 2614 1699 2655 illos

216 2670 525 2724 significantur
549 2672 768 2713 ecclesiae
795 2687 900 2714 vera
925 2679 972 2714 et
998 2673 1132 2723 bona,
1159 2675 1367 2716 dicantur
1392 2676 1699 2724 “exercitus,‘’

216 2740 266 2776 ut
290 2734 335 2775 in
360 2735 653 2788 sequentibus
679 2735 790 2776 locis
806 2734 1017 2790 :—Apud
1042 2735 1209 2786 Mosen,

281 2829 470 2871 “jehovah
493 2830 592 2867 dixit,
611 2830 759 2862 Educite
779 2830 872 2862 filios
893 2830 1038 2863 Israelis
1061 2842 1081 2864 e
1106 2838 1199 2864 terra
1220 2833 1376 2875 Aegypti
1399 2833 1501 2875 juxta
1520 2834 1699 2867 exercitus

388 2883 513 2906 eorum
525 2873 544 2886 ”
560 2873 683 2914 (Exod.
701 2874 746 2906 vi.
764 2875 841 2914 26),
