1962 3334
559 273 665 306 cAP.
689 272 749 313 x.,
773 272 911 304 VERs.
941 272 1109 303 11.-N.
1131 262 1302 317 624[a].
1565 271 1673 315 1579

186 383 428 437 injucunda
463 388 587 434 sunt,
631 390 678 425 et
721 384 843 438 quod
881 384 1092 425 ultimum
1130 383 1347 437 judicium
1385 396 1477 423 non
1514 383 1671 423 veniat

185 446 444 500 priusquam
465 447 801 488 consummatio
826 453 912 495 est,
935 446 1023 491 hoc
1046 453 1132 495 est,
1155 447 1339 499 quando
1361 459 1452 486 non
1475 444 1670 498 amplius
1698 479 1701 481 .

185 508 369 561 aliquod
391 509 560 549 bonum
585 516 632 550 et
653 522 808 550 verum
830 515 1037 562 superest
1058 509 1176 563 apud
1203 509 1411 549 homines
1433 507 1669 555 ecclesiae,

184 575 254 610 est
279 583 415 610 causa
440 585 554 624 quae
579 572 623 612 in
649 571 819 611 mundo
845 585 1028 624 prorsus
1058 571 1221 624 ignota
1250 577 1337 620 est,
1364 570 1444 610 sed
1470 570 1514 610 in
1540 569 1671 610 caelo

185 638 322 672 nota:
355 645 535 686 nempe,
561 639 666 674 su‘nt
691 633 781 673 duo
805 646 977 686 genera
1001 633 1235 673 hominum
1262 646 1395 686 super
1419 645 1532 685 quos
1553 630 1670 683 judi-

185 694 303 734 cium
329 694 405 745 fit;
438 708 574 735 unum
600 709 744 748 genus
769 696 979 736 consistit
1005 709 1064 736 ex
1087 695 1255 748 probis,
1279 695 1476 735 alterum
1501 707 1562 734 ex
1587 694 1671 734 im-

185 754 338 808 probis
356 771 366 807 ;
397 757 526 810 probi
543 764 648 798 sunt
668 757 823 810 angeli
844 758 888 798 in
910 757 1072 798 ultimo
1094 757 1239 806 caelo,
1259 770 1449 810 quorum
1467 756 1672 810 plerique

184 824 290 858 sunt
316 819 558 872 simplices,
581 834 641 861 ex
663 833 800 861 causa
820 821 925 873 quia
949 833 1040 860 non
1062 820 1366 860 excoluerunt
1384 817 1671 859 intellectum

183 881 301 921 veris
323 881 624 930 interioribus,
647 882 728 923 sed
750 882 896 922 solum
919 882 1226 923 exterioribus
1248 895 1308 922 ex
1330 895 1467 922 sensu
1485 881 1671 921 litterae

185 941 343 992 Verbi,
359 944 608 984 secundum
625 958 738 998 quae
753 945 967 985 vixerunt
984 959 994 995 3
1020 944 1124 985 inde
1142 950 1212 984 est
1228 943 1348 997 quod
1367 956 1496 984 mens
1514 955 1671 983 eorum

185 1005 447 1057 spiritualis,
465 1020 581 1059 quae
596 1013 667 1047 est
685 1020 813 1047 mens
830 1007 1030 1055 interior,
1044 1019 1135 1046 non
1154 1006 1335 1059 quidem
1351 1006 1506 1047 clausa
1519 1005 1668 1053 suerit,

184 1067 265 1107 sed
284 1080 368 1108 nec
386 1075 546 1121 aperta
563 1070 678 1109 sicut
696 1069 815 1122 apud
830 1069 934 1109 illos
951 1069 1026 1122 qui
1042 1069 1260 1109 interiora
1276 1082 1383 1108 vera
1399 1075 1671 1121 receperunt

183 1127 390 1170 doctrina
410 1137 457 1171 et
478 1131 574 1171 vita
593 1145 602 1181 ;
634 1131 739 1171 inde
761 1138 831 1172 est
853 1131 975 1184 quod
992 1131 1142 1184 quoad
1166 1131 1419 1183 spiritualia
1439 1130 1671 1183 simplices

182 1190 302 1240 sacti,
321 1198 367 1232 et
385 1193 506 1246 quod
528 1193 737 1233 dicantur
751 1194 907 1246 probi:
935 1193 1128 1246 improbi
1150 1199 1306 1233 autem
1323 1199 1428 1234 sunt
1446 1194 1519 1245 qui
1536 1199 1670 1233 exte-

182 1254 273 1294 rius
293 1255 509 1296 vixerunt
530 1257 647 1297 sicut
669 1256 929 1306 Christiani,
953 1257 1033 1297 sed
1058 1257 1247 1297 interius
1272 1257 1317 1296 in
1338 1257 1674 1308 cogitationem

183 1322 230 1357 et
250 1317 295 1357 in
316 1317 605 1359 voluntatem
627 1319 907 1359 admiserunt
929 1319 1076 1359 omnis
1093 1320 1275 1371 generis
1293 1318 1414 1359 mala
1432 1333 1440 1369 ;
1471 1320 1533 1359 sic
1557 1326 1605 1359 ut
1627 1320 1671 1359 in

183 1385 378 1420 externa
398 1380 542 1421 forma
563 1382 855 1434 apparuerint
880 1382 995 1422 sicut
1016 1382 1183 1434 angeli,
1207 1381 1395 1421 tametsi
1420 1382 1463 1421 in
1489 1382 1672 1421 interna

181 1438 326 1481 forma
342 1449 498 1483 essent
515 1443 685 1483 diaboli
703 1457 712 1493 ;
743 1443 802 1491 hi,
822 1443 1006 1496 quando
1027 1444 1070 1483 in
1088 1443 1283 1484 alteram
1300 1444 1441 1483 vitam
1463 1443 1668 1491 veniunt,

182 1505 507 1545 consociantur
524 1511 572 1545 ut
588 1505 828 1558 plurimum
844 1505 1012 1558 probis,
1027 1506 1113 1546 hoc
1130 1513 1214 1553 est,
1231 1505 1510 1558 simplicibus
1524 1506 1670 1554 bonis,

182 1566 257 1619 qui
287 1566 332 1606 in
362 1567 524 1608 ultimo
554 1567 683 1608 caelo
714 1574 846 1618 sunt;
882 1569 1116 1608 exteriora
1147 1569 1267 1608 enim
1302 1569 1586 1615 consociant,
1614 1581 1671 1608 ac

182 1628 412 1682 simplices
437 1630 545 1670 boni
571 1630 688 1671 tales
714 1636 820 1671 sunt
846 1637 895 1671 ut
925 1631 1118 1671 credant
1149 1631 1320 1671 bonurn
1346 1644 1447 1670 esse
1473 1630 1595 1683 quod
1625 1631 1672 1670 in

182 1697 380 1732 externa
409 1692 555 1733 forma
584 1699 775 1746 apparet
805 1693 1003 1743 bonum;
1048 1693 1238 1733 ulterius
1268 1693 1554 1746 cogitatione
1577 1706 1670 1732 non

182 1761 458 1807 penetrant;
498 1756 545 1796 hi
585 1756 770 1809 (nempe
805 1756 1021 1809 improbi)
1054 1756 1112 1796 ab
1146 1756 1236 1796 illis
1268 1756 1455 1809 (nempe
1490 1755 1666 1808 probis)

183 1818 425 1870 separandi
450 1823 556 1858 sunt
583 1824 830 1871 antequam
856 1818 1072 1858 ultimum
1088 1818 1304 1870 judicium
1322 1819 1465 1866 venit,
1484 1824 1531 1858 et
1557 1831 1670 1871 quo—

183 1892 270 1932 que
302 1886 408 1933 post
443 1880 570 1928 illud,
609 1887 655 1920 et
689 1893 780 1920 non
814 1887 1084 1933 separantur
1118 1881 1201 1920 nisi
1235 1882 1518 1931 successive;
1558 1880 1670 1921 haec

183 1954 320 1982 causa
341 1948 412 1982 est
434 1943 554 1996 quod
576 1949 685 1983 ante
706 1949 888 1996 tempus
906 1943 1052 1983 ultimi
1070 1943 1224 1995 judicii
1246 1943 1505 1984 docendum
1528 1955 1670 1996 usque

184 2004 242 2045 sit
258 2003 478 2054 Verbum,
502 2006 688 2046 tametsi
710 2006 911 2054 interius,
938 2006 1024 2047 hoc
1047 2013 1133 2053 est,
1152 2006 1302 2059 quoad
1324 2006 1540 2046 interiora
1561 2005 1672 2058 ejus,

184 2066 474 2119 injucundum
513 2075 610 2118 est;
651 2082 781 2121 quae,
818 2082 983 2121 nempe
1018 2069 1249 2116 interiora,
1286 2069 1390 2121 quia
1427 2068 1674 2121 injucunda

185 2133 305 2178 sunt,
327 2130 406 2171 illa
430 2145 521 2171 non
551 2132 791 2184 recipiunt,
815 2132 895 2172 sed
926 2131 1074 2171 solum
1100 2131 1212 2171 talia
1237 2145 1296 2171 ex
1322 2145 1457 2171 sensu
1486 2132 1671 2174 litterae

185 2191 328 2233 Verbi
352 2207 467 2247 quae
493 2193 648 2234 favent
674 2194 901 2234 amoribus
927 2206 1083 2234 eorum
1105 2206 1156 2234 ac
1179 2194 1408 2246 principiis
1434 2194 1538 2235 inde
1561 2208 1670 2248 cap·-

185 2254 260 2304 tis,
286 2262 473 2308 propter
498 2270 613 2309 quae
643 2256 731 2296 illis
758 2256 962 2296 Verbum
995 2256 1145 2308 quoad
1176 2269 1359 2296 sensum
1391 2256 1575 2297 litterae
1601 2265 1673 2299 est

180 2315 454 2369 jucundum:
487 2332 566 2371 per
591 2318 703 2358 haec
726 2318 881 2371 itaque
907 2324 1180 2370 separantur
1201 2318 1330 2370 probi
1356 2318 1414 2358 ab
1439 2319 1671 2372 improbis.

159 2407 164 2411 -
187 2377 323 2431 Quod
340 2386 527 2432 propter
548 2379 665 2420 hanc
689 2393 873 2420 causam
892 2379 1188 2432 protrahatur
1204 2386 1400 2433 tempus,
1420 2387 1671 2434 antequam

186 2447 292 2494 post
329 2442 538 2482 ultimum
566 2442 781 2494 judicium
812 2455 932 2482 nova
970 2441 1165 2482 ecclesia
1199 2442 1334 2495 plene
1373 2443 1670 2491 instauratur,

187 2509 257 2543 est
287 2517 502 2544 arcanum
533 2518 558 2544 e
588 2504 720 2544 caelo
750 2504 872 2557 quod
904 2504 1040 2544 hodie
1071 2517 1162 2544 non
1193 2510 1349 2557 potest
1384 2506 1429 2544 in
1460 2506 1671 2546 intellec-

188 2571 285 2606 tum
310 2566 489 2614 cadere,
514 2567 597 2606 nisi
622 2567 741 2619 apud
768 2579 964 2619 paucos;
996 2565 1082 2606 hoc
1109 2579 1249 2619 usque
1271 2573 1342 2607 est
1361 2567 1484 2620 quod
1511 2567 1671 2607 Domi-

189 2640 271 2668 nus
295 2628 431 2670 docet
457 2629 577 2682 apud
601 2629 898 2676 stlattlzaeum,

255 2731 504 2764 “Accedentes
529 2733 623 2764 servi
651 2732 923 2763 Patrisfamilias
946 2732 1112 2764 dixerunt
1135 2733 1357 2770 ei,..Nonne
1381 2734 1516 2764 bonum
1544 2743 1670 2765 semen

361 2776 548 2807 seminasti
566 2776 602 2807 in
619 2786 707 2815 agro
725 2777 808 2807 tuo?
831 2775 925 2806 unde
943 2785 1028 2815 ergo
1046 2782 1127 2807 sunt
1144 2777 1300 2808 zizania?
1328 2801 1423 2808 .....
1434 2776 1477 2808 Et
1494 2777 1671 2814 dixerunt,

361 2818 426 2850 Vis
444 2828 529 2859 ergo
549 2821 718 2850 abeamus
738 2826 773 2850 et
792 2819 1002 2858 colligamus
1021 2820 1086 2851 ea?
1131 2819 1179 2850 At
1204 2820 1261 2851 ille
1281 2820 1378 2857 dixit,
1398 2819 1489 2856 Non,
1509 2830 1552 2850 ne
1573 2820 1673 2851 colli-

362 2862 480 2902 gendo
494 2862 628 2893 zizania
642 2863 828 2893 eradicetis
842 2862 948 2893 simul
965 2871 1043 2893 curn
1062 2863 1113 2893 eis
1131 2863 1297 2900 triticum,
1315 2863 1421 2894 sinite
1440 2863 1557 2903 itaque
1575 2869 1673 2894 utra-

362 2915 429 2946 que
448 2906 553 2937 simul
573 2915 730 2937 crescere
750 2915 861 2946 usque
886 2906 931 2937 ad
955 2915 1130 2945 messem;
1158 2913 1193 2938 et
1217 2912 1378 2947 tempore
1399 2908 1528 2937 messis
1549 2906 1668 2937 dicam
