1962 3334
261 279 364 323 1522
673 277 1007 310 APOCALYPSIS
1039 276 1339 309 EXPLICATA.

252 391 345 444 geli
376 391 704 431 descendentis
736 404 759 431 e
791 388 963 438 caelo,‘’
989 389 1111 443 quod
1143 389 1201 430 sit
1233 388 1459 430 Dominus
1485 399 1540 437 (de
1560 408 1624 436 qua
1642 407 1747 437 supra¹

251 470 282 490 n.
303 460 425 503 593);
467 457 513 491 et
544 464 603 491 ex
629 450 966 503 significatione
994 450 1201 490 “stantis
1232 463 1366 502 super
1397 449 1509 489 mari
1539 454 1585 489 et
1615 461 1749 501 super

252 512 411 561 terra,'’
438 512 558 566 quod
592 513 649 552 sit
682 513 750 552 cui
777 510 976 564 subjecta
1002 518 1104 551 sunt
1132 512 1281 551 omnia
1311 510 1423 551 caeli
1454 517 1499 551 et
1532 509 1749 551 ecclesiae

253 584 308 621 (de
323 593 388 621 qua
403 585 496 613 etiam
513 573 855 624 supr21‚n.600[a]);
888 573 993 613 inde
1016 586 1096 626 per
1120 577 1283 613 “stare
1306 586 1441 625 super
1462 571 1584 612 illis‘’
1606 572 1749 624 signi-

252 634 410 676 ficatur
430 635 508 676 illa
531 636 620 688 Ipsi
643 634 848 688 subjecta
869 649 967 675 esse
985 634 1122 675 2-—Ut
1145 648 1322 687 quoque
1346 634 1464 686 apud
1486 633 1723 682 Davidem,

319 732 338 745 ‘¹
351 730 538 762 Dominari
550 731 664 762 fecisti
680 730 803 771 Ipsum
815 741 923 771 super
934 728 1080 774 fflopera
1092 740 1263 761 manuum
1277 736 1417 761 tuarum
1433 739 1440 768 ;
1465 730 1588 761 omnia
1599 730 1751 770 posuisti

426 776 492 806 sub
509 775 618 815 pedes
639 774 754 815 Ejus‘’
771 775 844 814 (Ps.
862 775 934 806 viii.
954 781 972 813 7
992 773 1051 816 [B.
1066 775 1111 806 Α.
1129 773 1181 815 6])
1196 785 1203 806 :

252 862 338 902 hoc
376 861 431 901 de
470 861 694 911 Domino;
737 860 984 901 dominium
1023 860 1166 913 Ipsius
1202 874 1334 913 super
1370 860 1520 900 omnia
1556 859 1668 900 caeli
1703 865 1751 900 et

253 924 470 965 ecclesiae
498 924 768 977 intelligitur
803 938 881 977 per
907 924 1027 977 quod
1056 924 1244 964 “omnia
1270 924 1419 976 posita
1443 924 1532 964 sint
1558 923 1640 963 sub
1671 936 1750 976 pe-

254 987 334 1028 des
362 987 506 1040 Ejus.”
568 987 629 1028 Et
657 987 775 1040 apud
801 986 1007 1035 Esaiam,

440 1084 458 1097 “
471 1083 604 1114 Locum
622 1083 752 1124 pedum
772 1092 932 1114 meorum
950 1082 1199 1114 honorabilem
1218 1083 1363 1114 reddam
1375 1081 1394 1094 ’¹
1411 1082 1470 1123 (lx.
1491 1081 1565 1122 13):

255 1192 333 1231 per
352 1178 540 1219 “locum
560 1179 725 1231 pedum
745 1178 958 1219 Domini”
976 1178 1020 1218 in
1039 1178 1268 1218 communi
1286 1191 1420 1218 sensu
1438 1177 1751 1231 intelliguntur

255 1242 406 1282 omnia
432 1242 543 1282 caeli
570 1249 615 1282 et
649 1241 882 1290 ecclesiae,
911 1241 1124 1294 quoniam
1151 1241 1372 1281 Dominus
1399 1247 1446 1281 ut
1474 1239 1552 1281 Sol
1578 1247 1657 1281 estv
1679 1254 1752 1280 su-

256 1318 335 1358 pra
372 1305 549 1356 caelos;
593 1311 640 1345 at
677 1306 721 1345 in
759 1318 892 1345 sensu
929 1303 1188 1357 particulari
1226 1317 1304 1356 per
1337 1303 1526 1344 “locum
1559 1303 1754 1356 pedum”

256 1368 533 1422 significatur
559 1367 764 1415 ecclesia,
793 1380 896 1408 nam
923 1367 1118 1408 ecclesia
1146 1366 1328 1407 Domini
1355 1373 1424 1407 est
1457 1367 1575 1419 apud
1608 1366 1753 1407 homi-

257 1445 336 1472 nes
369 1432 412 1471 in
445 1431 613 1471 mundo
646 1430 855 1479 naturali,
884 1437 930 1471 et
963 1429 1168 1470 naturale
1202 1435 1272 1470 est
1304 1429 1525 1478 ultimum,
1558 1430 1601 1469 in
1634 1429 1755 1483 quod

258 1495 468 1535 Divinum
492 1495 656 1534 desinit
679 1501 725 1534 et
749 1507 882 1546 super
899 1507 987 1547 quo
1005 1493 1130 1546 quasi
1154 1493 1383 1533 subsistit:
1417 1493 1519 1533 inde
1543 1499 1612 1533 est
1635 1493 1755 1546 quod
1803 1527 1807 1530 .

257 1557 449 1598 ecclesia
470 1559 513 1598 in
537 1558 666 1598 terris
689 1558 827 1597 etiam
846 1557 1023 1597 dicatur
1043 1555 1327 1596 “scabellum
1346 1556 1510 1608 pedum
1534 1555 1756 1604 Domini,”

257 1621 375 1674 apud
402 1621 611 1669 eundem,

412 1710 552 1742 “Terra
568 1710 764 1741 scabellum
783 1709 913 1750 pedum
932 1718 1094 1740 meorum
1106 1708 1124 1720 ”
1142 1708 1238 1749 (lxvi.
1259 1717 1273 1740 1
1290 1718 1296 1748 ;
1321 1708 1451 1740 Mama.
1472 1718 1505 1741 v.
1523 1708 1600 1749 35);

261 1800 357 1836 tum
383 1795 426 1835 in
463 1793 665 1842 lerenz's,

326 1871 344 1884 ‘¹
357 1869 511 1910 Projecit
524 1880 542 1900 e
557 1869 664 1924 caelis
679 1869 714 1900 in
729 1874 860 1900 terram
876 1868 983 1900 decus
999 1867 1155 1906 Israelis,
1171 1877 1235 1899 nec
1249 1868 1454 1900 recordatur
1467 1868 1611 1900 scabelli
1626 1869 1756 1910 pedum

435 1913 602 1945 suorum'
633 1913 679 1953 (ii.
701 1913 753 1953 1);

261 2000 307 2035 et
333 1994 451 2047 apud
474 1993 712 2042 Davidem,

330 2071 350 2084 “
361 2069 577 2101 Intrabimus
596 2070 631 2100 in
660 2069 863 2100 habitacula
881 2068 1010 2110 Ipsius,
1028 2068 1293 2100 incurvabimus
1308 2079 1375 2100 nos
1389 2069 1543 2101 scabello
1557 2069 1687 2110 pedum
1703 2069 1760 2111 Ip-

437 2119 539 2151 sius''
561 2119 632 2159 (ΡΞ.
651 2119 778 2151 cxxxii.
799 2119 851 2159 7):

262 2218 373 2259 haec
401 2218 455 2258 de
484 2218 695 2266 Domino,
720 2223 765 2258 et
793 2231 871 2270 per
895 2216 1184 2257 “scabellum
1207 2217 1371 2269 pedum
1396 2216 1570 2269 Ipsius”
1591 2217 1760 2258 intelli-

263 2282 383 2334 gitur
409 2281 600 2322 ecclesia
626 2282 669 2321 in
697 2282 841 2321 terris.
903 2280 978 2321 Ex
1010 2281 1078 2320 his
1110 2286 1319 2321 constare
1346 2286 1499 2332 potest
1531 2281 1650 2333 quod
1683 2294 1761 2333 per

266 2349 423 2386 “stare
450 2358 581 2397 super
609 2345 718 2385 mari
744 2350 793 2384 et
820 2357 953 2396 super
974 2343 1134 2392 terra‚'’
1161 2356 1260 2383 cum
1294 2343 1348 2383 de
1382 2343 1593 2392 Domino,
1622 2344 1760 2397 signi-

265 2406 421 2448 ficetur
452 2407 572 2460 quod
611 2408 762 2447 omnia
802 2406 914 2447 caeli
951 2413 997 2447 et
1035 2406 1254 2447 ecclesiae
1292 2406 1383 2458 Ipsi
1420 2405 1620 2459 subjecta
1656 2408 1759 2448 sint.

266 2470 318 2511 In
350 2471 497 2523 specie
525 2477 676 2511 autem
711 2484 789 2523 per
817 2473 978 2510 “mare
1011 2476 1057 2510 et
1091 2476 1256 2509 terram
1270 2468 1289 2484 '’
1315 2482 1448 2521 supra
1473 2483 1585 2522 quae
1611 2471 1760 2523 posuit

265 2534 403 2588 pedes
425 2547 542 2582 suos,
568 2533 846 2586 significatur
868 2532 1042 2573 caelum
1066 2531 1286 2580 ultimum,
1311 2538 1356 2572 et
1380 2531 1571 2572 ecclesia
1596 2533 1641 2572 in
1667 2539 1759 2573 ter—

264 2598 335 2646 ris,
360 2603 408 2637 ut
435 2610 551 2636 nunc
579 2595 746 2636 dictum
774 2603 873 2636 est:
921 2609 1024 2636 nam
1052 2609 1131 2648 per
1157 2601 1308 2647 partes
1335 2595 1534 2647 corporis
1560 2597 1759 2648 superio-

265 2674 348 2709 res,
369 2673 482 2713 quae
505 2659 681 2699 fuerunt
705 2658 886 2712 angelo,
912 2657 1219 2711 significantur
1241 2658 1353 2698 caeli
1376 2659 1639 2710 superiores,
1659 2660 1762 2712 quia

266 2723 623 2775 correspondent
663 2722 773 2772 illis;
821 2721 994 2762 caelum
1033 2722 1151 2761 enim
1192 2721 1398 2761 intimum
1436 2722 1760 2774 correspondet

267 2786 416 2839 capiti,
441 2785 615 2826 caelum
643 2785 838 2825 medium
861 2782 1032 2837 pectori
1055 2797 1194 2837 usque
1217 2783 1273 2824 ad
1298 2783 1488 2832 lumbos,
1513 2790 1559 2824 et
1586 2784 1759 2826 caelum

267 2850 473 2890 ultimum
501 2848 701 2900 pedibus,
730 2847 921 2888 ecclesia
952 2853 1103 2887 autem
1136 2847 1180 2886 in
1212 2847 1341 2887 terris
1374 2846 1540 2900 plantis
1566 2847 1757 2900 pedum;

266 2913 384 2962 unde
417 2918 486 2952 est
519 2911 637 2965 quod
671 2911 780 2950 haec
813 2909 1095 2963 intelligatur
1127 2923 1205 2962 per
1238 2909 1522 2950 “scabellum
1554 2909 1758 2963 pedum.’'
