1962 3334
599 258 707 291 CAP.
729 258 811 299 XL,
833 257 973 290 VERS.
993 257 1142 301 4.-Ν.
1163 247 1259 302 639.
1566 248 1668 302 1651

187 384 279 413 non
308 370 480 422 ‚vellent
517 370 636 426 quod
673 370 839 412 bonurn
871 370 1083 420 caeleste,
1114 369 1234 425 quod
1270 376 1341 411 est
1374 369 1552 419 “olea,''
1583 383 1674 411 non

187 447 341 476 verum
376 434 492 475 illius
528 434 648 482 boni,
685 434 807 488 quod
842 441 912 475 est
951 433 1131 483 “vitis,”
1161 447 1245 475 nec
1282 434 1449 474 bonum
1486 432 1672 480 morale,

187 497 308 550 quod
332 503 403 538 est
428 498 595 538 bonum
618 496 817 538 caeleste
841 503 888 537 et
914 496 1143 550 spirituale
1169 502 1425 544 externum,
1451 496 1572 550 quod
1601 502 1672 536 est

189 558 374 608 “ficus,”
403 566 648 613 regnarent
676 573 808 614 super
842 559 970 610 illos;
1013 559 1093 600 sed
1121 559 1289 600 malum
1316 559 1415 599 salsi
1449 572 1672 612 apparens

186 621 275 663 illis
303 623 418 663 sicut
450 623 632 671 bonum,
659 622 779 676 quod
809 628 881 663 est
909 622 1159 663 “rhamnus
1176 621 1210 662 :”
1246 622 1363 675 ignis
1393 636 1453 663 ex
1485 622 1570 663 hoc
1601 628 1673 662 est

162 683 354 726 ‘malum
394 686 812 738 concupiscentiae:
861 686 1023 726 “cedri
1063 684 1254 726 Libani”
1293 691 1399 726 sunt
1437 684 1674 726 rationalia

187 760 300 801 quae
331 762 391 788 ex
421 749 550 790 veriS.
611 749 686 789 Ex
717 748 828 789 locis
858 762 992 801 supra
1021 748 1171 789 allatis
1196 748 1335 789 videri
1367 754 1521 801 potest
1552 747 1672 801 quod

188 812 215 830 ‘⁴
229 809 331 851 olea
341 810 361 825 ”
378 817 424 851 et
443 814 468 831 ‘⁴
481 812 610 852 vinea
622 811 642 826 ’¹
658 813 701 852 in
725 811 947 865 plerisque
970 810 1100 851 simul
1123 812 1424 858 nominentur,
1442 810 1564 864 quod
1584 809 1674 850 fac-

187 878 284 914 tum
310 880 379 914 est
404 881 590 927 propter
614 874 867 928 conjugium
893 875 999 915 boni
1024 881 1071 915 et
1102 875 1194 914 veri
1222 875 1264 914 in
1292 873 1479 926 singulis
1505 872 1672 923 Verbi;

187 947 292 976 nam
323 949 402 989 per
435 937 620 978 “oleam
633 937 653 952 ”
683 950 735 978 ac
769 937 990 978 “oleum’'
1020 936 1298 990 significatur
1327 937 1494 976 bonum
1526 935 1672 976 eccle-

185 996 295 1044 siae,
314 1003 360 1037 et
382 1010 462 1050 per
481 998 699 1038 “vineam
714 997 734 1013 ’⁹
750 1010 803 1038 ac
823 998 1014 1038 “vinum
1027 997 1047 1012 ”
1063 1010 1219 1037 verum
1241 996 1360 1037 illius
1381 996 1503 1037 boni.
1561 1007 1675 1043 (Quod

155 1082 158 1086 .
185 1055 204 1068 ‘¹
216 1060 324 1089 oleum
335 1060 352 1069 ’¹
366 1061 520 1098 significet
535 1062 656 1090 bonum
672 1061 799 1095 amoris,
814 1065 845 1090 et
853 1061 1032 1099 jucundum
1049 1061 1128 1090 oeeli
1142 1061 1227 1094 inde,
1243 1061 1388 1089 videatur
1401 1069 1507 1098 supra,
1523 1069 1554 1089 n.
1572 1059 1624 1101 37
1631 1058 1650 1101 5
1665 1069 1673 1094 ς

186 1117 219 1142 et
231 1114 321 1150 quod
335 1110 354 1122 ¹⁰
365 1114 473 1143 vinum
485 1114 502 1123 ”
518 1114 641 1143 bonurn
656 1114 815 1143 charitatis
829 1119 861 1143 et
874 1123 985 1143 verum
999 1114 1086 1148 fidei,
1099 1123 1130 1144 n.
1148 1114 1170 1155 3
1175 1113 1199 1155 7
1203 1103 1256 1152 6.)

266 1182 404 1235 639·
442 1183 584 1227 “Quae
604 1195 744 1223 coram
764 1184 846 1224 000
869 1186 1010 1223 iet-mo
1033 1182 1423 1235 stantia.'¹—Quod
1448 1181 1672 1235 significet

187 1257 299 1296 quae
326 1250 430 1284 sunt
458 1244 627 1285 Divina
657 1259 685 1286 a
714 1244 901 1285 Domino
919 1244 1214 1297 procedentia,
1241 1258 1292 1285 ac
1320 1250 1425 1284 sunt
1447 1244 1602 1296 Ipsius
1628 1242 1674 1283 z'n

186 1305 303 1346 caelo
325 1313 368 1347 et
395 1306 442 1347 in
465 1307 655 1355 ecclesia,
684 1314 865 1348 constat
896 1320 955 1348 ex
983 1306 1310 1360 significatione
1338 1310 1363 1327 “
1379 1307 1463 1347 Dei
1489 1305 1674 1353 terrae,”

186 1369 307 1422 quod
332 1370 390 1410 sit
416 1369 652 1418 Dominus,
678 1370 752 1423 qui
778 1369 901 1410 Deus
933 1370 1045 1411 caeli
1075 1377 1121 1411 et
1147 1377 1293 1410 terrae
1320 1376 1417 1420 est;
1454 1369 1498 1409 in
1524 1369 1673 1421 specie

186 1431 310 1472 Deus
333 1432 550 1474 ecclesiae
576 1434 619 1473 in
642 1432 769 1473 caelo
794 1439 840 1474 et
862 1433 905 1473 in
932 1433 1114 1482 mundo,
1139 1446 1243 1473 nam
1266 1446 1344 1486 per
1368 1436 1572 1473 “terram
1585 1432 1604 1446 ”
1629 1433 1672 1472 in

187 1493 343 1536 Verbo
373 1494 649 1548 significatur
679 1495 884 1544 ecclesia,
917 1502 963 1536 et
1000 1496 1192 1536 ecclesia
1227 1503 1297 1536 est
1334 1502 1428 1536 tam
1464 1496 1508 1535 in
1545 1495 1673 1536 caelo

186 1570 320 1611 quam
346 1558 389 1598 in
416 1553 610 1608 mundo;
647 1558 767 1612 quod
794 1558 968 1599 caelum
1000 1565 1046 1599 et
1072 1559 1262 1599 ecclesia
1287 1558 1345 1599 ibi
1376 1559 1512 1599 etiam
1539 1557 1672 1598 intel-

186 1619 354 1674 ligatur
389 1634 468 1674 per
506 1621 750 1670 “terram‚’'
787 1628 856 1662 est
892 1622 995 1675 quia
1030 1622 1074 1662 in
1112 1622 1281 1662 mundo
1315 1621 1532 1674 spirituali
1569 1628 1674 1662 sunt

186 1696 329 1737 aeque
355 1690 501 1725 terrae
528 1685 642 1725 sicut
672 1685 716 1725 in
748 1685 917 1725 mundo
948 1684 1153 1732 naturali,
1182 1691 1227 1725 et
1259 1685 1407 1738 quoad
1433 1691 1672 1725 externam

186 1747 496 1799 apparentiam
519 1753 623 1787 sunt
646 1747 688 1787 in
711 1747 789 1788 illo
811 1748 979 1787 mundo
1002 1760 1180 1799 prorsus
1202 1747 1362 1787 similia
1382 1761 1496 1800 quae
1518 1748 1562 1787 in
1588 1747 1673 1787 hoc

188 1810 384 1860 mundo;
429 1810 533 1850 inde
572 1816 642 1850 est
682 1810 802 1863 quod
842 1823 920 1862 per
958 1810 1142 1850 “Deum
1182 1810 1361 1851 terrae'’
1393 1810 1675 1863 intelligatur

187 1871 312 1914 Deus
338 1871 450 1913 caeli
481 1886 532 1913 ac
559 1879 719 1921 terrae,
747 1886 798 1913 ac
830 1873 874 1912 in
906 1873 1055 1925 specie
1087 1873 1209 1913 Deus
1234 1873 1452 1913 ecclesiae
1477 1873 1520 1913 in
1547 1872 1675 1914 caelo

188 1941 235 1976 et
270 1935 314 1976 in
351 1935 546 1986 mundo;
592 1934 731 1988 (quod
769 1936 988 1976 Dominus
1022 1936 1079 1976 sit
1117 1936 1240 1976 Deus
1279 1936 1390 1976 caeli
1430 1943 1476 1977 et
1512 1942 1672 1984 terrae,

187 1997 323 2039 docet
356 1999 457 2051 Ipse
483 1999 602 2051 apud
627 1998 936 2046 Matthaeum‚·
966 1998 1094 2051 Jesus
1120 1999 1251 2047 dixit,
1277 1999 1437 2040 “Data
1467 2006 1537 2040 est
1564 1999 1675 2040 Mihi

189 2061 334 2101 omnis
366 2068 570 2114 potestas
606 2061 650 2101 in
681 2061 810 2102 caelo
845 2068 892 2102 et
929 2062 971 2102 in
1010 2061 1167 2109 terra,‘’
1199 2063 1354 2102 xxviii.
1392 2062 1488 2115 182)
1531 2069 1577 2103 et
1614 2076 1674 2102 ex

188 2122 515 2176 significatione
550 2127 708 2164 “stare
740 2137 891 2164 coram
925 2123 1069 2177 Ipso,’'
1093 2124 1214 2177 quod
1245 2125 1302 2165 sit
1334 2139 1432 2165 esse
1463 2125 1520 2165 ab
1552 2125 1672 2177 Ipso,

189 2191 236 2226 et
261 2185 366 2226 inde
388 2186 507 2240 quod
533 2193 603 2227 est
630 2186 775 2239 Ipsius
800 2187 844 2226 in
871 2187 998 2227 caelo
1024 2193 1069 2227 et
1096 2187 1139 2227 in
1166 2187 1368 2228 ecclesia.
1429 2187 1480 2228 In
1505 2187 1673 2235 Verbo,

189 2247 246 2289 de
276 2248 449 2301 angelis
481 2254 526 2289 et
558 2249 613 2289 de
639 2249 892 2289 hominibus
918 2248 1151 2297 ecclesiae,
1178 2251 1343 2303 passim
1369 2250 1530 2291 dicitur
1555 2251 1675 2304 quod

190 2314 354 2353 “stent
390 2325 540 2352 coram
576 2311 713 2360 Deo,''
750 2318 846 2353 tum
883 2312 1021 2352 etiam
1058 2312 1176 2365 quod
1215 2313 1485 2354 “ambulent
1523 2327 1674 2354 coram

191 2373 298 2426 Ipso
314 2373 348 2424 ;”
388 2380 436 2415 et
474 2375 532 2414 ibi
568 2375 612 2414 in
649 2388 782 2415 sensu
814 2374 1030 2427 spirituali
1061 2388 1140 2427 per
1173 2379 1329 2416 “stare
1361 2389 1512 2417 coram
1545 2377 1676 2417 Deo”

190 2436 464 2490 significatur
480 2451 578 2478 esse
596 2437 653 2478 ab
671 2437 790 2490 Ipso,
810 2444 855 2478 et
878 2451 956 2490 per
975 2441 999 2457 “
1015 2437 1244 2479 ambulare
1261 2452 1412 2479 coram
1436 2439 1565 2480 Deo”
1582 2441 1674 2492 sig-

193 2498 396 2540 nificatur
419 2500 570 2540 vivere
601 2500 845 2540 secundum
878 2514 975 2540 esse
1007 2500 1064 2540 ab
1095 2500 1225 2553 Ipso;
1263 2515 1394 2542 omne
1426 2503 1544 2542 enim
1576 2517 1675 2543 esse

192 2562 304 2603 caeli
329 2568 375 2603 et
401 2563 553 2602 mundi
580 2563 782 2615 procedit
808 2576 834 2602 a
861 2563 1070 2611 Domino,
1094 2570 1164 2604 est
1189 2565 1306 2604 enim
1334 2564 1544 2605 Divinum
1571 2579 1673 2618 pro-

193 2625 373 2672 cedens,
394 2625 512 2678 quod
532 2626 699 2665 creavit
718 2632 763 2666 et
782 2625 989 2666 formavit
1007 2626 1155 2666 omnia
1173 2626 1285 2667 caeli
1307 2633 1352 2667 et
1377 2628 1528 2667 mundi
1547 2642 1555 2676 ;
1587 2628 1673 2668 hoc

193 2687 404 2728 Divinum
445 2689 693 2740 procedens
738 2695 926 2728 vocatur
959 2688 1230 2730 “Verbum'’
1260 2691 1378 2743 apud
1422 2691 1675 2739 Joleannem

195 2748 312 2803 (cap.
335 2750 360 2790 i.
385 2751 495 2803 1-3)‚
515 2764 565 2791 ac
587 2751 825 2791 “Verbum
838 2751 857 2765 '’
879 2751 938 2791 ibi
960 2758 1029 2792 est
1053 2751 1262 2793 Divinum
1286 2754 1535 2806 procedens
1553 2754 1673 2807 quod

193 2819 379 2853 vocatur
397 2812 605 2853 Divinum
621 2813 805 2861 Verum,
826 2827 882 2854 ex
903 2827 991 2867 quo
1005 2815 1155 2855 omnia
1171 2814 1288 2856 faeta
1306 2823 1351 2856 et
1372 2823 1524 2856 creata
1541 2823 1670 2856 sunt:

193 2873 277 2915 hoc
303 2875 404 2928 quia
430 2875 594 2916 circum
623 2875 863 2916 Dominum
890 2883 938 2917 ut
965 2875 1116 2917 Solem
1139 2891 1494 2932 quaquaversum
1521 2893 1567 2920 se
1594 2893 1673 2920 ex·
