1962 3334
296 275 402 330 1654
704 284 1038 318 APOCALYPSIS
1070 285 1370 318 EXPLICATA.

288 410 466 445 nocere,
479 397 596 450 ignis
613 397 871 450 egredietur
888 412 946 438 ex
963 412 1039 439 ore
1056 398 1248 447 illorum,
1263 404 1310 439 et
1328 398 1564 439 devorabit
1579 398 1783 440 inimicos

282 459 465 500 illorum
483 460 517 510 ;‘’
554 467 666 509 tum,
698 459 786 501 “Si
818 461 915 514 quis
947 460 1034 501 illis
1067 461 1261 502 voluerit
1289 474 1468 510 nocere,
1502 462 1567 502 ita
1598 468 1782 514 oportet

287 522 413 562 illum
432 523 620 563 occidi:”
644 537 702 563 ex
721 524 879 577 quibus
894 524 1055 572 verbis,
1073 531 1119 565 et
1139 538 1197 564 ex
1216 524 1363 565 adhuc
1380 524 1686 577 sequentibus,
1704 538 1783 578 pa—

288 592 356 626 tet
372 586 491 639 quod
508 600 585 640 per
602 590 627 606 “
641 586 686 627 Si
705 587 802 640 quis
820 586 908 627 illis
922 587 1115 628 voluerit
1132 600 1296 628 nocere
1309 587 1328 602 ’'
1344 587 1623 640 significetur
1637 587 1784 628 tutela

288 662 313 689 a
337 648 536 690 Domino
560 663 615 690 ne
639 649 731 690 ullo
755 650 892 690 modo
915 649 1167 690 laedantur.
1231 650 1409 690 Dicitur
1431 650 1518 690 hoc
1546 650 1603 690 de
1628 653 1653 669 “
1670 650 1783 690 duo-

287 712 370 752 bus
403 712 635 760 testibus,’‘
667 726 746 765 per
781 726 893 766 quos
932 712 1212 765 significatur
1244 710 1449 753 doctrina
1480 712 1587 753 boni
1618 713 1784 753 amoris

289 776 333 815 in
368 775 615 816 Dominum
643 782 689 816 et
721 776 828 816 boni
861 775 1097 816 charitatis
1130 789 1238 828 erga
1269 776 1540 828 proximum,
1569 789 1682 828 quae
1714 781 1784 816 est

288 837 492 879 doctrina
510 839 646 886 vitae,
667 839 736 879 cui
759 837 965 879 doctrina
987 837 1089 879 fidei
1113 839 1382 879 inservitura
1405 845 1475 879 est
1498 853 1506 888 ;
1535 852 1650 891 quae
1673 838 1784 878 doc-

289 903 433 943 trinae
453 903 571 943 circa
593 902 727 943 finem
746 902 968 944 ecclesiae
988 902 1382 956 praedicabuntur.
1447 902 1566 955 Quid
1591 915 1783 955 sequen-

289 965 353 1006 tia
384 966 428 1006 in
459 967 575 1006 binis
602 966 803 1007 versibus
830 965 1083 1012 involvunt,
1112 979 1245 1019 supra
1271 966 1452 1019 quidem
1485 964 1652 1007 dictum
1685 972 1782 1016 est;

289 1028 368 1069 sed
400 1030 503 1082 quia
535 1030 653 1070 inter
685 1030 844 1082 ignota
874 1035 993 1077 sunt,
1022 1029 1184 1069 iterum
1211 1029 1399 1070 dicetur.
1463 1028 1658 1082 Quando
1685 1028 1784 1069 finis

289 1092 510 1133 ecclesiae
537 1093 693 1141 instat,
723 1100 831 1133 tunc
865 1093 1081 1133 interiora
1109 1092 1262 1140 Verbi,
1292 1093 1513 1134 ecclesiae
1545 1099 1591 1134 et
1618 1093 1782 1141 cultus,

288 1155 549 1197 revelantur
580 1162 626 1197 et
658 1157 905 1196 docentur:
951 1169 1087 1196 causa
1125 1162 1208 1204 est,
1243 1162 1291 1196 ut
1324 1163 1591 1209 separentur
1621 1156 1728 1196 boni
1759 1170 1786 1196 a

290 1219 444 1270 malis;
479 1234 583 1261 nam
607 1221 820 1261 interiora
843 1220 998 1267 Verbi,
1024 1219 1245 1260 ecclesiae
1273 1225 1320 1259 et
1346 1219 1509 1267 cultus,
1534 1233 1649 1273 quae
1676 1224 1783 1258 sunt

290 1283 508 1324 caelestia
534 1291 580 1324 et
605 1283 868 1337 spiritualia,
894 1283 1171 1335 recipiuntur
1197 1296 1222 1322 a
1248 1283 1393 1330 bonis,
1419 1282 1498 1322 sed
1525 1281 1784 1334 rejiciuntur

290 1359 315 1386 a
339 1346 494 1397 malis;
533 1347 636 1387 inde
663 1346 918 1399 separatio:
960 1352 1197 1399 praeterea
1223 1346 1361 1386 etiam
1387 1346 1600 1386 interiora
1628 1344 1782 1392 Verbi,

290 1422 404 1462 quae
435 1409 479 1449 in
512 1409 598 1450 fine
626 1409 847 1450 ecclesiae
874 1409 1149 1457 revelantur,
1178 1409 1429 1449 inserviunt
1457 1422 1602 1449 novae
1635 1407 1783 1448 eccle-

290 1473 397 1520 siae,
417 1486 530 1526 quae
554 1473 693 1513 etiarn
719 1479 827 1513 tunc
847 1473 1138 1520 instauratur,
1159 1485 1239 1524 pro
1262 1470 1467 1512 doctrina
1490 1478 1536 1512 et
1560 1485 1640 1524 pro
1663 1471 1782 1511 vita:

291 1536 412 1588 quod
435 1537 498 1576 ita
522 1537 594 1584 sit,
620 1542 833 1576 constare
858 1542 1011 1588 potest
1036 1549 1095 1575 ex
1123 1549 1191 1582 eo,
1217 1535 1352 1588 quod,
1374 1535 1479 1575 dum
1498 1534 1597 1575 finis
1621 1533 1784 1574 Eccle-

292 1599 383 1640 siae
403 1599 618 1651 Judaicae
641 1599 858 1647 instabat,
885 1598 987 1651 Ipse
1013 1598 1234 1638 Dominus
1258 1599 1482 1651 aperuerit
1507 1605 1554 1639 et
1580 1597 1786 1638 docuerit

291 1662 505 1703 interiora
527 1662 682 1710 Verbi,
707 1668 754 1703 et
781 1662 998 1715 imprimis
1021 1661 1291 1702 revelaverit
1318 1661 1395 1701 illa
1422 1675 1535 1714 quae
1561 1662 1604 1701 in
1629 1659 1785 1701 Verbo

292 1725 348 1766 de
372 1725 477 1778 Ipso
496 1724 724 1778 praedicta
741 1725 918 1766 fuerunt
937 1739 945 1775 ;
974 1725 1133 1778 quibus
1151 1725 1320 1777 apertis
1343 1731 1388 1765 et
1413 1724 1627 1765 revelatis
1650 1724 1786 1764 abro-

293 1789 519 1841 gabantur
546 1795 740 1829 externa
767 1788 1004 1835 ecclesiae,
1034 1801 1149 1841 quae
1182 1788 1400 1840 imprimis
1433 1787 1710 1828 constabant
1742 1787 1784 1826 in

294 1851 535 1900 sacrificiis,
579 1865 629 1892 ac
677 1852 720 1892 in
761 1852 919 1892 ritibus
965 1858 1011 1891 et
1054 1851 1254 1899 statutis,
1298 1864 1413 1904 quae
1455 1850 1787 1890 adumbrabant

294 1916 463 1969 Ipsum,
492 1922 538 1957 et
570 1915 979 1969 repraesentabant
1012 1921 1058 1955 et
1092 1914 1196 1955 inde
1228 1913 1547 1967 significabant
1573 1914 1788 1954 interiora

294 1979 515 2019 ecclesiae
538 1993 652 2032 quae
676 1979 732 2018 ab
757 1978 862 2031 Ipso
885 1977 1232 2027 revelabantur3
1266 1978 1385 2030 quod
1409 1978 1471 2017 ita
1494 1976 1636 2025 fieret,
1656 1990 1784 2030 prae·

294 2040 462 2083 dictum
485 2048 554 2082 est
578 2042 710 2082 variis
739 2042 782 2081 in
807 2041 918 2081 locis
942 2041 1060 2094 apud
1085 2040 1349 2094 Prophetas.
1414 2039 1629 2080 Similiter
1651 2039 1787 2080 hodie

293 2103 459 2146 factum
503 2111 600 2154 est;
645 2104 815 2158 placuit
858 2105 977 2144 enim
1021 2117 1138 2144 nunc
1182 2103 1380 2143 Domino
1419 2102 1620 2143 revelare
1662 2102 1789 2155 plura

295 2181 461 2208 arcana
492 2167 620 2215 caeli,
654 2167 871 2220 imprimis
905 2180 1087 2207 sensum
1120 2166 1260 2207 Verbi
1293 2167 1518 2206 internum
1552 2179 1629 2206 seu
1661 2166 1788 2218 spiri-

295 2230 482 2279 tualem,
516 2231 590 2284 qui
627 2229 847 2271 hactenus
879 2229 1014 2283 plane
1055 2230 1238 2282 ignotus
1276 2229 1445 2278 fuerat;
1488 2235 1535 2270 et
1572 2242 1673 2269 cum
1710 2228 1789 2269 illo

296 2295 450 2335 docuit
477 2295 673 2346 genuina
700 2307 806 2334 vera
833 2291 1091 2333 doctrinae:
1127 2306 1240 2345 quae
1267 2292 1490 2336 revelatio
1515 2292 1789 2344 intelligitur

295 2371 375 2411 per
409 2357 698 2397 “adventum
731 2356 955 2404 Domini‚”
982 2356 1100 2409 apud
1130 2355 1410 2395 Matthaeum
1445 2354 1560 2408 (cap.
1595 2356 1720 2395 xxiv.
1749 2365 1787 2406 3,

298 2431 364 2472 30,
395 2419 481 2473 37).
545 2419 692 2460 Causa
716 2419 1008 2460 revelationis
1031 2419 1075 2458 in
1102 2418 1188 2459 fine
1212 2419 1433 2459 ecclesiae
1460 2425 1529 2459 est
1553 2432 1666 2472 quae
1693 2419 1789 2459 dic-

298 2490 360 2532 ta,
382 2496 558 2536 nempe,
580 2490 628 2523 ut
652 2497 730 2536 per
751 2482 876 2522 illam
895 2481 973 2522 fiat
992 2482 1219 2534 separatio
1237 2481 1457 2521 bonorum
1480 2495 1506 2521 a
1529 2481 1673 2530 malis,
1693 2488 1789 2522 tum

297 2547 568 2588 instauratio
601 2546 821 2586 ecclesiae
854 2559 1012 2593 novae,
1047 2551 1093 2586 et
1130 2544 1216 2584 hoc
1255 2557 1344 2584 non
1378 2544 1514 2595 modo
1545 2545 1589 2584 in
1622 2545 1790 2585 mundo

298 2608 493 2650 naturali
525 2609 598 2649 ubi
630 2615 735 2649 sunt
770 2609 994 2656 homines,
1023 2608 1103 2649 sed
1135 2609 1272 2648 etiam
1305 2608 1348 2647 in
1376 2608 1544 2648 mundo
1571 2607 1790 2660 spirituali

298 2672 371 2713 ubi
403 2678 508 2712 sunt
541 2673 721 2724 spiritus
758 2678 805 2712 et
843 2671 1021 2724 angeli;
1065 2684 1168 2711 nam
1206 2672 1250 2711 in
1288 2677 1477 2723 utroque
1515 2671 1683 2711 mundo
1719 2677 1789 2711 est

298 2735 507 2783 ecclesia,
537 2741 583 2775 et
616 2735 834 2775 utrobivis
863 2734 913 2775 fit
945 2734 1179 2782 revelatio,
1208 2740 1254 2774 et
1286 2747 1365 2787 per
1395 2733 1519 2773 illam
1547 2733 1787 2786 separatio,

298 2805 347 2839 ut
374 2805 420 2839 et
443 2797 664 2838 ecclesiae
688 2811 833 2838 novae
856 2798 1138 2837 instauratio.
1201 2797 1275 2837 Ex
1303 2797 1371 2836 his
1399 2803 1610 2837 constare
1634 2802 1788 2849 potest

298 2861 419 2915 quod
451 2874 528 2914 per
560 2860 637 2900 illa
663 2861 801 2901 verba
827 2859 1105 2913 significetur
1131 2860 1278 2901 tutela
1311 2874 1336 2900 a
1364 2859 1575 2908 Domino,
1605 2873 1659 2900 ne
1693 2858 1787 2899 lae-

298 2917 476 2966 dantur.
550 2923 595 2964 Si
636 2922 898 2977 specstantur
939 2930 1087 2966 status
1128 2924 1370 2965 successivi
1410 2923 1703 2965 ecclesiarum
1743 2923 1787 2963 in
