1962 3334
564 269 671 302 CAR
693 268 755 309 x.,
777 268 917 300 VERS.
944 270 959 299 1
973 267 1112 300 1.-N.
1134 257 1297 312 624[e].
1568 263 1671 312 1591

192 381 417 437 significat
442 381 577 423 finem
602 381 760 435 prioris
785 379 1006 422 ecclesiae
1032 386 1079 421 et
1105 380 1370 433 principium
1394 393 1564 430 novae;
1597 392 1677 420 seu

189 445 326 487 finem
356 452 576 486 externae
607 443 842 491 ecclesiae,
871 457 987 497 quae
1017 443 1097 484 suit
1129 443 1518 496 repraesentativa
1549 443 1677 496 spiri-

190 508 394 556 tualium,
426 514 472 548 et
503 507 767 560 principium
798 506 1002 546 internae
1033 519 1148 559 quae
1184 512 1255 546 est
1286 505 1556 558 spiritualis;
1599 518 1679 558 per

194 571 450 611 “visionem
472 576 519 610 et
543 569 813 622 prophetam
829 568 848 584 ’'
873 569 1013 609 etiam
1035 568 1353 621 intelliguntur
1377 567 1490 608 salsa
1510 565 1678 608 doctri-

193 646 306 683 nae;
342 639 389 674 et
414 646 590 686 quoque
616 646 694 685 per
719 632 878 672 eadem
904 631 1042 671 verba
1067 630 1346 684 significatur
1371 631 1491 684 quod
1518 630 1678 670 Domi-

193 709 277 736 nus
307 695 759 749 impleturus.omnia
794 708 908 748 quae
944 694 989 734 in
1020 693 1177 734 Verbo
1213 694 1269 734 de
1308 693 1414 747 Ipso
1450 691 1681 747 praedicta

192 765 325 800 sunt:
361 763 567 811 “ungere
593 756 797 798 sanctum
823 755 1113 797 san&orum”
1135 755 1360 809 significat
1381 755 1678 809 glorificatio-

193 835 297 864 nem
330 822 529 862 Humani
561 821 743 861 Domini
774 834 854 873 per
892 820 1103 860 unionem
1141 833 1243 860 cum
1281 819 1388 873 Ipso
1420 819 1598 867 Divino,
1631 825 1679 859 et

192 890 369 939 quoque
395 883 619 937 significat
647 889 808 937 postea
833 895 1016 923 omnem
1043 882 1216 923 cultum
1249 895 1309 922 ex
1341 895 1495 922 amore
1526 882 1571 921 in
1603 881 1685 934 Ip-‘

193 961 305 988 sum.
364 947 502 1001 Apud
526 947 695 996 Mosen,

259 1035 450 1078 “Jehpvah
474 1035 564 1067 dixit
587 1035 632 1067 ad
658 1034 816 1072 Mosen„
830 1059 838 1067 .
852 1034 1052 1067 ‚Constitui
1075 1041 1111 1066 te
1135 1034 1242 1066 deum
1266 1033 1456 1072 Pharaoni,
1476 1040 1512 1065 et
1530 1033 1680 1065 Aharon

350 1079 476 1111 ‘frater
491 1085 573 1111 tuus
589 1078 657 1110 erit
673 1079 848 1119 propheta
864 1078 929 1110 tibi
941 1077 960 1090 ’¹
976 1078 1100 1118 (Exod.
1117 1078 1176 1109 vii.
1195 1077 1244 1118 1):

194 1168 315 1222 quod
341 1167 562 1208 Dominus
593 1167 761 1207 dixerit
792 1167 850 1207 ad
882 1166 1045 1207 Mosen
1077 1166 1196 1220 quod
1227 1166 1555 1207 “constituerit
1579 1178 1682 1207 eum

194 1230 329 1272 deum
362 1230 623 1278 Pharaoni,'’
649 1236 745 1270 erat
770 1230 873 1283 quia
905 1229 1059 1270 Moses
1089 1220 1463 1283 repraesentabat
1491 1229 1680 1282 Legem,

195 1307 276 1347 per
296 1306 430 1346 quam
452 1293 723 1345 intelligitur
742 1293 954 1333 Divinum
972 1292 1158 1339 Verum,
1177 1293 1297 1346 quod
1321 1293 1458 1333 etiam
1481 1293 1523 1332 in
1547 1305 1682 1333 sensu

195 1356 415 1409 spirituali
436 1370 515 1409 per
538 1360 564 1376 “
579 1356 724 1396 Deum
740 1355 759 1370 ‘'
778 1355 1082 1409 significatur;
1115 1356 1362 1409 recipiebat
1385 1357 1504 1396 enim
1528 1355 1682 1395 Moses

198 1433 259 1460 ex
290 1433 367 1460 ore
399 1419 583 1460 Domini
608 1419 747 1459 verba
777 1433 891 1472 quae
917 1417 1114 1460 dicturus
1141 1426 1238 1460 erat
1266 1419 1502 1467 Pharaoni,
1530 1425 1577 1459 et
1609 1419 1683 1471 qui

197 1483 356 1536 recipit
386 1482 463 1522 illa
494 1482 658 1523 dicitur
690 1482 839 1522 “deus
856 1482 890 1532 ;’'
931 1482 1035 1523 inde
1067 1473 1244 1536 quoque
1276 1489 1347 1523 est
1378 1483 1499 1536 quod
1531 1481 1684 1535 angeli

197 1546 405 1587 dicantur
442 1545 579 1592 “dii‚''
616 1551 663 1586 et
699 1546 804 1586 inde
840 1559 1017 1598 quoque
1055 1545 1312 1598 significant
1351 1545 1514 1586 Divina
1549 1558 1681 1585 vera:

195 1609 317 1663 quod
342 1608 532 1649 Aharon
555 1614 676 1648 esset
702 1609 966 1662 “propheta
992 1608 1126 1660 ejus,‘'
1148 1608 1374 1661 significat
1401 1608 1522 1662 quod
1549 1608 1685 1649 doce—

195 1679 266 1714 ret
291 1685 445 1713 verum
467 1678 700 1724 receptum
727 1685 752 1712 a
779 1671 908 1712 Mose
935 1685 987 1713 ac
1015 1672 1186 1712 diceret
1211 1672 1449 1721 Pharaoni,
1474 1685 1579 1713 nam
1605 1686 1684 1726 per

199 1734 549 1788 “prophetam,'’
571 1741 619 1775 ut
646 1748 780 1787 supra
805 1732 973 1775 dic'tum
997 1741 1081 1782 est,
1110 1734 1388 1787 significatur
1409 1736 1579 1776 docens
1605 1749 1683 1776 ve-

196 1809 310 1844 rum,
332 1802 380 1837 et
400 1794 632 1836 abstracte
653 1794 862 1836 doctrina
881 1796 988 1835 veri.
1047 1807 1126 1843 (Sed
1141 1807 1220 1835 haec
1235 1807 1372 1844 amplius
1386 1807 1544 1844 explicata
1555 1808 1686 1837 videan-

196 1865 249 1889 tur
265 1861 298 1888 in
310 1859 449 1889 Arcanis
468 1859 662 1892 Caelestibus,
678 1867 708 1888 n.
724 1859 815 1895 7268,
828 1859 934 1896 7269.)
992 1848 1068 1888 EX
1094 1863 1149 1888 CO
1179 1855 1249 1889 est
1280 1849 1401 1902 quod
1428 1850 1683 1903 prOPhetae

198 1910 381 1952 Veteris
431 1909 718 1950 Testamenti
761 1911 1206 1963 repraesentaverint
1248 1910 1493 1951 Dominum
1533 1912 1683 1965 quoad

197 1969 450 2024 doctrinam
484 1971 634 2012 Divini
666 1971 791 2020 Veri,
825 1978 872 2012 et
908 1973 1028 2025 quod
1061 1974 1288 2026 praecipui
1319 1987 1473 2014 eorum
1504 1988 1683 2027 reprae-

198 2035 479 2075 sentaverint
507 2034 752 2075 Dominum
778 2036 927 2088 quoad
955 2036 1099 2088 ipsum
1128 2035 1330 2076 Verbum
1362 2050 1422 2077 ex
1454 2051 1542 2091 quo
1573 2038 1683 2079 doc-

199 2098 318 2137 trina
344 2097 494 2137 Divini
520 2097 643 2145 Veri,
672 2104 805 2154 prout
839 2098 1008 2146 Moses,
1037 2098 1177 2146 Elias,
1207 2099 1414 2140 Elisaeus
1440 2106 1487 2141 et
1510 2100 1683 2153 johan·

200 2172 281 2200 nes
307 2159 541 2213 Baptista;
575 2166 621 2201 et
647 2162 751 2214 quia
778 2160 999 2201 Dominus
1031 2168 1102 2202 est
1129 2161 1346 2210 Verbum,
1375 2162 1460 2204 hoc
1488 2170 1574 2212 est,
1603 2164 1683 2204 Di-

76 2223 87 2262 ᾳ
142 2238 145 2239 ’
197 2223 350 2263 vinum
390 2223 574 2271 Verum,
616 2224 719 2264 ideo
765 2224 867 2277 Ipse
912 2225 955 2264 in
997 2238 1208 2277 supremo
1248 2239 1382 2266 sensu
1428 2225 1572 2267 dictus
1613 2234 1685 2268 est

202 2289 229 2306 ‘⁶
245 2285 509 2339 Propheta.’'
569 2286 796 2339 Quoniam
821 2287 988 2335 Moses,
1009 2287 1133 2328 Elias
1155 2295 1202 2329 et
1218 2289 1452 2341 Johannes
1476 2290 1685 2344 Baptista

198 2356 652 2402 repraesentaverunt
680 2350 924 2390 Dominum
951 2351 1101 2404 quoad
1129 2351 1347 2401 Verbum,
1374 2353 1477 2393 ideo

274 2437 398 2470 Moses
422 2444 457 2469 et
482 2437 579 2470 Elias
603 2446 856 2479 apparuerunt,
879 2439 989 2470 locuti
1010 2449 1090 2471 cum
1113 2440 1281 2479 Domino,
1301 2451 1381 2473 cum
1407 2442 1683 2475 transformatus

370 2482 513 2521 (Matth.
532 2482 615 2514 xvii.
632 2491 662 2521 3,
679 2491 722 2521 4;
747 2484 858 2514 Alarc.
876 2483 922 2514 ix.
938 2492 969 2522 4,
989 2491 1005 2522 5
1022 2492 1029 2521 ;
1053 2483 1138 2515 Luc.
1155 2485 1199 2516 ix.
1218 2484 1291 2524 30):

201 2574 249 2609 et
270 2568 328 2609 ibi
351 2583 429 2623 per
448 2569 647 2610 “Mosen
671 2576 718 2610 et
741 2570 923 2611 Eliam”
944 2570 1214 2624 intelligitur
1228 2572 1432 2614 Verbum
1454 2580 1549 2615 tam
1574 2574 1682 2615 His-

198 2632 388 2673 toricum
414 2645 548 2685 quam
571 2633 905 2686 Propheticum,
930 2647 1008 2686 per
1036 2634 1267 2676 “Mosen’'
1290 2636 1492 2678 Verbum
1522 2638 1682 2679 Histo-

199 2693 354 2742 ricum,
381 2701 427 2735 et
459 2708 538 2747 per
564 2694 782 2736 “Rham’'
809 2695 1009 2736 Verbum
1043 2696 1387 2750 Propheticum;
1430 2707 1476 2740 et
1508 2700 1594 2741 hoc
1622 2715 1681 2742 ex

200 2767 348 2804 causa,
381 2757 484 2810 quia
516 2757 736 2798 Dominus
768 2758 1115 2800 transformatus
1146 2758 1204 2801 Se
1236 2762 1427 2803 sistebat
1464 2764 1508 2803 in
1539 2763 1683 2804 forma

198 2818 244 2858 in
269 2831 356 2872 qua
381 2826 451 2860 est
478 2819 689 2861 Divinum
716 2821 887 2862 Verum
917 2822 961 2862 in
988 2822 1128 2863 caelo.
1191 2823 1325 2876 Quod
1351 2825 1477 2866 Elias
1503 2839 1681 2879 reprae-

200 2882 446 2923 sentaverit
474 2882 717 2924 Dominum
743 2884 891 2938 quoad
918 2883 1135 2936 Verbum,
1160 2894 1344 2929 constat
1371 2901 1430 2929 ex
1457 2888 1681 2930 miraculis
