1962 3334
263 293 370 344 1644
672 301 1003 334 APOCALYPSIS
1036 303 1335 336 EXPLICATA.

258 421 331 455 tus
362 415 482 456 vitae
514 429 540 455 a
573 415 673 456 Deo
705 416 940 457 intraverit
972 417 1015 457 in
1049 417 1149 458 illos
1168 417 1200 468 ;’‘
1237 412 1445 459 hoc‘non
1478 419 1564 460 dici
1596 426 1748 473 potest

258 478 314 518 de
347 478 457 518 oleis
489 484 535 519 et
568 479 622 519 de
656 479 952 529 candelabris,
986 480 1068 520 nisi
1097 480 1265 521 “oleae
1280 481 1299 495 '’
1325 487 1371 522 et
1406 483 1750 523 “candelabra’'

257 540 533 593 significent-
557 541 667 582 talia
706 556 818 595 quae
860 549 964 583 sunt
1005 543 1122 595 apud
1162 543 1350 596 angelos
1391 545 1502 585 caeli
1544 552 1590 586 et
1630 546 1747 598 apud

258 604 463 645 homines
495 604 715 645 ecclesiae
748 619 773 645 a
806 605 1018 653 Domino,
1047 620 1158 659 quae
1191 613 1419 647 testantur
1450 608 1505 648 de
1538 607 1748 655 Domino,

257 680 335 707 seu
367 667 534 708 faciunt
566 674 614 708 ut
641 667 792 721 angeli
825 674 870 708 et
902 668 1108 709 homines
1140 675 1365 710 testentur
1391 671 1446 711 de
1479 671 1610 724 Ipso;
1644 685 1747 711 nam

257 730 406 783 angeli
438 737 483 771 et
515 731 720 772 homines
747 745 837 772 non
865 746 923 772 ex
956 746 1003 772 se
1035 732 1192 772 testari
1225 732 1279 773 de
1313 733 1511 774 Domino
1543 742 1747 786 possunt,

257 793 336 833 sed
363 793 530 834 bonum
554 800 600 834 et
623 808 776 834 verum
804 808 918 847 quae
945 795 1063 847 apud
1087 795 1187 835 illos
1214 802 1318 836 sunt
1345 810 1404 836 ex
1428 797 1638 846 Domino,
1662 797 1747 838 hoc

256 863 341 902 est,
376 856 477 909 Ipse
511 857 732 897 Dominus
765 871 823 897 ex
856 871 937 898 suo
964 858 1084 898 bono
1117 865 1162 898 et
1195 872 1302 899 vero
1333 873 1447 912 quae
1479 860 1748 912 apudillos.

257 918 310 959 In
337 918 492 960 Verbo
524 920 676 960 multis
709 921 752 960 in
786 920 896 961 locis
929 921 1218 961 nominantur
1243 921 1362 962 horti
1394 929 1440 962 et
1472 922 1624 972 silvae,
1653 930 1748 963 tum

257 981 439 1031 oliveta,
474 989 519 1024 et
551 984 722 1031 vineae,
757 991 804 1024 ut
837 990 883 1024 et
915 984 1098 1024 arbores
1130 984 1319 1036 plurium
1352 998 1582 1037 generum,
1616 993 1748 1039 prout

259 1048 284 1064 “
298 1045 435 1094 olea,‘’
453 1050 477 1066 ‘⁴
490 1046 631 1095 vitis‚’'
649 1050 673 1066 ‘⁴
688 1046 833 1094 ficus,”
851 1050 876 1066 ‘⁴
891 1046 1086 1095 cedrus,''
1101 1050 1127 1066 “
1141 1047 1369 1100 populus‚”
1384 1052 1408 1068 ‘¹
1421 1048 1651 1101 quercus;’‘
1669 1049 1748 1089 sed

258 1121 391 1149 nemo
422 1107 639 1150 hactenus
672 1110 796 1150 novit
829 1100 948 1162 quod
987 1109 1163 1162 singula
1194 1110 1271 1150 illa
1302 1110 1468 1164 aliquid
1502 1111 1747 1164 spirituale,

257 1172 378 1225 quod
397 1178 465 1213 est
485 1172 597 1213 caeli
615 1179 660 1213 et
679 1172 913 1221 ecclesiae,
930 1165 1201 1226 significent,
1220 1180 1400 1226 praeter
1417 1174 1536 1227 quod
1549 1177 1574 1194 “
1588 1174 1749 1214 vinea”

257 1234 481 1287 significet
500 1235 737 1276 ecclesiam
757 1250 766 1286 ;
799 1236 878 1276 sed
894 1250 1032 1289 usque
1053 1249 1141 1276 non
1160 1237 1296 1277 modo
1313 1240 1338 1256 “
1352 1236 1511 1276 vinea'’
1526 1236 1748 1289 significat

256 1297 509 1346 ecclesiam,
548 1298 627 1338 sed
669 1299 805 1338 etiam
835 1298 1130 1346 “olivetum,’'
1161 1305 1256 1339 tum
1295 1299 1445 1339 “silva
1486 1300 1607 1339 cedri
1620 1299 1638 1313 ”
1670 1313 1747 1340 seu

259 1364 284 1381 “
298 1360 539 1411 Libanus;“
554 1362 691 1402 immo
707 1362 842 1402 etiam
858 1362 1053 1410 arbores,
1067 1362 1181 1402 sicut
1197 1362 1365 1410 “olea‚”
1379 1362 1551 1411 “vitis,”
1565 1366 1589 1382 ‘⁴
1603 1361 1748 1410 ficus‚”

258 1424 455 1465 “cedrus
473 1424 506 1474 ;''
537 1431 583 1465 et
610 1425 711 1477 quia
737 1423 993 1477 significant
1019 1424 1273 1478 ecclesiam,
1292 1439 1343 1466 ac
1367 1425 1613 1478 spiritualia
1635 1439 1747 1478 quae

257 1494 361 1529 sunt
396 1487 629 1536 ecclesiae,
663 1488 765 1528 ideo
802 1488 940 1528 toties
978 1488 1020 1527 in
1058 1487 1213 1528 Verbo
1250 1489 1551 1529 nominantur.
1614 1487 1747 1540 Quod

255 1551 412 1592 hortos
438 1557 484 1592 et
516 1550 650 1591 silvas
683 1551 876 1600 attinet;
911 1549 1067 1590 “horti
1082 1550 1102 1565 ‘’
1129 1565 1206 1591 seu
1235 1551 1465 1603 “paradisi
1478 1550 1496 1565 ''
1522 1551 1565 1591 in
1597 1552 1746 1603 specie

256 1614 513 1668 significant
529 1613 881 1666 intelligentiam
901 1620 946 1654 et
962 1614 1228 1666 sapientiam
1244 1628 1357 1668 quae
1375 1621 1480 1655 sunt
1494 1614 1747 1655 hominibus

255 1677 500 1729 ecclesiae3
534 1691 584 1718 ac
606 1677 814 1717 “silvae’'
832 1691 909 1717 seu
929 1680 952 1697 “
967 1691 1152 1717 nemora
1164 1677 1182 1692 ''
1204 1676 1460 1730 significant
1487 1677 1746 1730 intelligen-

255 1741 365 1781 tiam
398 1740 614 1781 naturalis
645 1740 851 1788 hominis,
885 1753 998 1793 quae
1035 1741 1078 1780 in
1115 1754 1162 1780 se
1200 1739 1406 1793 spectata
1442 1747 1511 1781 est
1544 1741 1745 1788 scientia,

254 1805 499 1845 inserviens
517 1803 847 1856 intelligentiae
866 1803 1107 1856 spiritualis
1125 1804 1319 1844 hominis
1337 1818 1346 1854 ;
1372 1807 1396 1823 “
1410 1803 1656 1844 olivetum”
1670 1818 1746 1844 au-

254 1874 348 1908 tem
367 1873 411 1907 et
434 1866 631 1907 “vinea‘’
649 1866 904 1919 significant
927 1866 1179 1915 ecclesiam,
1201 1871 1225 1886 “
1242 1867 1458 1907 olivetum
1472 1866 1491 1881 ‘'
1508 1867 1746 1908 ecclesiam

255 1930 514 1978 caelestem,
539 1944 616 1970 seu
638 1929 877 1970 ecclesiam
901 1944 1014 1983 quae
1037 1931 1079 1970 in
1103 1931 1223 1970 bono
1246 1931 1409 1971 amoris
1435 1931 1478 1970 in
1503 1931 1745 1971 Dominum

254 2001 339 2043 est,
360 2000 405 2034 et
426 1993 624 2033 “vinea'’
641 1993 879 2033 ecclesiam
898 1993 1190 2045 spiritualem,
1210 2007 1286 2033 seu
1309 1993 1547 2034 ecclesiam
1566 2007 1679 2047 quae
1702 1994 1744 2033 in

254 2057 375 2098 bono
401 2057 635 2097 charitatis
661 2070 768 2109 erga
794 2057 1050 2109 proximum
1077 2063 1161 2105 est,
1190 2063 1236 2097 et
1268 2056 1370 2097 inde
1402 2057 1445 2097 in
1476 2057 1592 2097 veris
1617 2056 1745 2106 fidei;

257 2119 425 2160 “olea'’
444 2126 489 2160 et
515 2119 687 2159 “vitis'’
709 2119 846 2159 etiam
869 2119 1029 2159 similia
1055 2118 1325 2172 significant,
1350 2126 1396 2160 et
1422 2119 1507 2160 hoc
1531 2133 1589 2160 ex
1613 2133 1747 2160 causa

257 2183 358 2237 quia
396 2182 614 2223 “oleum'’
647 2181 870 2235 significat
907 2183 1074 2222 bonurn
1112 2183 1274 2222 amoris
1315 2183 1357 2222 in
1396 2183 1653 2230 Dominum,
1693 2196 1743 2223 ac

260 2245 481 2286 “vinum''
503 2246 670 2286 bonum
695 2245 927 2285 charitatis
949 2258 1058 2297 erga
1075 2246 1330 2298 proximum
1353 2259 1404 2286 ac
1428 2246 1595 2285 bonum
1617 2244 1745 2294 fidei;

258 2308 434 2349 “ficus''
452 2315 603 2348 autem
627 2307 849 2361 significat
873 2308 1110 2348 ecclesiam
1131 2314 1365 2361 utramque
1388 2314 1481 2348 tam
1501 2307 1746 2348 caelestem

255 2385 389 2425 quam
412 2371 703 2424 spiritualem,
730 2371 809 2411 sed
832 2377 1085 2411 externam.
1148 2370 1281 2423 Quod
1309 2371 1417 2412 talia
1439 2371 1746 2423 significentur

256 2449 336 2489 per
358 2435 446 2483 illa,
469 2442 538 2475 est
561 2449 619 2475 ex
643 2435 1038 2487 repraesentativis
1056 2435 1099 2474 in
1122 2434 1290 2474 mundo
1308 2435 1539 2486 spirituali,
1559 2434 1745 2486 proinde

256 2513 315 2539 ex
343 2499 771 2550 correspondentia;
804 2511 908 2537 nam
935 2498 978 2537 in
1006 2497 1134 2538 caelo
1159 2498 1333 2545 intimo,
1362 2497 1435 2537 ubi
1462 2504 1531 2537 est
1557 2510 1745 2549 regnum

255 2561 452 2602 caeleste
480 2561 676 2610 Domini,
701 2567 747 2602 et
770 2574 895 2601 amor
919 2561 963 2600 in
991 2561 1143 2613 Ipsum
1170 2567 1345 2613 regnat,
1374 2560 1541 2600 oliveta
1566 2567 1612 2600 et
1638 2559 1745 2600 ficus

255 2624 421 2664 faciunt
440 2623 617 2664 illorum
636 2624 866 2676 paradisos
884 2630 930 2664 et
948 2623 1108 2674 silvas;
1135 2629 1182 2663 at
1205 2624 1248 2663 in
1272 2623 1398 2663 caelo
1421 2623 1618 2663 secundo
1639 2623 1744 2663 faci-

257 2694 336 2727 unt
355 2687 525 2734 vineae,
545 2693 591 2727 et
614 2686 740 2739 plura
762 2700 930 2739 genera
946 2687 1153 2726 arborum
1171 2684 1490 2726 fructiferarum
1508 2700 1517 2735 ;
1544 2685 1746 2726 similiter

256 2752 300 2790 in
316 2750 443 2790 caelo
458 2749 631 2798 ultimo,
649 2750 728 2790 sed
744 2762 845 2789 cum
858 2748 1108 2790 differentia
1125 2749 1244 2802 quod
1264 2749 1307 2789 in
1322 2749 1407 2789 hoc
1424 2748 1550 2789 caelo
1564 2748 1744 2788 arbores

257 2827 347 2854 non
363 2819 456 2853 tam
472 2813 643 2853 nobiles
659 2813 760 2853 sint.
804 2811 936 2865 Quod
953 2813 995 2852 in
1007 2812 1142 2852 caelis
1158 2812 1266 2852 talia
1280 2812 1496 2860 existant,
1513 2817 1581 2851 est
1597 2824 1742 2858 causa,

257 2878 359 2930 quia
385 2876 741 2928 correspondent
768 2876 1030 2928 sapientiae,
1054 2875 1397 2927 intelligentiae,
1420 2874 1574 2921 amori,
1601 2874 1743 2914 chari-

258 2940 342 2980 tati
364 2946 409 2980 et
432 2938 534 2980 fidei
556 2939 818 2991 angelorum
842 2939 914 2992 qui
940 2939 983 2979 in
1007 2938 1091 2979 illis
1114 2938 1249 2979 caelis
1272 2944 1388 2978 sunt.
1439 2937 1514 2977 Ex
1536 2937 1602 2977 his
1626 2949 1742 2977 nunc
