1962 3334
252 271 359 325 1726
662 280 996 314 APOCALYPSIS
1028 282 1328 314 EXPLICATA.

245 395 442 448 quinque
484 393 652 435 millia'’
687 393 820 448 (vers.
862 393 960 448 35):
1004 409 1082 448 per
1117 395 1493 436 “multitudinem
1536 409 1742 436 curruum

245 459 364 511 regis
388 457 636 511 Assyriae”
659 458 717 498 ibi
740 458 1049 511 significantur
1070 458 1181 499 falsa
1204 457 1434 499 doetrinae
1454 473 1462 507 ;
1497 472 1575 511 per
1601 459 1741 500 “alti-

246 521 451 562 tudinem
489 522 725 568 montium,
760 521 904 562 latera
935 521 1135 570 Libani‚”
1163 535 1277 575 quae
1310 522 1554 562 ascendere
1584 522 1740 569 voluit,

247 583 558 637 significantur
599 584 750 624 omnia
790 584 911 624 bona
951 590 997 624 et
1038 598 1143 624 vera
1185 583 1417 631 ecclesiae,
1446 598 1559 636 quae
1600 584 1741 624 voluit

247 647 479 688 destruere
501 661 509 697 ;
543 659 622 700 per
641 650 665 666 “
682 646 970 687 altitudinem
993 647 1229 687 cedrorum
1253 653 1299 687 et
1326 645 1597 687 electionem
1620 647 1742 687 abie-

247 710 383 759 tum,’'
410 724 524 764 quae
557 709 698 750 voluit
726 710 1007 759 exscindere,
1037 710 1347 763 significantur
1370 724 1476 751 vera
1507 710 1743 751 rationalia

251 781 298 815 et
325 772 549 814 naturalia
570 773 718 826 quoad
743 774 1109 826 perceptionem;
1143 786 1221 825 per
1247 773 1442 813 “silvam
1465 773 1588 813 arvi'’
1606 774 1743 825 signi-

250 836 441 877 ficantur
459 835 729 876 scientifica:
766 849 843 888 per
869 835 1063 876 “fluvios
1091 836 1336 889 Aegypti,''
1362 850 1474 889 quos
1497 836 1600 876 vola
1618 850 1743 889 gres·-

247 912 376 939 suum
410 899 679 947 exsiccaret,
715 898 993 951 significatur
1030 896 1255 939 fflscientia
1298 899 1515 940 naturalis
1551 899 1744 940 hominis

249 977 309 1004 ex
336 961 554 1015 spirituali
581 962 767 1015 origine,
798 975 932 1015 quam
964 975 1044 1015 per
1075 962 1281 1003 sensuale
1314 976 1442 1003 suum
1475 963 1745 1003 annihilaret

249 1034 295 1068 et
328 1025 526 1076 deleret;
569 1025 710 1066 “vola
741 1039 976 1078 gressuum
1008 1026 1126 1079 regis
1159 1025 1405 1078 Assyriae”
1437 1033 1507 1067 est
1539 1026 1744 1067 sensuale

249 1096 296 1131 et
322 1089 425 1130 inde
452 1089 751 1135 ratiocinatio,
778 1102 891 1142 quae
915 1095 984 1129 est
1011 1103 1070 1129 ex
1095 1088 1201 1129 solis
1227 1089 1439 1138 fallaciis;
1471 1088 1625 1129 “fluvii
1648 1088 1744 1130 Ae-

249 1152 410 1205 gypti'’
437 1158 541 1192 sunt
575 1151 879 1204 intelligentia
907 1151 1124 1192 naturalis
1156 1153 1349 1192 hominis
1381 1167 1439 1192 ex
1472 1149 1743 1199 scientificis,

250 1230 365 1270 quae
405 1229 464 1256 ex
506 1215 678 1268 origine
721 1214 939 1267 spirituali
980 1221 1099 1263 sunt,
1143 1215 1325 1268 quando
1365 1215 1649 1268 applicantur
1689 1215 1745 1256 ad

252 1278 562 1320 confirmanda
588 1291 693 1318 vera
719 1277 938 1318 ecclesiae
966 1291 1078 1331 quae
1106 1285 1210 1318 sunt
1238 1278 1497 1330 spiritualia.

335 1339 415 1393 [0.]
451 1339 678 1392 Quoniam
698 1339 846 1378 omnis
870 1338 1009 1379 homo
1033 1339 1153 1392 apud
1178 1352 1314 1392 quem
1333 1339 1527 1380 ecclesia
1550 1339 1745 1392 implan-

251 1402 394 1443 tanda
434 1408 518 1449 est,
562 1400 753 1454 primum
791 1400 1081 1440 instruendus
1122 1407 1192 1441 est
1233 1402 1276 1441 in
1319 1400 1590 1449 scientificis,
1622 1400 1747 1454 (nam

250 1465 419 1518 absque
446 1461 742 1504 instructione
770 1463 988 1504 naturalis
1015 1463 1209 1504 hominis
1237 1477 1315 1516 per
1342 1464 1603 1512 scientifica,
1633 1477 1746 1517 quae

251 1529 390 1570 etiam
417 1534 521 1568 sunt
544 1528 692 1568 variae
720 1527 1030 1580 experientiae
1057 1541 1115 1567 ex
1149 1527 1387 1567 mundanis
1414 1534 1460 1568 et
1493 1527 1745 1573 consortiis,

251 1592 390 1632 homo
417 1604 507 1631 non
540 1597 692 1644 potest
726 1589 962 1630 rationalis
993 1589 1100 1638 fieri,
1130 1596 1175 1630 et
1217 1591 1252 1630 si
1294 1603 1383 1630 non
1425 1589 1473 1630 fit
1514 1590 1747 1630 rationalis

253 1668 335 1695 nec
359 1654 452 1695 fieri
476 1660 631 1707 potest
654 1653 912 1706 spiritualis,
938 1666 1042 1693 nam
1065 1652 1286 1693 rationale
1305 1653 1497 1693 hominis
1516 1653 1747 1706 conjungit

244 1732 303 1758 ‚se
335 1717 392 1758 ab
419 1731 506 1757 una
532 1723 661 1770 parte
694 1730 795 1757 cum
823 1715 1057 1768 spirituali,
1086 1715 1170 1757 hoc
1204 1723 1288 1764 est,
1318 1729 1418 1756 cum
1446 1716 1586 1764 caelo,
1616 1722 1660 1756 et
1693 1715 1749 1755 ab

254 1781 398 1822 altera
429 1786 558 1833 parte
591 1793 691 1820 cum
726 1779 932 1827 naturali,
961 1779 1045 1819 hoc
1079 1786 1162 1827 est,
1201 1792 1301 1819 cum
1334 1778 1541 1832 mundo,)
1571 1785 1617 1819 et
1649 1779 1750 1832 quia

254 1844 446 1886 ecclesia
472 1843 752 1884 instituenda
784 1843 864 1883 fuit
897 1842 1016 1895 apud
1049 1842 1163 1882 filios
1197 1842 1388 1891 Israelis,
1423 1842 1525 1883 ideo
1557 1842 1748 1894 primum

256 1907 474 1949 naturalis
506 1907 643 1947 homo
675 1906 794 1958 apud
827 1905 926 1946 illos
958 1906 1246 1946 instruendus
1281 1912 1391 1953 erat,
1425 1905 1545 1958 quod
1577 1911 1672 1946 erat
1705 1906 1748 1945 in

254 1972 371 2012 veris
398 1970 663 2011 naturaliter
695 1976 740 2010 et
773 1983 951 2022 quoque
978 1968 1223 2009 scientifice
1250 1967 1508 2009 intellectis.
1570 1968 1672 2008 Hoc
1701 1975 1748 2009 ut

255 2039 670 2087 repraesentaretur
694 2039 739 2073 et
763 2031 1103 2084 significaretur,
1124 2030 1290 2072 sactum
1317 2038 1400 2080 est,
1427 2038 1475 2072 ut
1498 2031 1748 2078 Abraham,

256 2096 378 2149 cujus
401 2096 570 2149 posteri
593 2095 973 2148 repraesentaturi
997 2100 1125 2134 erant
1151 2093 1403 2142 ecclesiam,
1429 2100 1474 2134 et
1497 2094 1591 2146 ipse
1614 2101 1750 2146 caput

256 2173 363 2212 ejus,

324 2248 576 2288 peregrinatus
594 2247 639 2279 sit
657 2247 691 2278 in
708 2247 876 2287 Aegypto
891 2255 970 2278 cum
984 2256 1049 2278 sua
1065 2256 1186 2284 uxore,
1201 2252 1235 2277 et
1253 2246 1298 2277 ibi
1316 2246 1538 2287 aliquantum
1553 2255 1754 2277 commora-

436 2298 492 2323 tus
517 2292 613 2332 (Gen.
634 2291 692 2323 xii.
715 2299 763 2329 10,
781 2291 887 2331 seq.);

259 2374 305 2409 et
332 2368 450 2417 dein,

326 2443 431 2484 Quod
450 2443 604 2484 Jacobus
622 2452 701 2474 cum
723 2442 802 2474 filiis
821 2443 905 2479 suis,
923 2442 981 2483 qui
1002 2448 1086 2473 tunc
1107 2442 1166 2473 filii
1189 2442 1332 2473 Israelis
1351 2442 1465 2473 vocati
1483 2447 1575 2480 sunt,
1594 2451 1638 2473 ex
1654 2451 1753 2473 man-

435 2488 518 2518 dato
536 2487 712 2517 abiverint
733 2487 768 2517 in
787 2487 1004 2526 Aegyptum,
1023 2492 1058 2517 et
1075 2486 1314 2517 habitaverint
1331 2486 1367 2517 in
1386 2485 1562 2523 Goschen,
1581 2495 1670 2526 quae
1687 2485 1754 2516 fuit

435 2531 571 2570 optima
584 2537 756 2561 terrarum
773 2530 938 2570 Aegypti,
953 2539 993 2560 ac
1010 2530 1058 2560 ibi
1075 2530 1134 2561 diu
1149 2530 1410 2570 permanserint
1426 2529 1522 2569 (Gen.
1536 2529 1629 2567 xlvi.,
1643 2529 1730 2569 seq.)
1745 2538 1751 2563 ;

259 2625 306 2660 et
332 2619 417 2659 hoc
445 2625 684 2671 propterea
706 2625 755 2659 ut
782 2619 825 2658 in
849 2618 968 2658 veris
988 2618 1177 2670 primum
1196 2616 1509 2658 scientifice'et
1537 2616 1751 2657 naturali-

259 2690 329 2723 ter
351 2683 692 2729 instruerentur,
713 2688 959 2734 antequam
983 2680 1297 2733 spiritualiter:
1326 2681 1511 2733 quisque
1534 2680 1652 2720 enim
1675 2693 1754 2732 per

258 2759 365 2786 vera
386 2744 630 2785 scientifice
653 2751 699 2784 et
723 2743 991 2784 naturaliter
1008 2741 1242 2783 intellecta
1259 2749 1491 2796 comparat
1510 2742 1591 2782 sibi
1614 2743 1750 2783 ratio-

260 2808 377 2856 nale,
411 2808 455 2847 in
491 2807 612 2860 quod
654 2806 883 2859 spirituale
922 2812 1076 2858 potest
1113 2806 1293 2846 influere
1326 2812 1372 2846 et
1404 2805 1604 2858 operari;
1648 2818 1751 2844 nam

253 2866 396 2912 'homo
429 2870 575 2910 lucem
603 2869 728 2917 caeli,
758 2883 871 2922 quae
904 2876 974 2909 est
1007 2868 1086 2908 lux
1114 2868 1368 2922 spiritualis,
1403 2881 1482 2920 per
1514 2867 1749 2916 rationale,

251 2933 381 2988 quod
408 2939 478 2974 est
509 2930 770 2974 intelle&us
797 2932 904 2985 ejus,
932 2931 1093 2982 haurit,
1123 2938 1168 2972 et
1201 2945 1279 2985 per
1305 2930 1526 2972 rationale
1554 2930 1750 2971 illustra-
