1962 3334
215 283 320 333 1408
624 292 957 326 APOCALYPSIS
989 294 1290 327 EXPLICATA.

206 403 301 445 ficis
339 405 620 446 sensualibus
657 407 893 459 cogitant;
938 413 983 448 et
1024 406 1129 447 inde
1166 406 1331 447 Divina
1371 413 1416 447 et
1455 405 1702 460 spiritualia

206 467 409 520 rejiciunt
437 470 551 510 sicut
575 482 664 509 non
691 470 930 520 credenda,
955 470 1057 523 quia
1083 469 1160 510 illa
1186 483 1277 510 non
1305 469 1444 510 oculis
1471 470 1627 511 vident
1654 476 1700 511 et

208 530 413 571 manibus
450 537 678 584 tangunt;
725 538 771 572 et
815 531 1064 572 scientifica
1105 546 1197 580 sua,
1236 546 1350 585 quae
1389 531 1613 572 sensualia
1653 538 1700 573 et

206 593 458 634 materialia
479 594 695 642 fecerunt,
716 594 948 648 applicant
971 595 1028 635 ad
1047 595 1324 636 destruenda
1346 594 1434 635 illa.
1498 594 1597 635 Sint
1622 609 1702 648 pro

206 656 437 709 exemplo,
475 671 534 697 ex
567 656 645 697 illo
677 671 843 710 genere
876 658 1053 706 eruditi,
1087 659 1160 711 qui
1192 658 1394 711 physica,
1428 658 1700 704 anatomica,

206 718 463 768 hortulana,
485 726 531 760 et
554 719 681 773 plura
703 734 817 773 quae
835 720 1098 761 eruditionis
1122 720 1346 761 humanae
1369 726 1488 768 sunt,
1509 726 1700 770 norunt;

206 794 306 821 cum
338 782 495 822 vident
530 782 749 823 mirabilia
781 784 824 823 in
854 797 996 836 regno
1028 783 1210 823 animali
1242 790 1288 824 et
1321 784 1364 823 in
1396 796 1538 835 regno
1563 796 1701 835 vege·

205 843 347 890 tabili,
373 845 527 885 dicunt
551 846 687 886 corde
709 846 828 899 quod
852 845 928 886 illa
951 847 1101 886 omnia
1124 847 1213 886 sint
1241 860 1300 886 ex
1326 845 1513 894 Natura,
1538 851 1584 886 et
1612 858 1701 886 non

205 920 231 947 a
254 906 433 955 Divino,
454 914 499 948 et
523 907 609 948 hoc
633 922 692 949 ex
716 922 852 949 causa
871 909 973 962 quia
996 922 1085 950 non
1109 909 1299 950 credunt
1323 909 1405 949 nisi
1428 922 1542 962 quae
1560 907 1701 948 oculis

205 970 363 1010 vident
401 976 446 1010 et
490 971 696 1012 manibus
730 978 955 1025 tangunt;
1003 985 1094 1013 non
1136 972 1255 1012 enim
1297 977 1486 1025 possunt
1524 970 1702 1012 elevare

206 1039 384 1073 mentes
416 1047 518 1073 suas
550 1048 739 1083 sursum,
773 1041 819 1075 et
852 1036 914 1075 sic
946 1035 1098 1075 videre
1131 1033 1208 1074 illa
1239 1048 1263 1074 e
1296 1033 1395 1074 luce
1427 1032 1554 1081 caeli,
1588 1033 1700 1074 haec

205 1097 324 1136 enim
358 1096 436 1136 lux
469 1096 556 1137 illis
589 1104 658 1138 est
692 1097 867 1151 caligo;
907 1098 986 1138 sed
1019 1098 1228 1138 detinent
1261 1103 1439 1137 mentes
1465 1097 1510 1136 in
1536 1103 1701 1137 terres·

205 1159 361 1208 tribus,
396 1159 603 1200 similiter
638 1174 782 1214 paene
819 1162 934 1202 sicut
967 1160 1178 1201 animalia
1210 1166 1371 1208 terrae,
1406 1172 1506 1200 cum
1543 1160 1702 1213 quibus

206 1222 344 1262 etiam
377 1223 459 1276 ipsi
492 1237 539 1263 se
565 1230 847 1277 comparant.
909 1224 1079 1272 Verbo,
1109 1229 1214 1264 sunt
1246 1223 1364 1276 apud
1395 1222 1512 1263 tales
1543 1235 1702 1263 omnes

206 1285 423 1326 scientiae
446 1284 590 1327 fac‘tae
609 1286 840 1327 sensuales
859 1301 866 1336 ;
901 1286 1044 1340 qualis
1064 1287 1183 1327 enim
1207 1286 1301 1339 ipse
1325 1285 1463 1325 homo
1486 1291 1570 1333 est,
1591 1285 1702 1326 talia

206 1354 311 1388 sunt
349 1350 501 1389 omnia
539 1363 653 1402 quae
691 1348 950 1405 intellectus
988 1356 1034 1390 et
1072 1349 1324 1390 voluntatis
1360 1347 1453 1400 ejus
1490 1354 1620 1388 sunt:
1665 1349 1702 1389 si
1762 1399 1764 1401 Ι

205 1410 344 1451 homo
362 1412 604 1464 spiritualis
623 1418 708 1461 est,
728 1412 839 1453 fiunt
863 1413 1015 1453 omnia
1034 1411 1308 1465 spiritualia;
1343 1412 1378 1451 si
1402 1411 1540 1451 homo
1563 1411 1701 1451 modo

206 1474 424 1515 naturalis
456 1481 541 1523 est,
570 1474 682 1516 fiunt
715 1476 867 1515 omnia
899 1476 1122 1516 naturalia
1153 1482 1199 1515 et
1233 1488 1323 1515 non
1350 1473 1626 1527 spiritualia;
1665 1474 1701 1514 si

206 1536 344 1578 homo
371 1537 591 1578 sensualis
619 1544 704 1586 est,
733 1537 844 1579 fiunt
873 1539 1024 1579 omnia
1057 1537 1307 1587 sensualia;
1345 1544 1391 1577 et
1424 1536 1510 1576 hoc
1538 1542 1700 1577 utcun-

205 1613 290 1653 que
316 1601 605 1653 apparuerint
633 1614 786 1641 coram
814 1602 983 1641 mundo
1009 1601 1171 1641 eruditi
1202 1607 1248 1641 et
1281 1598 1415 1640 docti.
1478 1598 1567 1640 Sed
1599 1600 1702 1652 quia

206 1663 422 1703 unicuivis
451 1663 621 1704 homini
654 1671 723 1705 est
756 1664 949 1705 facultas
981 1664 1266 1716 intelligendi
1293 1677 1399 1704 vera
1431 1669 1476 1704 et
1510 1663 1700 1716 percipi-

205 1726 309 1767 endi
329 1726 461 1775 bona,
482 1734 671 1780 possunt
695 1727 758 1768 illi
781 1741 840 1768 ex
864 1741 917 1768 ea
939 1727 1157 1768 facultate
1180 1726 1257 1767 illa
1280 1726 1401 1780 loqui
1423 1727 1539 1766 sicut
1561 1727 1700 1766 ratio-

205 1788 332 1829 nales
355 1789 625 1842 spirituales,
647 1790 726 1831 sed
750 1804 889 1843 usque
912 1797 1016 1831 sunt
1040 1789 1271 1830 sensuales
1294 1789 1443 1842 quoad
1467 1789 1671 1842 spiritum
1690 1802 1699 1840 ;

205 1865 310 1892 nam
338 1852 456 1900 talis,
481 1866 581 1893 cum
615 1866 768 1894 coram
796 1853 964 1893 mundo
993 1852 1201 1905 loquitur,
1232 1865 1321 1892 non
1349 1866 1407 1892 ex
1434 1851 1592 1904 spiritu
1619 1851 1698 1891 sed

205 1929 264 1956 ex
287 1916 504 1956 memoria
527 1917 725 1969 corporis
749 1915 957 1969 loquitur.
1022 1915 1148 1956 Haec
1167 1914 1309 1955 allata
1332 1920 1436 1954 sunt
1461 1920 1509 1954 ut
1533 1914 1700 1954 sciatur

205 1978 310 2031 quid
326 1985 430 2019 sunt
447 1978 695 2019 scientifica
710 1978 948 2019 sensualia.
1013 1977 1147 2031 Quod
1165 1978 1277 2018 haec
1298 1978 1497 2017 maxime
1516 1990 1699 2030 persua-

204 2043 359 2090 deant,
389 2056 467 2082 seu
500 2043 699 2083 maxime
729 2043 988 2096 persuasiva
1014 2043 1119 2089 sint,
1148 2048 1218 2082 est
1246 2042 1349 2094 quia
1375 2040 1535 2080 ultima
1561 2039 1698 2080 intel-

205 2103 346 2146 lectus
370 2112 474 2146 sunt
493 2120 501 2155 ;
535 2105 797 2146 intellectus
815 2105 999 2146 enimin
1019 2104 1095 2144 illa
1115 2111 1163 2144 ut
1182 2105 1225 2144 in
1246 2118 1325 2143 sua
1344 2103 1503 2143 ultima
1517 2103 1697 2151 desinit,

204 2182 318 2221 quae
341 2175 530 2221 captant
548 2168 725 2221 vulgus,
745 2168 847 2222 quia
870 2174 976 2208 sunt
999 2168 1293 2220 apparentiae
1317 2180 1375 2207 ex
1399 2165 1565 2206 talibus
1583 2179 1698 2218 quae

205 2232 250 2271 in
277 2232 445 2272 mundo
468 2231 624 2272 vident
652 2245 730 2284 per
753 2231 934 2281 oculos;
970 2237 1015 2271 et
1040 2231 1251 2284 quamdiu
1273 2229 1496 2282 cogitatio
1518 2227 1605 2268 illis
1631 2228 1698 2268 in-

203 2294 376 2342 haeret,
397 2307 524 2335 mens
543 2308 632 2334 non
652 2300 806 2347 potest
825 2294 1002 2347 disponi
1024 2294 1081 2333 ad
1101 2292 1396 2345 cogitandum
1415 2292 1603 2332 interius
1621 2297 1698 2331 aut

204 2371 336 2410 supra
354 2357 444 2405 illa,
462 2358 718 2410 priusquam
736 2363 912 2397 remota
928 2362 1032 2396 sunt
1051 2370 1059 2406 ;
1088 2369 1192 2395 nam
1211 2355 1424 2395 interiora
1442 2368 1556 2407 quae
1571 2367 1697 2394 men-

203 2421 262 2461 tis
281 2426 399 2469 sunt,
425 2421 575 2461 omnia
601 2420 812 2460 desinunt
840 2420 883 2460 in
911 2419 1084 2467 ultima,
1113 2431 1164 2459 ac
1191 2418 1277 2458 illis
1303 2418 1556 2458 innituntur
1582 2418 1696 2459 sicut

204 2483 365 2524 domus
398 2498 477 2524 suo
503 2483 826 2523 fundamento:
865 2489 1141 2536 quapropter
1173 2482 1372 2521 maxime
1404 2480 1695 2533 persuadent,

203 2547 282 2587 sed
309 2546 455 2587 solum
477 2546 564 2586 illis
591 2559 779 2600 quorum
802 2546 930 2586 mens
953 2558 1043 2586 non
1066 2544 1231 2596 elevari
1254 2550 1409 2597 potest
1436 2557 1568 2596 super
1594 2556 1696 2583 sen-

202 2609 372 2659 sualia;
411 2615 457 2649 et
485 2622 612 2649 mens
639 2622 772 2662 supra
803 2608 880 2648 illa
906 2607 1111 2649 elevatur
1136 2607 1255 2660 apud
1287 2606 1390 2647 illos
1421 2607 1494 2659 qui
1526 2606 1570 2646 in
1597 2605 1696 2646 luce

202 2672 314 2713 caeli
342 2679 445 2713 sunt
473 2686 498 2712 a
526 2672 737 2720 Domino,
766 2677 812 2712 et
846 2671 924 2711 lux
951 2671 1065 2718 caeli
1097 2670 1282 2710 discutit
1315 2669 1404 2709 illa.
1467 2669 1579 2709 Inde
1605 2669 1695 2722 spi-

201 2735 387 2776 rituales
402 2735 608 2776 homines
623 2749 723 2776 raro
737 2750 796 2776 ex
812 2735 1094 2775 sensualibus
1109 2735 1334 2787 cogitant,
1351 2733 1558 2786 cogitant
1574 2733 1694 2773 enim

201 2812 259 2839 ex
286 2798 581 2839 rationalibus
607 2805 653 2839 et
680 2796 1093 2847 intellectualibu55
1136 2803 1183 2837 at
1211 2795 1442 2837 sensuales
1469 2795 1690 2843 homines,

203 2861 276 2913 qui
303 2860 683 2902 confirmaverunt
717 2875 765 2902 se
797 2861 841 2901 in
868 2860 989 2901 salsis
1022 2866 1182 2901 contra
1215 2859 1378 2899 Divina
1410 2865 1456 2899 et
1484 2858 1692 2911 spiritua-

203 2922 275 2972 lia,
302 2923 407 2964 dum
435 2924 517 2964 sibi
543 2922 686 2965 reHcsti
713 2930 832 2974 sunt,
858 2937 948 2965 non
972 2924 1178 2977 cogitant
1203 2923 1286 2963 nisi
1313 2936 1372 2963 ex
1399 2920 1693 2963 sensualibus.
