1962 3334
591 264 697 297 cAP.
722 265 804 306 XL,
826 266 965 299 vens.
993 259 1163 299 18.—N.
1184 258 1352 313 695[b].
1470 270 1475 273 ·
1604 262 1708 313 1845

222 374 390 416 faciunt
425 381 472 416 et
506 390 660 418 verum
692 377 935 431 loquuntur
963 393 1054 420 non
1086 386 1273 433 propter
1310 394 1359 421 se
1395 386 1443 421 et
1474 381 1707 428 mundum,
1740 397 1748 403 ·

221 437 303 477 sed
332 445 517 490 propter
546 439 691 491 ipsum
727 440 894 481 bonum
930 448 978 482 et
1012 443 1159 494 ipsum
1188 457 1358 491 verum,
1392 443 1709 496 intelliguntur

221 511 302 550 per
339 499 440 540 illos
480 502 554 554 qui
592 501 968 555 “eleemosynam
1009 503 1176 544 faciunt
1216 506 1261 544 in
1302 505 1513 546 occulto”
1547 512 1594 546 et
1634 506 1707 558 qui

222 564 394 603 “orant
423 563 468 603 in
499 563 730 614 occulto;''
770 578 875 606 nam
905 565 1073 607 faciunt
1109 573 1156 607 et
1192 573 1324 607 orant
1354 581 1414 607 ex
1445 581 1598 608 amore
1629 582 1708 608 seu

220 622 470 674 affectione,
502 627 566 666 ita
595 640 655 667 ex
686 627 909 678 Domino;
951 629 1036 669 hoc
1073 629 1224 682 itaque
1255 636 1325 670 est
1357 643 1507 670 amare
1538 630 1705 670 bonum

219 691 268 726 et
303 700 457 728 verum
489 696 672 742 propter
707 689 874 730 bonum
909 697 956 731 et
987 705 1167 741 verum;
1210 693 1266 732 de
1302 692 1371 732 his
1406 693 1509 733 ideo
1545 693 1708 734 dicitur

219 748 340 800 quod
379 750 549 791 “Pater
582 753 628 792 in
664 752 800 792 caelis
835 753 997 794 reddet
1034 753 1121 794 illis
1155 755 1200 794 in
1236 755 1476 795 manifesto
1491 755 1526 795 :’'
1569 769 1705 808 quare

219 823 318 850 esse
352 812 397 852 in
433 812 562 853 bonis
598 820 645 854 et
681 815 724 855 in
760 816 876 855 veris
911 829 970 855 ex
1006 829 1158 856 amore
1189 823 1266 856 aut
1303 815 1552 865 affectione,
1585 818 1705 871 quod

217 873 336 913 idem
362 881 432 915 est
457 888 558 915 cum
583 890 681 916 esse
706 877 751 917 in
776 877 862 917 illis
892 891 919 918 a
943 878 1154 927 Domino,
1182 886 1252 919 est
1278 892 1464 927 merces,
1493 881 1704 932 quoniam

217 935 263 975 in
303 936 390 977 illis
429 945 499 978 est
540 939 728 987 caelum,
765 953 816 980 ac
858 954 991 981 omne
1031 941 1215 981 beatum
1255 955 1307 982 ac
1343 942 1535 983 faustum
1577 942 1703 983 caeli.

218 998 359 1052 Apud
382 999 560 1049 Lucam,

283 1087 463 1129 “Quando
486 1089 613 1121 feceris
636 1091 823 1130 prandium
847 1098 908 1122 aut
931 1101 1068 1130 cenam,
1089 1102 1135 1123 ne
1158 1102 1263 1124 voca.
1277 1118 1307 1124 ..
1321 1093 1476 1130 divites,
1496 1103 1541 1124 ne
1566 1093 1659 1125 forte
1678 1094 1703 1125 ii

311 1135 318 1140 ‘
390 1132 546 1163 vicissim
571 1140 606 1164 te
630 1141 768 1172 vocent,
792 1141 829 1166 et
851 1135 912 1166 fiat
935 1135 999 1166 tibi
1022 1137 1231 1172 retributio:
1262 1137 1341 1168 sed.
1356 1161 1363 1168 .
1377 1162 1384 1168 .
1399 1147 1504 1168 .voca
1527 1147 1703 1178 pauperes

397 1200 406 1207 .
419 1200 427 1207 .
440 1200 448 1207 .
462 1185 491 1212 .;
515 1182 597 1207 tunc
614 1177 738 1208 beatus
754 1179 834 1215 eris,
852 1179 934 1218 quia
952 1189 1025 1209 non
1045 1179 1178 1210 habent
1196 1180 1242 1210 ad
1258 1180 1523 1211 retribuendum
1541 1181 1625 1217 tibi:
1650 1191 1703 1212 re-

389 1219 562 1251 tribuetur
576 1221 672 1251 enim
690 1221 752 1252 tibi
769 1222 805 1252 in
822 1220 1082 1253 resurreetione
1094 1222 1112 1233 ”
1129 1230 1351 1254 mortuorum
1368 1224 1452 1262 (xiv.
1473 1226 1611 1263 12-14):

217 1319 296 1360 per
322 1306 504 1348 “facere
530 1309 763 1360 prandium
790 1316 837 1350 et
863 1323 1036 1357 cenam,
1064 1317 1111 1351 et
1136 1325 1299 1351 vocare
1330 1312 1387 1352 ad
1418 1311 1532 1360 illa‚'’
1557 1312 1700 1353 simile

215 1368 491 1421 significatur
521 1384 601 1423 per
628 1372 748 1424 quod
779 1372 886 1412 dare
917 1373 1051 1413 edere
1083 1380 1129 1413 et
1160 1373 1326 1422 bibere,
1356 1388 1433 1415 seu
1465 1388 1628 1427 panem
1653 1382 1700 1415 et

214 1431 379 1479 vinum,
406 1445 569 1485 nempe
594 1433 737 1474 facere
764 1435 972 1486 proximo
997 1434 1163 1475 bonum
1191 1450 1242 1476 ac
1269 1436 1431 1476 docere
1457 1450 1625 1484 verum,
1653 1444 1699 1476 et

215 1493 278 1533 sic
314 1494 462 1547 quoad
490 1492 697 1535 ¹amorem
734 1497 1007 1547 consociari;
1053 1499 1126 1550 qui
1166 1499 1316 1551 itaque
1356 1499 1400 1538 id
1436 1499 1604 1539 faciunt
1640 1499 1699 1539 ob

214 1554 348 1596 finem
385 1563 434 1597 ut
470 1558 785 1606 retribuantur,
819 1559 863 1598 id
899 1573 989 1599 non
1025 1560 1193 1600 faciunt
1229 1568 1414 1612 propter
1449 1561 1616 1601 bonum
1652 1568 1699 1602 et

215 1624 399 1671 propter
420 1633 587 1667 verum,
606 1621 669 1660 ita
692 1634 782 1661 non
804 1635 863 1660 ex
888 1621 1097 1670 Domino,
1121 1623 1200 1663 sed
1224 1630 1408 1675 propter
1429 1637 1477 1663 se
1498 1631 1545 1664 et
1568 1637 1696 1664 mun-

214 1680 335 1728 dum,
362 1681 426 1721 ita
450 1695 508 1721 ex
535 1682 733 1732 inferno;
765 1684 839 1736 qui
863 1698 970 1723 vero
996 1684 1161 1725 faciunt
1186 1685 1263 1725 illa
1288 1699 1378 1725 non
1405 1686 1464 1726 ob
1489 1685 1622 1726 finem
1649 1694 1696 1727 ut

214 1743 528 1792 retribuantur,
562 1744 625 1784 illi
660 1745 826 1786 faciunt
863 1745 939 1785 illa
974 1753 1158 1799 propter
1193 1747 1283 1795 illa,
1316 1761 1478 1800 nempe
1514 1755 1699 1802 propter

213 1805 381 1846 bonum
407 1813 452 1846 et
478 1820 658 1855 verum;
695 1815 742 1848 et
773 1809 845 1861 qui
871 1808 1037 1849 faciunt
1063 1816 1247 1862 propter
1271 1810 1360 1857 illa,
1389 1811 1417 1850 ii
1442 1811 1609 1852 faciunt
1635 1825 1695 1852 ex

213 1866 314 1915 illis,
341 1868 406 1908 ita
430 1876 488 1908 ex
517 1869 727 1917 Domino,
754 1883 781 1910 a
810 1884 898 1923 quo
922 1871 999 1910 illa
1023 1872 1140 1923 apud
1167 1872 1395 1912 hominem
1421 1880 1555 1922 sunt;
1592 1873 1697 1914 bea·

213 1930 362 1971 titudo
386 1931 607 1979 caelestis,
632 1946 745 1985 quae
771 1933 816 1972 in
842 1933 929 1972 illis
954 1932 1080 1974 factis
1105 1942 1189 1982 est,
1214 1941 1260 1975 et
1285 1935 1389 1975 inde
1415 1949 1474 1975 ex
1501 1935 1601 1982 illis.
1625 1944 1695 1977 est

216 1993 464 2041 “merces,”
504 2007 555 2033 ac
596 1994 864 2047 intelligitur
904 2009 982 2047 per
1022 1997 1141 2049 quod
1184 1997 1489 2038 “retribuetur
1530 1998 1611 2039 tibi
1650 1999 1695 2039 in

213 2054 565 2096 resurreetione’
591 2064 880 2097 mortuorum.
940 2057 1078 2110 Apud
1109 2060 1315 2107 eundem,

280 2150 433 2182 “Potius
452 2158 569 2182 amate
590 2152 753 2183 inimicos
774 2158 921 2189 vestros,
941 2159 976 2183 et
999 2153 1207 2190 benefacite,
1226 2160 1331 2194 atque
1356 2161 1479 2186 mutuo
1502 2155 1584 2187 date
1608 2156 1696 2187 nihil

387 2195 694 2277 ³9d5‚‚⁵¹('e.¹'³¹¹¹)e⁵³
719 2202 801 2226 tunc
820 2197 887 2226 erit
907 2205 1041 2227 merces
1058 2204 1177 2227 vestra
1195 2198 1317 2235 multa,
1333 2205 1368 2228 et
1388 2198 1485 2229 eritis
1507 2199 1567 2230 filii
1587 2199 1696 2231 Altis-

385 2248 464 2269 srmi
526 2248 569 2269 vi.
587 2247 627 2277 35
654 2250 661 2270 :

212 2337 292 2377 per
330 2325 441 2366 haec
478 2325 786 2378 significantur
821 2327 979 2366 similia
1015 2341 1128 2380 quae
1169 2341 1248 2380 per
1287 2328 1364 2369 illa
1399 2342 1508 2369 mox
1544 2331 1692 2382 prius:

212 2400 388 2440 nempe,
407 2389 525 2441 quod
548 2401 637 2428 non
661 2389 1028 2429 benefaciendum
1051 2390 1108 2430 sit
1131 2397 1313 2443 propter
1334 2392 1691 2440 retributionem,

211 2449 297 2490 hoc
315 2457 399 2498 est,
419 2463 508 2490 non
528 2458 711 2503 propter
728 2464 775 2490 se
797 2458 843 2491 et
867 2452 1095 2499 mundum,
1114 2453 1177 2492 ita
1199 2466 1288 2493 non
1308 2461 1491 2506 propter
1512 2454 1690 2500 samam,

211 2511 414 2564 gloriam,
439 2512 654 2552 honorem
681 2519 727 2552 et
754 2513 936 2559 lucrum,
961 2514 1039 2553 sed
1066 2521 1250 2566 propter
1271 2515 1540 2566 Dominum;
1572 2518 1692 2570 quod

211 2581 281 2614 est
317 2581 500 2627 propter
534 2576 678 2627 ipsum
719 2576 886 2615 bonum
927 2582 973 2615 et
1010 2590 1178 2623 verum,
1217 2591 1331 2630 quae
1371 2579 1488 2631 apud
1530 2580 1630 2620 illos
1667 2594 1694 2619 a

212 2636 410 2677 Domino
435 2645 552 2686 sunt,
577 2639 638 2678 ita
664 2639 706 2677 in
734 2638 891 2690 quibus
916 2645 985 2678 est
1012 2638 1257 2680 Dominus:
1291 2654 1369 2693 per
1397 2646 1583 2682 “amare
1610 2644 1691 2682 ini-

212 2700 351 2740 micos
376 2706 422 2740 et
445 2700 705 2741 benefacere
728 2700 853 2747 illis,”
875 2701 918 2740 in
941 2714 1074 2741 sensu
1096 2704 1317 2754 proximo,
1341 2704 1398 2744 ibi
1425 2705 1692 2757 intelligitur

211 2775 361 2802 amare
393 2769 554 2814 gentes
585 2769 631 2802 et
662 2762 923 2803 benefacere
954 2763 1053 2810 illis,
1087 2765 1206 2817 quod
1237 2765 1314 2806 fiet
1345 2767 1551 2807 docendo
1592 2767 1692 2808 illos

211 2838 379 2873 verum,
398 2831 444 2865 et
462 2838 539 2878 per
560 2825 604 2865 id
622 2825 829 2865 ducendo
847 2825 947 2866 illos
969 2827 1025 2866 ad
1043 2826 1209 2867 bonum
1227 2843 1236 2877 ;
1260 2842 1362 2869 narn
1381 2843 1493 2881 gens
1509 2830 1692 2882 Judaica

211 2887 369 2928 fratres
387 2894 432 2928 et
454 2888 621 2928 amicos
641 2888 863 2929 vocabant
887 2902 1002 2938 SUOS,
1022 2890 1099 2930 sed
1118 2890 1272 2932 hostes
1294 2899 1339 2932 et
1358 2893 1560 2934 inimicos
1578 2907 1690 2946 gen-
