1962 3334
587 270 692 303 CAP.
716 269 798 309 XL,
821 266 959 299 VERs.
987 263 1157 310 19.—N.
1178 251 1346 308 700[b].
1599 249 1704 302 1875

225 384 332 427 inde
356 389 427 425 est
452 382 571 437 quod
592 382 767 422 dicatur
790 375 1171 424 “sanemariumss’
1191 381 1239 416 et
1265 374 1442 415 dicatur
1466 374 1554 412 “ut
1578 369 1708 410 habi-

227 453 323 489 tem
353 447 398 487 in
428 445 578 486 medio
602 442 793 484 eorum.’'
853 441 988 494 Quod
1019 441 1064 480 in
1095 438 1246 492 specie
1276 435 1510 477 concernit
1541 444 1707 478 arcam,

226 509 333 563 quid
368 520 534 561 nempe
566 506 657 554 illa,
695 513 792 546 tum
831 502 1231 558 “propitiatorium
1246 499 1266 515 ”
1302 511 1436 551 super
1470 511 1538 545 ea,
1576 502 1626 535 ut
1662 501 1710 535 et
1740 516 1747 526 ·

229 570 482 612 “cherubi’'
503 583 636 623 super
659 566 987 621 propitiatorio,
1012 563 1284 617 significant,
1313 568 1410 602 tum
1434 559 1540 614 quid
1567 558 1710 598 “lim-

229 631 312 671 bus
347 629 535 671 aureus”
567 629 732 669 circum
768 639 933 673 arcam,
972 625 1135 678 quidve
1174 627 1405 676 “quatuor
1440 620 1593 661 annuli
1630 635 1710 674 pro

229 691 470 741 vefflbus,’'
493 698 589 732 tum
619 690 724 744 quid
749 687 980 736 “velum,“
1006 685 1270 734 “ansulae‚”
1292 697 1393 725 cum
1424 683 1604 736 reliquis
1635 683 1708 730 ibi,

231 753 539 807 1¹1significant,
565 753 609 792 in
639 751 840 791 Arcanis
865 748 1143 791 caelestibus
1173 758 1207 793 (a
1225 766 1256 786 n.
1273 755 1388 794 [219484
1406 757 1448 785 ad
1466 763 1557 793 9577.
1571 756 1652 793 9670
1669 756 1711 784 ad

229 825 324 862 9680)
352 813 560 853 videatur
589 811 838 863 explicata.
898 809 1003 861 Ipsa
1038 806 1260 847 sanctitas
1298 806 1439 846 totius
1473 804 1709 844 Taberna-

231 874 319 915 culi
348 873 429 914 suit
460 887 519 914 ex
551 871 850 918 Testimonio,
874 869 960 910 hoc
993 875 1079 916 est,
1106 882 1166 908 ex
1197 867 1369 908 duabus
1401 865 1567 906 tabulis
1599 865 1710 918 lapi-

230 937 336 977 dum
358 935 515 989 quibus
538 935 637 975 Lex
660 934 874 986 inscripta
895 932 990 979 fuit,
1014 945 1074 971 ex
1096 943 1231 971 causa
1252 930 1355 982 quia
1378 932 1403 948 “
1418 928 1517 968 Lex
1530 927 1549 942 '’
1571 927 1709 979 signi-

230 998 396 1039 ficabat
429 998 673 1038 Dominum
705 995 852 1049 quoad
885 994 1098 1034 Divinum
1130 992 1315 1039 Verum,
1349 997 1396 1032 et
1427 991 1531 1031 inde
1562 990 1710 1043 quoad

229 1061 447 1108 Verbum,
474 1073 578 1100 nam
610 1059 696 1100 hoc
728 1065 798 1099 est
832 1058 1043 1098 Divinum
1076 1055 1260 1096 Verum.
1322 1053 1456 1106 Quod
1489 1053 1710 1093 Dominus

229 1124 288 1165 sit
314 1123 531 1171 Verbum,
559 1128 743 1163 constat
769 1121 888 1174 apud
914 1119 1180 1168 Jolzannem,
1208 1117 1282 1158 ubi
1308 1117 1483 1164 dicitur,

294 1222 478 1254 “Verbum
498 1228 573 1252 erat
591 1221 686 1261 apud
694 1220 832 1256 ‘Deum,
852 1225 888 1250 et
913 1218 1010 1249 Deus
1034 1223 1111 1249 erat
1127 1216 1312 1253 Verbum„
1327 1240 1335 1247 .
1348 1240 1356 1247 .
1371 1221 1421 1246 ,et
1439 1214 1597 1246 Verbum
1617 1213 1710 1245 Caro

402 1263 535 1296 factum
553 1271 616 1301 est,
634 1270 668 1295 ct
684 1263 857 1294 habitavit
873 1262 965 1293 inter
984 1271 1050 1292 nos
1062 1260 1081 1272 ’¹
1098 1260 1186 1300 (cap.
1205 1260 1226 1291 i.
1247 1267 1274 1297 1,
1292 1267 1321 1297 2,
1342 1260 1404 1298 14).

310 1374 394 1428 [b.]
437 1374 572 1427 Quod
612 1373 729 1419 LeX,
761 1386 877 1425 quae
911 1377 1107 1412 vocatur
1140 1376 1187 1410 et
1222 1367 1632 1409 “Testimonium‘’
1662 1374 1709 1408 et

231 1435 489 1484 “Foedus,”
514 1435 623 1475 data
649 1434 778 1475 fuerit
804 1434 847 1473 in
876 1445 1042 1480 arcam,
1067 1438 1114 1472 et
1140 1430 1344 1472 similiter
1370 1430 1504 1470 Liber
1529 1444 1554 1470 a
1580 1429 1710 1469 Mose

228 1499 435 1551 scriptus,
463 1504 645 1538 constat
672 1511 731 1537 ex
757 1496 825 1536 his
852 1495 969 1549 apud
995 1494 1135 1543 illum,

296 1592 434 1624 “Dabis
457 1593 494 1624 in
518 1602 636 1624 arcam
661 1591 924 1631 Testimonium
949 1590 1043 1631 quod
1066 1590 1158 1621 dabo
1182 1588 1272 1620 tibi’'
1296 1588 1418 1627 (Exod.
1443 1598 1524 1619 xxv.
1546 1588 1608 1625 16;
1636 1597 1710 1628 cap.

295 1679 315 1693 '⁴
326 1636 587 1710 Posgil.gg)¹l.las
598 1678 616 1689 ”
632 1678 735 1718 Legis
750 1678 812 1709 “in
827 1687 910 1708 arca
922 1686 1027 1717 quam
1042 1676 1206 1713 feceram,
1221 1682 1260 1706 ut
1276 1681 1397 1706 essent
1410 1675 1467 1713 ibi,
1482 1674 1711 1715 quemadmo-

401 1722 485 1753 dum
503 1727 730 1762 praeceperat
746 1721 831 1752 mihi
847 1719 1037 1762 Jehovah’'
1054 1719 1189 1759 (Deutr.
1206 1729 1238 1750 x.
1258 1720 1310 1758 5):

229 1813 277 1848 et
302 1807 358 1847 de
383 1806 520 1847 Libro
547 1806 683 1859 Legis
709 1820 735 1846 a
761 1805 890 1846 Mose
916 1805 1099 1858 scripto,

294 1882 414 1914 “Cum
439 1883 592 1914 absolvit
614 1882 735 1913 Moses
755 1882 909 1912 scribere
927 1882 1034 1912 verba
1058 1881 1163 1920 Legis
1187 1880 1293 1920 hujus
1317 1889 1424 1920 super
1446 1879 1574 1910 librum
1598 1889 1710 1919 usque

402 1926 485 1957 dutn
497 1926 758 1957 consummavit
774 1935 825 1962 ea,
840 1925 1019 1965 praecepit
1037 1924 1159 1955 Moses
1178 1923 1310 1955 Levitis
1323 1924 1546 1963 portantibus
1559 1922 1710 1959 arcam,'’

408 1994 416 2001 .
431 1994 438 2001 .
452 1994 459 2000 .
475 1977 527 2000 ,ιη
543 1969 744 2009 acciperent
763 1968 904 1999 Librum
928 1968 1042 2007 Legis,
1060 1974 1094 1998 et
1113 1974 1287 2007 ponerent
1307 1977 1328 1998 a
1347 1967 1457 1998 latere
1473 1976 1574 1997 arcae
1590 1966 1711 1997 foede-

403 2013 460 2050 ris,
477 2019 515 2044 ut
531 2013 577 2043 sit
593 2013 640 2043 ibi
656 2012 692 2043 in
710 2018 836 2043 testem
854 2011 988 2051 (Dcutr.
1006 2011 1099 2042 xxxi.
1116 2008 1200 2052 [24]
1220 2018 1271 2049 25,
1289 2011 1362 2049 26):

229 2122 289 2149 ex
310 2122 399 2161 quo
422 2115 552 2161 patet
575 2109 693 2162 quod
717 2109 836 2149 intus
859 2109 901 2148 in
925 2121 1029 2148 arca
1047 2121 1136 2148 non
1159 2107 1320 2148 fuerint
1343 2108 1426 2147 nisi
1444 2121 1578 2160 quam
1596 2107 1710 2148 duae

230 2170 412 2211 tabulae
439 2171 650 2224 lapidum.
680 2171 837 2224 quibus
860 2171 1077 2223 inscripta
1102 2170 1182 2210 fuit
1215 2170 1328 2217 Lex,
1357 2177 1403 2210 et
1436 2171 1555 2223 quod
1586 2184 1611 2210 a
1644 2170 1709 2210 la-

230 2239 326 2274 tere
352 2234 445 2286 ejus
477 2241 598 2274 esset
631 2234 765 2274 Liber
797 2233 948 2273 Mosis.
1011 2232 1144 2285 Quod
1176 2246 1267 2272 non
1299 2234 1382 2273 nisi
1412 2247 1547 2286 quam
1578 2234 1710 2274 binae

229 2296 412 2337 tabulae
443 2296 634 2336 foederis
665 2296 826 2336 fuerint
856 2297 901 2335 in
933 2309 1050 2343 arca,
1084 2302 1268 2336 constat
1300 2309 1359 2336 ex
1390 2295 1526 2335 Libro
1555 2296 1711 2336 Primo

228 2358 412 2411 Regum,

296 2445 406 2478 “Non
424 2447 459 2477 in
477 2456 557 2477 arca
571 2447 638 2477 nisi
655 2447 745 2477 duae
759 2446 898 2477 tabulae
912 2446 1079 2486 lapidum,
1093 2456 1180 2487 quas
1194 2446 1351 2486 reposuit
1365 2446 1411 2477 ibi
1427 2446 1549 2477 Moses
1568 2448 1602 2479 in
1618 2447 1711 2478 Cho-

403 2491 497 2526 rebo‚
515 2490 640 2520 foedus
658 2490 750 2530 quod
768 2490 901 2529 pepigit
916 2489 1078 2530 Jehovah
1094 2499 1172 2520 cum
1190 2490 1270 2520 filiis
1288 2489 1429 2521 Israelis
1444 2490 1462 2501 '’
1479 2490 1562 2530 (viii.
1579 2491 1622 2531 9).

232 2579 365 2634 Quod
407 2581 541 2621 Liber
586 2581 725 2621 Mosis
767 2581 839 2634 qui
881 2594 906 2621 a
948 2580 1089 2621 latere
1125 2595 1256 2622 arcae
1291 2583 1515 2635 repositus
1551 2582 1707 2629 fuerat,

231 2650 392 2696 postea
423 2651 663 2696 exemptus
695 2649 741 2683 et
775 2649 1069 2684 conservatus
1099 2644 1156 2684 sit
1187 2645 1231 2684 in
1262 2643 1470 2698 Templo,
1499 2652 1708 2686 constare

232 2712 386 2759 potest
412 2719 470 2746 ex
497 2720 565 2752 eo,
593 2706 712 2759 quod

298 2794 436 2826 Chilkia
456 2795 620 2826 sacerdos
642 2805 792 2834 magnus
813 2795 988 2826 invenerit
1009 2795 1151 2826 Libmm
1173 2795 1278 2835 Legis
1298 2796 1332 2826 in
1353 2796 1460 2826 domo
1484 2795 1653 2836 Jehovae,
1671 2802 1707 2827 et

405 2838 539 2869 dederit
564 2838 772 2877 Schaphani.
799 2839 855 2877 qui
880 2838 968 2869 dixit
993 2839 1027 2869 id
1052 2836 1132 2870 &lad
1156 2849 1286 2879 regem,
1312 2848 1346 2870 et
1372 2839 1456 2879 legit
1480 2849 1560 2870 eum
1586 2848 1705 2870 coram

404 2891 485 2922 rege
504 2883 537 2919 (2
556 2882 632 2923 Reg.
651 2881 731 2912 xxii.
751 2881 857 2919 8-11).
