1962 3334
603 282 710 315 CAP.
732 281 813 321 XL,
835 278 975 311 VERS.
997 258 1144 321 9.÷-N.
1165 264 1326 320 659[c].
1519 288 1521 290 -
1585 261 1693 315 1767

205 415 284 456 per
311 399 513 441 “divites
524 397 544 413 ”
569 410 680 450 quos
705 395 873 435 “daret
902 393 948 433 in
975 390 1195 432 mortibus
1221 387 1351 437 suis,”
1376 385 1695 439 intelliguntur

206 465 280 518 qui
305 463 363 504 ab
389 461 581 503 ecclesia
606 460 650 499 in
676 458 799 499 salsis
826 470 885 497 ex
911 454 1032 496 malo
1057 460 1176 501 sunt,
1201 453 1275 506 qui
1296 457 1518 492 vocantur
1542 448 1693 489 “divi-

206 534 278 568 tes
291 526 312 542 ”
325 539 384 566 ex
406 522 741 578 cognitionibus
760 520 852 560 veri
872 524 919 559 et
941 518 1047 558 boni
1064 530 1179 570 quae
1197 515 1284 555 illis
1302 520 1407 554 sunt
1430 527 1490 554 ex
1508 511 1664 552 Verbo
1683 525 1692 559 ;

207 588 319 631 salsa
344 601 403 628 ex
430 585 551 626 malo
576 582 887 637 significantur
912 595 991 634 per
1019 577 1270 626 “mortes,’‘
1293 577 1505 630 quoniam
1530 574 1595 615 illi
1620 573 1695 627 qui

207 653 253 692 in
282 651 334 692 iis
366 647 658 703 spiritualiter
683 645 847 686 mortui
878 649 998 684 sunt.
1061 641 1149 694 Qui
1181 640 1238 681 de
1271 639 1371 680 Deo
1401 645 1448 679 et
1485 637 1695 691 proximo

208 715 417 767 cogitant
451 710 570 751 male
606 716 652 750 et
690 721 830 761 usque
861 706 1104 759 loquuntur
1135 704 1264 750 bene,
1298 709 1344 743 et
1376 701 1451 755 qui
1486 701 1542 740 de
1578 699 1695 739 veris

209 776 312 817 fidei
334 782 380 816 et
403 774 460 815 de
482 773 610 814 bonis
636 771 800 812 amoris
823 770 1030 822 cogitant
1053 769 1209 808 insane
1232 772 1279 806 et
1302 765 1546 818 loquuntur
1567 774 1693 808 sane,

209 838 274 879 illi
312 843 417 878 sunt
457 836 642 877 interius
677 832 915 887 sepulchra
952 831 1153 872 exterius
1185 827 1415 876 dealbata,
1448 825 1695 866 secundum

209 901 321 942 haec
349 899 531 940 Domini
558 897 720 938 verba:

276 993 382 1026 “Vae
405 992 521 1030 vobis,
542 991 686 1023 Scribae
710 996 745 1021 et
770 988 965 1026 Pharisaei,
985 986 1206 1028 hypocritae,
1223 985 1309 1026 quia
1331 983 1469 1015 similes
1493 992 1560 1014 vos
1579 981 1698 1013 facitis

386 1035 586 1076 sepulchris
610 1033 797 1070 dealbatis,
824 1042 915 1073 quae
938 1031 1027 1062 foris
1052 1030 1194 1071 quidem
1220 1034 1396 1069 apparent
1420 1027 1576 1067 pulchra,
1601 1026 1698 1056 intus

386 1080 495 1120 plena
508 1085 591 1110 sunt
605 1077 749 1109 ossibus
763 1082 997 1113 mortuorum,
1010 1080 1046 1106 et
1059 1073 1160 1104 omni
1174 1071 1400 1104 immunditie
1411 1070 1429 1082 '’
1443 1069 1586 1110 (Matth.
1599 1068 1698 1100 xxiii.

386 1130 438 1162 27,
457 1131 519 1163 29;
550 1122 633 1152 Luc.
650 1120 696 1152 xi.
712 1128 765 1159 47,
782 1120 859 1159 48);

212 1213 260 1249 et
285 1205 405 1260 apud
430 1205 663 1253 Davidem,

281 1285 300 1309 ’ἕ
311 1283 395 1315 Non
413 1283 451 1313 in
472 1292 534 1313 ore
551 1281 711 1321 cujusvis
728 1279 877 1318 reditum,
891 1279 1048 1311 medium
1066 1287 1190 1310 eorum
1204 1276 1425 1317 perditiones
1441 1284 1448 1311 :
1473 1273 1699 1315 sepulchrum

388 1332 552 1366 apertum
572 1331 693 1366 guttur
712 1334 848 1363 eorum,
866 1324 990 1363 lingua
1009 1332 1076 1354 sua
1094 1319 1355 1353 blandiuntur''
1375 1319 1449 1359 (Ps.
1466 1329 1499 1350 v.
1520 1327 1561 1349 10
1578 1315 1639 1359 [B.
1655 1318 1700 1349 Α.

388 1367 440 1411 91)
452 1381 460 1402 =

221 1466 303 1506 “in
325 1478 401 1505 ore
413 1463 433 1479 ’⁹
446 1462 669 1517 significat
685 1463 901 1510 exterius,
920 1460 1156 1501 “medium
1169 1459 1416 1508 ”interius;
1440 1457 1559 1511 quod
1582 1457 1700 1497 inte-

215 1528 308 1568 rius
333 1528 392 1568 sit
418 1527 651 1575 infernum,
679 1524 960 1579 significatur·
983 1537 1061 1577 per
1086 1522 1206 1576 quod
1234 1526 1431 1574 “guttur
1457 1533 1611 1561 eorum
1643 1520 1701 1560 sit

220 1589 506 1643 sepulchrum
528 1595 735 1642 apertum
754 1587 787 1638 ;''
809 1594 855 1628 et
874 1587 993 1640 quod
1011 1586 1212 1627 exterius
1230 1585 1288 1624 sit
1307 1583 1637 1636 hypocriticam
1655 1589 1702 1623 et

220 1653 337 1693 sicut
367 1665 540 1700 sanum,
565 1651 844 1704 significatur
869 1663 948 1703 per
978 1649 1098 1703 quod
1127 1648 1346 1700 “linguae
1373 1645 1703 1687 blandiantur.’'

222 1714 299 1755 Ex
338 1714 407 1755 his
438 1721 485 1755 et
517 1728 575 1755 ex
607 1714 705 1754 aliis
746 1714 791 1753 in
822 1712 978 1752 Verbo
1010 1711 1135 1758 locis,
1168 1716 1379 1751 constare
1411 1715 1566 1762 potest
1597 1708 1703 1762 quid

219 1776 499 1831 significatur
523 1790 601 1830 per
628 1773 993 1828 “sepulchrum.'’

301 1837 382 1891 [c.]
425 1837 621 1890 Quando
642 1837 796 1889 itaque
818 1836 968 1888 agitur
989 1835 1045 1874 de
1070 1834 1159 1874 illis
1184 1834 1258 1887 qui
1283 1833 1327 1873 in
1352 1832 1477 1873 falsis
1499 1845 1559 1872 ex
1581 1832 1705 1872 malo

220 1906 339 1947 sunt,
359 1905 467 1939 tunc
490 1912 569 1952 per
593 1897 918 1951 “sepulchrum
933 1896 952 1911 ’'
975 1896 1153 1936 illorum
1177 1895 1448 1948 intelligitur
1469 1895 1703 1942 infernum,

219 1975 279 2002 ex
301 1975 390 2015 quo
415 1967 461 2001 et
488 1962 531 2000 in
557 1974 645 2014 quo
667 1960 711 2000 id
737 1959 924 2009 salsum;
957 1966 1004 1999 at
1030 1972 1138 1999 vero
1163 1959 1236 1998 ubi
1262 1959 1412 2010 agitur
1437 1958 1493 1998 de
1519 1957 1606 1998 illis
1632 1958 1706 2011 qui

219 2024 264 2064 in
289 2024 404 2064 veris
429 2037 488 2064 ex
514 2023 634 2063 bono
661 2028 780 2070 sunt,
810 2029 917 2062 tunc
942 2035 1020 2074 per
1048 2020 1407 2074 “sepulchrum‘’
1433 2020 1707 2073 intelligitur

221 2086 415 2126 remotio
445 2092 491 2126 et
529 2083 710 2138 rejectio
747 2084 844 2125 salsi
883 2098 942 2124 ex
980 2083 1115 2129 malo.
1149 2097 1200 2124 ac
1239 2097 1317 2136 per
1355 2082 1707 2136 “sepulturam'’

222 2147 493 2201 intelligitur
519 2148 819 2188 exsuscitatio
845 2153 891 2187 et
918 2144 1184 2187 resurreetio
1210 2147 1253 2186 in
1279 2146 1436 2193 vitam,
1465 2152 1562 2186 tum
1594 2159 1706 2198 quo-

223 2223 309 2263 que
330 2211 643 2263 regeneratio;
678 2222 781 2249 nam
803 2209 921 2262 apud
944 2209 1173 2248 hominem
1197 2209 1270 2261 qui
1295 2209 1339 2248 in
1365 2209 1482 2248 veris
1504 2222 1563 2248 ex
1586 2208 1707 2248 bono

223 2279 308 2320 est,
340 2280 599 2314 removetur
629 2272 789 2313 falsum
821 2285 880 2312 ex
917 2272 1037 2312 malo
1068 2284 1119 2312 ac
1152 2271 1347 2323 rejicitur
1378 2272 1422 2311 in
1459 2271 1707 2321 infernum;

223 2342 271 2377 et
302 2336 397 2389 ipse
428 2335 576 2389 quoad
608 2335 835 2382 interiora,
862 2348 977 2387 quae
1008 2340 1113 2374 sunt
1145 2335 1326 2387 spiritus
1357 2333 1464 2386 ejus,
1498 2335 1707 2387 resurgit,

224 2411 276 2439 ac
307 2399 450 2439 vitam
481 2399 573 2438 veri
604 2411 663 2438 ex
696 2398 830 2444 bono,
858 2411 972 2450 quae
1004 2404 1074 2437 est
1106 2398 1201 2437 vita
1232 2397 1490 2450 spiritualis,
1519 2397 1625 2437 init:
1665 2398 1709 2437 in

225 2460 312 2501 hoc
339 2474 472 2501 sensu
498 2460 768 2512 intelligitur
795 2459 1094 2512 “sepultura”
1119 2460 1164 2499 in
1190 2459 1483 2513 sequentibus
1515 2459 1712 2499 locis:—

227 2522 366 2577 Apud
392 2522 658 2571 Johannem,

293 2618 377 2651 “Ne
393 2618 583 2656 miremini,
598 2619 773 2660 quoniam
791 2618 911 2650 veniet
930 2619 1020 2649 hora
1039 2618 1075 2649 in
1094 2627 1164 2659 qua
1183 2627 1311 2649 omnes
1332 2618 1390 2658 qui
1411 2618 1446 2649 in
1464 2618 1710 2649 monumentis

400 2662 546 2693 audient
569 2672 695 2693 vocem
723 2661 804 2692 Filii
828 2662 996 2698 hominis,
1016 2668 1051 2692 et
1074 2662 1243 2692 exibunt:
1273 2662 1332 2702 qui
1356 2662 1453 2692 bona
1475 2661 1645 2697 fecerunt,
1672 2661 1708 2691 in

399 2703 698 2788 iessqqqffionegm
723 2705 840 2787 v›itae;
865 2705 924 2746 qui
942 2715 1029 2736 vero
1048 2705 1143 2736 mala
1161 2705 1331 2742 fecerunt,
1352 2705 1388 2735 in
1409 2703 1709 2736 resurrecffionem

400 2758 522 2788 Ju1e11
583 2758 614 2780 v.
633 2757 651 2779 2
676 2774 683 2786 ,
702 2757 776 2788 29:

228 2856 308 2896 per
331 2842 443 2883 haec
470 2855 559 2883 non
586 2842 855 2895 intelligitur
880 2842 999 2896 quod
1026 2842 1089 2883 illi
1119 2843 1192 2896 qui
1219 2844 1261 2883 in
1289 2842 1536 2896 sepulchris
1562 2856 1639 2883 seu
1666 2842 1710 2882 in

230 2905 534 2946 monumentis
559 2911 678 2954 sunt,
706 2905 899 2946 audituri
931 2905 1019 2946 sint
1046 2918 1204 2946 vocem
1233 2905 1414 2946 Domini
1441 2911 1486 2946 et
1514 2905 1708 2954 exituri;
