1962 3334
244 270 349 313 1432
656 270 990 305 APOCALYPSIS
1021 273 1322 307 EXPLICATA.

238 381 358 435 apud
384 381 619 431 Davidem,

305 457 403 489 “Per
426 459 574 490 verbum
593 459 752 500 Jehovae
772 459 860 491 caeli
881 458 967 492 faeti
991 466 1085 499 sunt,
1106 467 1141 493 et
1161 471 1223 503 per
1239 462 1403 503 spiritum
1424 462 1496 494 oris
1518 462 1636 504 Ipsius
1657 473 1733 496 om·

411 502 467 534 nis
485 503 661 534 exercitus
679 513 803 535 eorum
817 503 835 515 ''
852 503 924 544 (Ps.
944 505 1064 536 xxxiii.
1083 505 1137 545 6);

237 576 357 630 apud
382 578 591 627 eundem,

304 653 523 685 “Lamiam''
543 653 719 695 Jehovam
741 655 896 686 “omnes
916 655 1037 696 angeli
1063 656 1193 697 Ipsius,
1215 657 1360 689 laudate
1381 656 1504 698 Ipsum
1526 667 1652 690 omnes
1673 668 1733 690 ex·

411 697 543 729 ercitus
571 697 698 738 Ipsius,
720 698 861 730 laudate
885 699 1007 739 Ipsum
1032 700 1087 732 sol
1111 707 1146 732 et
1171 700 1266 740 luna,
1285 701 1430 733 laudate
1456 701 1579 742 Ipsum
1604 711 1732 734 omnes

411 741 538 772 stellae
555 741 643 773 lucis
655 741 673 753 ”
691 741 764 781 (Ps.
783 742 913 774 cxlviii.
933 751 962 781 2,
980 743 1034 783 3);

237 816 356 870 apud
381 816 585 866 Esaiam,

303 894 322 908 ‘¹
333 893 576 926 Contabescet
593 895 711 926 omnis
730 895 906 927 exercitus
921 896 1112 934 caelorum,
1127 903 1162 928 et
1179 897 1442 929 convolventur
1455 897 1547 929 sicut
1561 897 1731 930 volumen

411 938 511 976 caeli,
536 944 572 969 et
596 939 714 970 omnis
740 939 915 971 exercitus
939 949 1064 971 eorum
1088 940 1237 979 decidet,
1263 940 1355 973 sieut
1378 941 1511 973 decidit
1534 941 1661 973 folium
1685 942 1730 973 de

413 982 496 1020 vite,
514 987 549 1013 et
565 982 657 1014 sicut
673 982 841 1014 decidens
858 983 902 1015 de
919 983 986 1015 ficu
997 983 1014 995 '¹
1031 983 1164 1024 (xxxiv.
1181 984 1216 1024 4)
1230 993 1238 1023 ;

237 1057 356 1111 apud
379 1058 587 1107 eundern,

304 1133 411 1175 “Ego
431 1134 499 1166 feci
518 1141 661 1174 terram,
683 1141 718 1167 et
741 1136 927 1167 hominem
948 1146 1055 1177 super
1081 1136 1142 1168 illa
1163 1137 1282 1168 creavi
1297 1147 1319 1175 ;.
1335 1162 1342 1170 .
1356 1162 1363 1170 .
1379 1147 1523 1169 .manus
1548 1147 1650 1169 meae
1675 1147 1735 1170 ex-

412 1179 614 1219 panderunt
631 1179 761 1218 caelos,
783 1186 818 1211 et
835 1180 936 1211 omni
954 1181 1127 1212 exercitui
1145 1190 1270 1212 eorum
1288 1181 1453 1222 praecepi
1465 1181 1483 1193 ''
1500 1181 1583 1222 (xlv.
1601 1182 1676 1222 12);

239 1255 359 1309 apud
386 1255 595 1305 eundem,

305 1333 464 1365 “Tollite
485 1334 521 1365 in
539 1334 650 1365 altum
670 1334 794 1366 oculos
812 1340 967 1372 vestros,
986 1340 1021 1366 et
1037 1334 1156 1366 videte
1174 1335 1254 1376 quis
1273 1335 1407 1367 creavit
1423 1335 1522 1373 haec,
1540 1335 1599 1376 qui
1616 1335 1736 1368 educit

414 1378 450 1409 in
467 1387 618 1409 numero
636 1378 831 1409 exercitum
849 1388 986 1416 eorum,
1007 1388 1135 1410 omnes
1154 1379 1303 1410 nomine
1321 1378 1455 1411 vocat'’
1473 1378 1532 1419 (xl.
1548 1379 1624 1419 26);

238 1454 358 1508 apud
383 1454 646 1504 Jeremiam,

306 1531 324 1545 “
334 1530 431 1562 Sicut
454 1540 528 1562 non
553 1536 761 1562 numeratur
780 1531 957 1562 exercitus
977 1530 1167 1569 caelorum,
1188 1536 1224 1563 et
1245 1528 1352 1573 [non]
1373 1536 1602 1563 mensuratur
1620 1541 1733 1563 arena

415 1574 525 1606 maris
536 1573 554 1586 ’'
574 1574 708 1615 (xxxiii.
727 1574 800 1615 22):

239 1662 283 1703 in
315 1662 384 1703 his
410 1662 521 1713 locis
547 1661 630 1711 sol,
656 1661 761 1703 luna
787 1668 833 1703 et
867 1661 1030 1703 stellae
1056 1662 1269 1703 dicuntur
1297 1661 1608 1711 “exercitus‚”
1630 1662 1734 1716 quia

239 1739 319 1779 per
346 1725 562 1767 “solem''
589 1725 868 1779 significatur
894 1726 1062 1766 bonum
1093 1726 1273 1774 amoris,
1301 1739 1380 1779 per
1408 1725 1631 1766 “lunam'‘
1652 1739 1732 1766 ve·-

240 1802 337 1831 rum
374 1803 434 1830 ex
471 1789 606 1838 bono,
640 1795 686 1830 et
727 1803 806 1842 per
840 1788 1071 1830 “stellas'’
1103 1788 1414 1842 significantur
1445 1789 1733 1842 cognitiones

240 1853 405 1894 veriet
438 1852 574 1903 boni;
614 1852 802 1905 proinde
834 1866 914 1905 per
944 1851 1022 1892 illa
1054 1851 1365 1905 significantur
1396 1851 1516 1892 bona
1547 1857 1594 1892 et
1626 1864 1734 1892 vera

242 1916 286 1956 in
318 1916 441 1956 omni
474 1914 734 1968 complexu,
763 1929 877 1968 quae
906 1914 1207 1956 “exercitus’'
1231 1920 1452 1955 vocantur
1477 1914 1737 1968 quiaresis-

241 1984 346 2019 tunt
372 1977 503 2019 malis
535 1985 581 2019 et
614 1977 751 2027 falsis,
779 1991 831 2019 ac
863 1984 1085 2032 perpetuo
1110 1978 1298 2019 vincunt
1330 1991 1384 2018 ea
1415 1978 1531 2018 sicut
1558 1976 1731 2018 hostes.

242 2041 381 2095 Apud
406 2040 648 2090 Danielem,

310 2130 433 2162 Cornu
451 2140 562 2161 unum
582 2130 670 2161 hirci
692 2130 831 2161 “crevit
851 2139 965 2170 usque
985 2129 1031 2161 ad
1055 2129 1250 2161 exercitum
1271 2129 1463 2167 caelorum,
1484 2134 1520 2160 et
1545 2128 1677 2169 dejecit
1696 2129 1734 2160 in

416 2180 547 2205 terram
568 2174 612 2205 de
631 2174 797 2211 exercitu,
815 2179 851 2205 et
874 2174 918 2205 de
943 2173 1069 2211 stellis,
1090 2179 1126 2204 et
1149 2173 1375 2204 conculcavit
1398 2183 1461 2205 ea:
1488 2173 1600 2204 immo
1620 2182 1734 2214 usque

417 2217 463 2249 ad
489 2217 693 2257 Principem
714 2217 891 2248 exercitus
915 2217 1041 2248 extulit
1065 2226 1115 2254 se,
1135 2222 1171 2248 et
1198 2216 1271 2256 Ipsi
1297 2217 1478 2248 sublatum
1504 2222 1559 2248 est
1582 2215 1677 2256 juge,
1698 2222 1735 2248 et

416 2259 617 2302 projetstum
642 2261 886 2292 habitaculum
912 2259 1108 2292 sanctuarii
1135 2259 1263 2300 Ipsius.
1312 2259 1356 2291 Et
1380 2260 1558 2291 exercitus
1581 2260 1734 2291 traditus

417 2311 472 2336 est
497 2314 604 2345 super
631 2304 714 2345 juge
741 2305 778 2335 in
807 2304 1166 2345 praevaricationem,
1192 2303 1275 2344 quia
1304 2303 1456 2344 projecit
1479 2303 1667 2335 veritatem
1697 2303 1734 2334 in

416 2355 559 2380 terram.
590 2373 597 2380 .
613 2373 620 2380 .
634 2373 641 2380 .
657 2373 664 2380 .
675 2348 776 2379 Unus
797 2346 944 2379 sancius
963 2348 1079 2386 dixit„
1095 2372 1102 2380 .
1115 2372 1123 2379 .
1138 2347 1350 2388 ,Quousque
1369 2346 1461 2378 visio
1481 2347 1579 2385 haec,
1599 2346 1683 2387 juge
1700 2352 1736 2378 et

416 2392 679 2433 praevaricatio
696 2398 855 2429 vastans,
875 2398 914 2423 ut
933 2392 1037 2423 detur
1055 2397 1091 2422 et
1109 2389 1275 2422 sanctum
1295 2396 1331 2421 et
1349 2390 1526 2422 exercitus
1546 2390 1735 2422 conculca·

417 2435 530 2468 tioni?
576 2435 620 2466 Et
636 2435 740 2467 dixit.
756 2460 763 2467 .
777 2460 784 2467 .
799 2460 822 2474 .,
839 2435 960 2476 Usque
977 2435 1022 2466 ad
1039 2444 1226 2475 vesperam
1244 2443 1350 2465 mane
1361 2433 1379 2446 ''
1392 2434 1476 2474 (viii.
1492 2435 1630 2473 10-14):

242 2532 348 2587 quid
370 2545 448 2585 per
473 2530 682 2571 “hircum
695 2530 715 2545 ‘⁹
732 2530 806 2579 ibi,
828 2529 960 2583 “ejus
983 2528 1191 2578 cornua‚”
1208 2535 1255 2570 et
1273 2528 1360 2569 hoc
1386 2527 1595 2570 “cornu”
1612 2528 1734 2582 quod

242 2595 383 2636 crevit
411 2608 550 2648 usque
575 2594 632 2634 ad
660 2593 914 2634 exercitum
941 2591 1184 2640 caelorum,
1209 2591 1501 2644 significatur,
1525 2591 1734 2632 videatur

242 2669 378 2709 supra
393 2666 438 2704 (n.
452 2655 593 2707 316[c].
607 2654 906 2706 336[b],[¹³535);
929 2653 1050 2707 quod
1066 2667 1145 2706 per
1159 2653 1444 2693 “exercitum
1459 2651 1734 2700 caelorum,”

242 2717 299 2758 de
331 2731 419 2771 quo
445 2716 610 2769 dejecit
642 2717 686 2756 in
719 2722 901 2764 terram,
929 2714 1246 2767 intelligantur
1270 2727 1378 2754 vera
1409 2720 1456 2755 et
1482 2713 1603 2754 bona
1627 2725 1732 2754 cae-

243 2780 287 2829 li,
315 2792 420 2820 nam
452 2780 602 2832 agitur
633 2779 689 2819 de
721 2785 847 2819 statu
878 2777 1040 2818 ultimo
1071 2776 1305 2825 ecclesiae,
1338 2776 1520 2830 quando
1549 2789 1656 2817 vera
1686 2782 1734 2817 et

242 2843 362 2883 bona
393 2842 507 2883 caeli
538 2841 664 2882 nihili
701 2841 959 2895 penduntur
998 2853 1050 2881 ac
1091 2839 1362 2893 rejiciuntur,
1404 2838 1523 2892 quod
1563 2837 1735 2891 signifi&

243 2910 371 2946 catur
396 2918 475 2959 per
500 2905 620 2959 quod
647 2903 1019 2946 “conculcaverit
1046 2902 1124 2945 illa
1140 2902 1175 2954 ;‘'
1207 2916 1343 2957 quare
1370 2903 1509 2944 etiam
1531 2902 1733 2956 sequitur
