1962 3334
568 313 673 346 CAP.
695 313 778 353 XL,
802 311 939 344 VERs.
964 303 1110 343 8.—N.
1132 297 1314 354 654[m].
1486 274 1489 276 ⁵
1568 309 1671 351 1753

193 425 417 480 significat
439 426 544 467 dum
571 439 662 466 non
688 424 880 478 amplius
902 430 972 464 est
999 423 1157 476 aliquis
1178 420 1437 463 intellectus
1459 421 1567 468 veri,
1589 434 1671 461 nec

191 490 381 530 scientia
410 490 528 530 veri:
564 489 827 530 “ebrietate
851 493 898 527 et
924 487 1110 527 tristitia
1134 485 1392 538 impleberis
1403 483 1422 499 '’
1447 482 1672 536 significat

190 551 411 591 insaniam
436 552 479 591 in
507 550 809 604 spiritualibus
835 555 882 590 et
907 549 1268 589 aversationem:
1310 547 1488 588 “calice
1511 546 1671 586 devas-

190 614 377 655 tationis
403 620 449 655 et
481 612 808 654 desolationis”
834 611 1059 665 significat
1086 611 1198 651 salsa
1224 610 1329 650 mali
1355 624 1470 664 quae
1492 622 1672 662 prorsus

190 676 435 717 devastant
457 683 503 717 et
525 676 735 717 desolant
753 676 903 716 omnia
920 674 1041 715 bona
1061 679 1109 714 et
1131 687 1237 714 vera
1254 673 1486 714 ecclesiae.
1534 671 1672 724 Apud

192 739 401 787 eundem,

257 818 451 850 “Scortata
467 827 507 849 es
523 826 604 848 cum
622 816 703 848 filiis
720 815 887 856 Aegypti,
905 814 1030 846 vicinis
1047 814 1119 846 tuis
1137 814 1279 854 magnis
1297 823 1416 851 carne,
1448 819 1483 844 et
1500 813 1672 852 multipli-

363 861 454 892 casti
471 860 727 892 scortationem
748 866 875 896 tuam,.
890 883 897 890 .
911 883 919 890 .
933 864 984 889 ,et
1003 864 1163 889 scortata
1180 868 1218 888 es
1238 867 1318 888 cum
1335 857 1417 888 filiis
1434 856 1619 893 Aschuris,
1637 864 1672 887 et

363 905 515 936 satietas
538 903 603 934 tibi
623 903 757 939 nulla;.
772 927 779 933 .
793 926 801 933 .
815 908 867 934 ,et
890 901 1135 941 multiplicasti
1160 900 1418 932 scortationem
1435 906 1534 931 tuam
1558 909 1672 940 usque

361 947 408 979 ad
432 953 565 979 terram
590 946 847 986 negotiationis
864 952 946 976 tuae
966 944 1197 981 Chaldaeam.
1215 944 1280 975 sed
1300 954 1415 985 neque
1432 950 1517 975 tunc
1541 943 1672 975 satiata

361 1000 401 1023 es
413 990 431 1002 ”
448 990 531 1030 (xvi.
550 990 600 1028 26,
619 991 670 1028 28,
688 989 762 1030 29):

186 1061 298 1102 haec
324 1061 381 1102 de
406 1060 816 1102 abominationibus
844 1058 1206 1112 Hierosolymae‚
1235 1072 1314 1112 per
1339 1071 1473 1112 quam
1498 1057 1669 1111 signifi-

187 1129 315 1167 catur
352 1123 544 1164 ecclesia
584 1123 731 1176 quoad
772 1121 1049 1171 doetrinam;
1091 1128 1137 1162 et
1178 1135 1256 1174 per
1299 1121 1669 1162 “scortationes’'

187 1185 497 1239 significantur
510 1185 845 1226 falsificationes
863 1185 955 1225 veri
972 1183 1204 1225 doetrinae
1222 1197 1273 1224 ac
1293 1184 1458 1224 Verbi:
1495 1188 1669 1236 “quare

187 1254 392 1309 scortata
416 1262 463 1289 es
490 1262 591 1289 cum
618 1247 716 1288 filiis
744 1247 965 1300 Aegypti,
992 1248 1150 1287 vicinis
1176 1248 1265 1287 tuis
1291 1247 1469 1299 magnis
1495 1246 1670 1291 carne.'’

187 1310 410 1364 significat
435 1310 771 1351 falsificationes
796 1324 822 1350 a
848 1309 1042 1350 naturali
1068 1309 1266 1356 homine,
1291 1310 1364 1349 ubi
1387 1315 1492 1349 sunt
1518 1310 1670 1349 omnia

188 1373 309 1414 mala
338 1379 384 1414 et
421 1373 560 1423 falsa;
601 1373 775 1413 “caro’'
807 1371 1032 1425 significat
1065 1373 1291 1426 proprium
1323 1372 1517 1412 hominis
1548 1372 1668 1425 quod

186 1435 353 1476 residet
390 1436 433 1476 in
470 1435 664 1475 naturali
695 1435 892 1482 homine,
926 1442 973 1476 et
1013 1436 1057 1476 in
1098 1449 1146 1475 se
1187 1448 1278 1475 non
1309 1442 1379 1475 est
1412 1435 1495 1474 nisi
1534 1448 1668 1488 quam

187 1498 355 1540 malum
380 1504 428 1539 et
458 1498 562 1538 inde
587 1498 772 1538 falsum:
809 1503 893 1539 “et
919 1505 1123 1539 scortata
1149 1512 1197 1539 es
1228 1511 1329 1538 cum
1361 1498 1460 1538 filiis
1487 1498 1668 1538 Aschu—

186 1561 275 1602 ris”
306 1560 531 1614 significat
562 1561 902 1602 falsificationes
934 1575 1013 1615 per
1044 1562 1439 1602 ratiocinationes:
1482 1565 1565 1601 “et
1597 1575 1668 1601 sa-

187 1624 325 1665 tietas
365 1624 446 1664 tibi
483 1623 636 1663 nulla”
667 1624 892 1677 significat
925 1625 1221 1677 cupiditatem
1263 1623 1527 1664 falsificandi
1564 1638 1669 1664 vera

187 1687 356 1740 absque
386 1686 498 1727 fine:
545 1690 630 1727 “et
669 1687 981 1740 multiplicasti
1012 1687 1339 1727 scortationem
1373 1693 1497 1726 tuam
1529 1700 1668 1739 usque

187 1749 244 1789 ad
270 1754 436 1789 terram
463 1750 787 1802 negotiationis
810 1757 916 1790 tuae
939 1749 1248 1790 Chaldaeam'‘
1271 1748 1495 1802 significat
1518 1748 1667 1789 falsifi—

185 1811 389 1852 cationes
411 1826 470 1852 ex
493 1812 688 1852 sensuali
714 1811 911 1860 homine,
936 1812 1009 1852 ubi
1036 1825 1157 1852 mere
1179 1811 1399 1859 fallaciae,
1425 1826 1483 1852 ex
1511 1812 1667 1865 quibus

185 1873 324 1914 homo
346 1887 527 1927 prorsus
553 1874 694 1926 rejicit
717 1881 763 1914 et
791 1881 929 1927 negat
952 1881 998 1915 et
1021 1888 1197 1927 quoque
1223 1874 1512 1927 blasphemat
1535 1888 1666 1923 vera;

189 1940 348 1977 “terra
374 1937 730 1989 negotiationis''
752 1936 977 1989 significat
1004 1937 1123 1977 unde
1155 1938 1306 1977 omnia
1337 1937 1449 1977 falsa
1481 1951 1666 1990 compa-

185 2004 354 2046 rantur,
377 2005 424 2039 et
451 1999 658 2039 sensuale
680 2006 750 2040 est
773 2000 1001 2052 scaturigo
1025 2000 1223 2040 omnium
1247 1999 1467 2040 malorum
1491 2007 1537 2041 et
1563 2001 1667 2041 inde

185 2060 425 2112 falsorum3
458 2061 596 2102 homo
621 2062 758 2102 etiam
785 2063 983 2103 nascitur
1007 2063 1197 2115 primum
1224 2062 1457 2111 sensualis,
1486 2063 1589 2104 dein
1615 2063 1665 2105 fit

186 2124 417 2172 naturalis,
445 2130 542 2165 tum
563 2124 810 2174 rationalis,
838 2131 885 2166 et
912 2126 1099 2166 tandem
1125 2126 1383 2179 spiritualis,
1412 2133 1459 2167 et
1485 2128 1559 2181 qui
1583 2127 1665 2167 fal-

187 2185 333 2226 sificat
357 2198 463 2225 vera
493 2184 714 2226 ecclesiae
745 2185 794 2226 fit
826 2186 987 2227 iterum
1020 2187 1237 2227 naturalis
1269 2194 1315 2228 et
1347 2189 1533 2228 tandem
1565 2202 1667 2230 sen-

186 2247 349 2288 sualis:
391 2247 507 2288 “sed
540 2261 684 2300 neque
710 2248 796 2288 hoc
823 2249 990 2289 satiata
1014 2263 1062 2290 es
1073 2249 1093 2264 ”
1118 2249 1343 2302 significat
1369 2251 1667 2304 cupiditatem

189 2310 450 2351 destruendi
475 2324 581 2351 vera
605 2310 823 2351 ecclesiae
848 2312 1127 2352 immensam.

269 2369 380 2424 [m.]
422 2371 562 2424 Apud
583 2370 767 2420 Joelem,

253 2455 472 2497 “Aegyptus
490 2457 527 2488 in
548 2459 748 2490 vastitatem
769 2459 844 2496 erit,
864 2465 899 2490 et
924 2458 1038 2490 Edom
1062 2460 1099 2490 in
1119 2459 1297 2491 desertum
1317 2461 1503 2500 vastitatis,
1524 2468 1668 2503 propter

361 2501 569 2532 violentiam
594 2502 744 2533 filiorum
768 2502 937 2543 Jehudae,
962 2512 1110 2543 quorum
1134 2503 1301 2535 fuderunt
1326 2505 1538 2545 sanguinem
1567 2507 1669 2536 inno-

360 2550 500 2574 centem
517 2545 552 2575 in
570 2551 664 2576 terra
679 2555 743 2576 sua
754 2545 772 2557 ’'
789 2546 846 2584 (iv.
866 2544 925 2587 [B.
940 2547 985 2577 A.
1003 2543 1066 2587 iit]
1088 2546 1159 2586 19):

191 2624 475 2679 “Aegyptus
512 2627 556 2667 in
587 2629 851 2668 vastitatem
885 2628 1001 2669 erit‘'
1031 2628 1256 2681 significat
1294 2631 1414 2683 quod
1451 2631 1666 2672 naturalis

191 2686 330 2728 homo
351 2689 518 2742 absque
541 2691 670 2738 veris,
693 2697 739 2731 et
765 2691 867 2731 inde
893 2692 937 2731 in
963 2692 1095 2732 meris
1116 2691 1238 2732 falsis
1262 2694 1372 2744 erit;
1408 2697 1491 2734 “et
1518 2693 1666 2733 Edom

192 2749 237 2790 in
277 2750 506 2791 desertum
546 2753 774 2792 vastitatis
789 2752 810 2766 '³
848 2752 1071 2805 significat
1111 2754 1230 2806 quod
1272 2756 1488 2796 naturalis
1529 2756 1666 2796 homo

189 2812 359 2866 absque
389 2813 517 2853 bonis
548 2821 595 2854 et
630 2815 734 2855 inde
770 2816 813 2855 in
846 2817 978 2856 meris
1009 2815 1138 2856 malis
1170 2818 1279 2866 erit;
1320 2822 1540 2871 “propter
1571 2819 1665 2858 vio-

187 2874 374 2915 lentiam
419 2875 610 2916 filiorum
652 2877 869 2929 Jehudae,
915 2892 1102 2932 quorum
1148 2879 1355 2920 fuderunt
1401 2882 1663 2933 sanguinem

185 2936 514 2988 innocentem‚”
539 2938 763 2992 significat
790 2941 891 2994 quia
917 2941 1006 2982 vim
1038 2941 1290 2983 intulerunt
1317 2944 1431 2983 veris
1458 2951 1503 2984 et
1535 2943 1663 2984 bonis
