1962 3334
318 290 422 342 1582
732 298 1064 332 APOCALYPSIS
1096 299 1394 332 EXPL1CATA.

314 412 583 465 “suscipere
615 411 888 466 prophetam
921 412 964 452 in
998 413 1180 454 nomine
1212 411 1497 466 prophetae’'
1529 412 1808 466 significatur-

311 487 463 515 amare
486 488 641 515 verum
664 473 897 516 doctrinae
916 475 1018 529 quia
1040 482 1111 517 est
1134 489 1305 524 verum,
1330 489 1409 517 seu
1431 476 1629 530 recipere
1652 489 1807 517 verum

311 544 497 590 propter
523 537 632 578 illud
652 552 661 589 ;
694 552 773 591 per
797 539 1063 592 “suscipere
1081 538 1253 591 justum
1280 539 1324 579 in
1352 539 1534 580 nomine
1552 538 1661 592 justi
1674 538 1694 554 ”
1715 540 1807 592 sig-

311 600 519 641 nificatur
545 614 696 642 amare
723 601 892 642 bonum
919 607 966 642 et
998 602 1144 642 facere
1171 601 1281 642 illud
1309 602 1411 655 quia
1438 608 1507 642 est
1533 602 1716 650 bonum,
1744 602 1809 643 ita

310 666 509 718 recipere
536 666 580 705 id
606 679 632 706 a
659 666 857 706 Domino
883 680 942 706 ex
969 656 1123 706 amore
1150 679 1230 706 suo
1257 664 1494 706 affectione
1521 666 1696 716 cordis;
1734 666 1808 719 qui

311 729 430 768 enim
457 734 581 769 amat
609 728 685 769 illa
712 735 897 782 propter
923 728 1014 777 illa,
1040 730 1074 769 is
1101 735 1226 769 amat
1252 728 1329 769 illa
1351 742 1410 769 ex
1437 728 1538 778 illis,
1566 728 1630 769 ita
1656 742 1682 768 a
1710 727 1808 768 Do-

311 791 433 831 mino
466 805 491 832 a
522 806 610 845 quo
637 792 918 845 procedunt;
957 793 993 832 is
1025 792 1128 845 quia
1160 805 1251 832 non
1283 797 1407 832 amat
1440 791 1518 832 illa
1549 796 1735 845 propter
1760 803 1808 831 se

311 860 358 894 et
391 855 621 903 mundum,
656 854 951 908 spiritualiter
982 861 1107 895 amat
1139 854 1230 903 illa,
1264 861 1310 896 et
1344 855 1491 895 omnis
1522 867 1650 895 amor
1680 853 1808 907 spiri-

312 916 448 957 tualis
476 924 631 958 manet
658 917 889 958 hominem
917 924 1022 971 post
1056 924 1264 966 mortem,
1293 924 1340 958 et
1373 918 1453 958 dat
1485 917 1627 958 vitam
1659 923 1807 958 aeter-

314 992 443 1020 nam:
491 981 787 1022 “mercedem
820 980 1056 1034 accipere‘'
1089 980 1315 1034 significat
1348 994 1501 1022 secum
1537 980 1649 1022 ferre
1681 979 1808 1020 illum

312 1055 529 1090 amorem.
564 1049 610 1084 et
649 1044 753 1084 inde
792 1044 976 1084 beatum
1015 1044 1130 1084 caeli
1167 1045 1391 1097 recipere:
1440 1047 1638 1097 “potare
1673 1055 1809 1083 unum

313 1119 552 1159 parvorum
585 1113 696 1160 potu
727 1107 915 1160 frigidae
948 1112 1128 1147 tantum
1161 1107 1204 1147 in
1239 1107 1421 1147 nomine
1447 1105 1654 1160 discipuli
1672 1105 1691 1120 ”
1717 1106 1809 1158 sig-

312 1167 464 1209 nificat
488 1170 797 1210 innocentiam
821 1184 880 1211 ex
903 1170 1178 1218 innocentia,
1204 1176 1250 1210 et
1277 1184 1335 1210 ex
1362 1169 1439 1210 illa
1465 1182 1616 1210 amare
1639 1169 1810 1210 bonum

311 1238 359 1273 et
381 1246 535 1274 verum
558 1248 617 1275 ex
641 1233 811 1281 Verbo,
837 1239 882 1274 et
907 1233 1070 1274 docere
1093 1233 1196 1284 illa;
1232 1237 1433 1287 “potare
1457 1239 1569 1287 potu
1590 1232 1811 1286 frigidae”

313 1296 540 1349 significat
566 1310 718 1338 amare
751 1303 797 1338 et
830 1297 994 1338 docere
1021 1311 1080 1337 ex
1113 1311 1256 1350 pauca
1282 1297 1575 1348 innocentia;
1617 1297 1779 1350 “parvi
1792 1295 1811 1311 ”

313 1359 570 1412 significant
598 1361 865 1401 innocentes
893 1366 939 1401 et
972 1358 1202 1401 abstra&e
1233 1361 1570 1410 innocentiam;
1611 1363 1811 1413 “potare

312 1430 424 1476 potu
455 1423 675 1476 frigidae''
712 1423 936 1477 significat
974 1423 1137 1464 docere
1174 1438 1233 1465 ex
1271 1437 1414 1477 pauca
1451 1423 1728 1471 innocentia,
1762 1429 1810 1463 et

315 1485 597 1539 “discipulus
613 1486 631 1501 '’
658 1485 883 1540 significat
911 1487 1079 1527 bonum
1106 1485 1338 1527 doctrinae
1365 1500 1391 1527 a
1417 1486 1644 1536 Domin0;
1691 1489 1810 1539 “po-

313 1555 411 1590 tare
444 1563 607 1602 parvos
640 1549 795 1602 aqua,”
822 1548 1047 1602 significat
1080 1550 1244 1590 docere
1270 1563 1425 1590 verum
1458 1563 1517 1590 ex
1549 1549 1812 1590 innocentia

314 1612 547 1666 spirituali,
577 1619 622 1653 et
649 1626 827 1666 quoque
854 1613 1018 1654 docere
1045 1613 1314 1654 innocentes
1340 1627 1460 1654 vera.
1524 1612 1652 1653 Haec
1681 1612 1811 1665 spiri—

314 1675 449 1716 tualis
481 1676 800 1729 interpretatio
833 1675 1013 1716 illorum
1045 1676 1283 1717 verborum
1316 1683 1414 1727 est;
1452 1690 1566 1729 quae
1598 1676 1633 1716 si
1666 1675 1811 1715 nesci-

314 1746 450 1787 retur,
491 1740 588 1792 quis
629 1739 821 1779 sciturus
862 1746 933 1780 est
974 1739 1080 1793 quid
1122 1739 1393 1792 intelligitur
1430 1753 1508 1793 per
1546 1739 1812 1792 “suscipere

315 1802 587 1856 prophetam
620 1808 666 1843 et
693 1802 864 1855 justum
902 1803 946 1842 in
984 1803 1166 1843 nomine
1199 1802 1451 1856 prophetae
1488 1808 1534 1843 et
1561 1801 1722 1855 justi”?
1765 1807 1812 1842 et

314 1865 434 1919 quod
461 1865 561 1906 “illi
584 1866 814 1919 accepturi
833 1866 1090 1907 mercedem
1114 1866 1365 1919 prophetae
1387 1872 1434 1906 et
1451 1865 1614 1918 justi'’?
1649 1865 1809 1906 “Mer-

315 1928 424 1969 ces”
462 1928 687 1982 significat
726 1942 928 1970 amorem
969 1930 1013 1970 in
1053 1937 1290 1970 aeternum
1328 1934 1673 1983 permanentem
1710 1941 1812 1969 cum

315 1991 409 2045 ejus
430 1992 652 2045 jucundis.
715 1991 854 2046 Apud
881 1993 1091 2042 eundem,

382 2102 517 2135 “Multi
541 2102 626 2143 justi
652 2109 687 2135 et
712 2103 907 2144 prophetae
932 2103 1228 2135 desideraverunt
1253 2103 1373 2134 videre
1398 2113 1487 2144 quae
1508 2112 1571 2134 vos
1591 2102 1729 2140 videtis,
1750 2102 1814 2133 sed

490 2157 563 2231 pon
581 2147 767 2231 vid)erunt;
793 2154 828 2179 et
844 2147 966 2178 audire
987 2157 1079 2188 quae
1096 2157 1162 2178 vos
1182 2147 1379 2185 audivistis,
1397 2147 1460 2178 sed
1480 2157 1554 2179 non
1573 2146 1786 2178 audiverunt
1796 2145 1814 2158 ''

504 2201 575 2222 xm.
598 2199 637 2230 17
667 2202 673 2223 :

316 2321 396 2362 per
420 2306 738 2361 “prophetas’'
764 2313 811 2348 et
837 2306 1048 2360 “justos''
1070 2307 1114 2347 in
1141 2320 1274 2347 sensu
1300 2306 1520 2360 spirituali
1546 2306 1812 2360 intelligun-

316 2377 390 2412 tur
415 2384 573 2411 omnes
606 2371 679 2424 qui
711 2371 754 2410 in
787 2371 903 2411 veris
931 2368 1163 2411 doctrinae
1196 2376 1241 2411 et
1274 2370 1318 2410 in
1350 2370 1470 2411 bono
1497 2371 1618 2411 vitae
1651 2384 1812 2411 secun-

319 2435 425 2475 dum
448 2434 525 2474 illa
548 2440 680 2484 sunt;
713 2439 759 2474 et
783 2447 862 2487 per
881 2434 1072 2474 “videre
1085 2433 1104 2448 ''
1128 2439 1174 2474 et
1200 2433 1390 2474 “audire
1402 2433 1420 2448 ’'
1443 2432 1723 2486 significatur
1744 2434 1812 2473 in-

317 2497 526 2550 telligere
565 2503 611 2538 et
649 2497 910 2550 percipere;
954 2496 1025 2537 hic
1064 2496 1278 2537 interiora
1314 2510 1420 2536 vera
1457 2496 1752 2549 procedentia
1789 2509 1815 2536 a

318 2561 532 2609 Domino,
561 2573 666 2600 nam
699 2560 811 2600 haec
839 2559 1098 2612 intelligere
1125 2565 1172 2599 et
1199 2559 1428 2612 percipere
1455 2559 1702 2600 reformant
1729 2559 1812 2600 ho-

319 2625 500 2672 minem,
540 2624 722 2677 quando
761 2624 899 2664 etiam
938 2623 1077 2663 homo
1118 2622 1226 2663 facit
1263 2621 1353 2661 illa.
1427 2619 1562 2673 Quod
1600 2620 1814 2661 interiora

317 2701 423 2728 vera
449 2687 744 2740 procedentia
771 2701 796 2728 a
824 2687 1022 2727 Domino
1054 2685 1385 2738 intelligantur,
1415 2690 1485 2725 est
1517 2684 1619 2737 quia
1653 2683 1810 2724 Domi-

319 2764 416 2798 nus,
455 2764 557 2791 cum
596 2751 639 2790 in
679 2750 849 2790 mundo
885 2750 979 2798 fuit,
1019 2749 1193 2802 aperuit
1231 2748 1333 2788 illa:
1379 2748 1423 2788 in
1460 2761 1595 2788 sensu
1633 2746 1812 2787 litterae

317 2813 587 2866 intelligitur
613 2814 764 2854 videre
792 2820 838 2854 et
866 2813 1018 2853 audire
1046 2812 1319 2862 Dominum;
1358 2810 1437 2851 sed
1464 2810 1566 2863 quia
1589 2809 1813 2850 Dominus

317 2883 388 2918 est
414 2878 559 2930 ipsum
588 2876 800 2916 Divinum
825 2875 996 2916 Verum
1022 2875 1066 2915 in
1093 2874 1222 2915 caelo
1249 2880 1295 2915 et
1322 2875 1364 2914 in
1388 2873 1595 2920 ecclesia,
1624 2872 1813 2925 proinde

318 2940 422 2993 quia
444 2940 595 2980 omnia
619 2939 783 2979 Divina
806 2953 910 2979 vera
934 2952 959 2979 a
983 2938 1181 2979 Domino
1204 2943 1323 2987 sunt,
1344 2943 1390 2978 et
1415 2936 1517 2990 Ipse
1541 2935 1617 2976 illa
1639 2935 1809 2983 docuit,
