1962 3334
290 281 395 334 1588
698 290 1032 324 APOCALYPSIS
1064 293 1364 326 EXPLICATA.

285 403 399 444 illos.
460 402 576 456 Quia
602 418 681 457 per
705 403 1016 458 “prophetam
1029 404 1049 420 ’'
1071 405 1343 459 intelligitur
1367 407 1580 448 Divinum
1603 408 1775 450 Verum

284 467 404 520 quod
427 474 497 508 est
517 467 719 508 Verbum
743 474 789 509 et
816 482 876 508 ex
894 468 1049 510 Verbo
1072 470 1114 509 in
1138 469 1344 518 ecclesia,
1365 477 1410 511 et
1434 470 1519 511 hoc
1543 472 1776 525 exstingui

285 531 440 583 nequit
464 531 547 589 nisi
570 531 627 571 ab
649 530 736 571 illis
759 531 878 584 apud
901 545 1013 585 quos
1038 532 1251 572 Divinum
1275 532 1447 573 Verum
1470 539 1547 574 aut
1571 533 1775 575 Verbum

286 600 370 642 est,
400 594 502 634 ideo
529 594 646 634 dixit
675 594 898 634 Dominus

351 696 548 780 Quod(20n
575 698 796 781 conven)iens
821 683 867 729 sit
891 704 928 729 ut
953 698 1127 738 propheta
1151 698 1303 730 intereat
1327 704 1429 730 extra
1485 698 1775 741 Hierosolymam

505 751 554 772 uc.
573 751 643 773 xm.
662 750 703 780 33
730 751 737 780 ;

285 849 364 889 per
383 839 408 856 ‘⁴
423 835 824 889 Hierosolymam‘'
842 836 1116 890 intelligitur
1137 836 1330 877 ecclesia
1352 837 1500 891 quoad
1523 836 1776 880 doctrinam

285 900 390 941 veri.

369 960 448 1014 [e.]
493 961 545 1001 In
575 960 734 1001 Verbo
759 961 899 1001 etiam
925 961 1093 1014 pluries
1119 961 1283 1001 dicitur
1307 962 1561 1013 “sacerdos
1593 967 1639 1002 et
1670 975 1775 1015 pro-

285 1022 425 1076 pheta
443 1022 477 1073 ;‘'
511 1029 557 1063 et
590 1036 669 1076 per
694 1022 1055 1063 “sacerdotem'’
1082 1022 1140 1063 ibi
1167 1022 1438 1076 intelligitur
1463 1024 1536 1077 qui
1568 1023 1691 1064 d-ucit
1718 1024 1776 1064 ad

285 1086 526 1126 vivendum
551 1086 798 1126 secundum
824 1085 1037 1126 Divinum
1058 1085 1244 1134 Verum,
1265 1092 1310 1126 et
1335 1100 1413 1139 per
1433 1086 1777 1140 “prophetam'’

284 1149 365 1203 qui
384 1149 519 1190 docet
552 1148 675 1189 illud.
740 1149 791 1189 In
823 1149 909 1189 hoc
938 1163 1071 1190 sensu
1099 1150 1391 1189 nominantur
1419 1149 1703 1190 “sacerdos'’
1729 1156 1776 1192 et

286 1212 580 1266 “propheta''
606 1213 650 1252 in
677 1212 971 1266 sequentibus
998 1212 1109 1253 locis
1127 1211 1335 1266 z-Apud
1363 1212 1626 1261 Jeremz'am,

351 1308 461 1340 “Non
483 1309 611 1349 peribit
631 1308 688 1340 lex
707 1318 729 1340 a
748 1309 941 1347 sacerdote,
962 1314 1022 1340 aut
1042 1309 1229 1340 consilium
1254 1318 1276 1339 a
1300 1309 1470 1349 sapiente,
1491 1315 1552 1340 aut
1575 1308 1731 1341 Verbum
1756 1317 1779 1341 a

460 1352 663 1393 propheta’'
680 1352 789 1392 (xviii.
810 1352 882 1392 18);

284 1428 403 1483 apud
430 1429 639 1478 eundem,

350 1506 421 1537 “In
442 1505 498 1537 die
518 1505 594 1537 illo.
610 1530 617 1537 .
631 1530 639 1537 .
654 1505 798 1545 ‚peribit
818 1514 879 1536 cor
898 1505 992 1545 regis
1012 1510 1047 1536 et
1071 1514 1131 1535 cor
1150 1504 1359 1544 principum,
1378 1511 1412 1536 et
1437 1510 1643 1546 stupescent
1662 1514 1778 1536 sacer-

458 1549 572 1587 dotes,
593 1559 633 1580 ac
655 1549 851 1589 prophetae
871 1547 1170 1580 admirabuntur’'
1187 1548 1244 1588 (iv.
1263 1551 1296 1589 9)
1312 1558 1318 1586 ;

283 1633 402 1688 apud
428 1632 713 1682 Ezechielem,

350 1711 368 1724 ‘¹
379 1710 560 1752 Quaerent
575 1709 753 1741 visionem
771 1718 792 1740 a
809 1708 992 1749 propheta,
1010 1708 1073 1740 sed
1090 1708 1147 1739 lex
1165 1708 1268 1748 periit
1284 1718 1306 1739 a
1322 1709 1517 1747 sacerdote,
1535 1714 1570 1740 et
1586 1708 1776 1740 consilium

457 1764 478 1785 a
502 1753 722 1792 senioribus;
752 1762 814 1784 rex
839 1753 982 1793 lugebit,
1003 1758 1038 1784 et
1062 1753 1228 1793 princeps
1248 1753 1413 1784 induetur
1436 1752 1610 1793 stupore”
1627 1752 1699 1793 (vii.
1725 1753 1776 1792 26,

460 1799 535 1837 27):

283 1908 362 1948 per
390 1893 648 1934 “visionem
682 1906 707 1933 a
741 1891 996 1946 propheta’‘
1022 1891 1294 1944 intelligitur
1326 1889 1585 1932 intellectus
1614 1890 1775 1942 Verbi;

284 1971 363 2011 per
380 1957 568 2009 “legem
592 1970 617 1996 a
635 1955 875 1996 sacerdote
888 1955 905 1970 ’⁵
924 1954 1242 2007 intelliguntur
1260 1961 1504 2008 praecepta
1521 1955 1642 1995 vitae
1659 1969 1668 2005 ;
1698 1968 1778 2008 per

287 2019 564 2061 “consilium
597 2033 624 2059 a
655 2018 935 2059 senioribus'’
964 2018 1237 2070 intelligitur
1268 2018 1493 2071 sapientia
1524 2018 1655 2069 inde;
1698 2031 1777 2071 per

284 2087 478 2136 “regem
505 2089 552 2124 et
579 2083 804 2136 principes
816 2082 834 2097 '³
857 2081 1128 2134 intelligitur
1150 2080 1456 2133 intelligentia
1479 2095 1558 2135 per
1582 2096 1688 2122 vera
1715 2096 1775 2123 ex

281 2148 428 2188 bono:
462 2146 549 2187 hoc
574 2152 644 2187 est
667 2144 899 2199 spirituale
917 2144 1076 2185 horum
1095 2145 1348 2185 verborum.
1411 2144 1549 2198 Apud
1571 2144 1774 2195 Esaiam,

314 2279 316 2282 ⁸
347 2243 550 2275 “Sacerdos
567 2249 603 2274 et
620 2242 796 2283 propheta
811 2247 933 2273 errant
951 2251 1014 2282 per
1026 2241 1189 2278 siceram,
1204 2241 1442 2272 absorbentur
1459 2250 1480 2271 a
1496 2241 1592 2279 vino,
1608 2241 1776 2273 aberrant

455 2297 518 2327 per
535 2287 698 2324 siceram,
716 2291 838 2318 errant
855 2285 947 2316 inter
963 2285 1136 2323 videntes,
1155 2285 1313 2316 titubant
1329 2284 1463 2324 judicio
1475 2283 1493 2296 ”
1511 2284 1646 2324 (xxviii.
1666 2286 1697 2324 7)
1712 2294 1719 2323 ;

279 2375 399 2430 apud
426 2374 690 2423 Jeremz'am,

346 2453 365 2466 “
379 2451 600 2492 stupendum
616 2456 652 2481 et
664 2450 885 2481 horrendum
900 2447 1035 2480 factum
1050 2455 1104 2480 est
1118 2449 1155 2480 in
1169 2454 1265 2480 terra
1278 2458 1285 2486 ;
1306 2448 1503 2488 prophetae
1517 2448 1776 2488 prophetarunt

454 2494 692 2532 mendacium,
707 2500 742 2525 et
760 2493 964 2524 sacerdotes
985 2492 1218 2524 dominantur
1235 2502 1298 2532 per
1315 2501 1444 2523 manus
1461 2501 1554 2530 suas,
1569 2497 1604 2523 et
1621 2492 1775 2532 populus

454 2548 555 2570 meus
573 2544 697 2569 amant
718 2537 768 2569 ita
779 2536 797 2549 '¹
814 2536 861 2576 (v.
881 2534 966 2578 [3o,]
986 2537 1062 2576 31);

279 2616 399 2670 apud
424 2615 633 2663 eundem,

345 2694 363 2707 ‘¹
375 2689 440 2734 [A]
457 2692 632 2732 propheta
645 2701 757 2732 usque
772 2691 816 2722 ad
831 2690 1057 2723 sacerdotem
1067 2689 1217 2731 quisque
1229 2689 1316 2720 facit
1330 2688 1557 2720 mendacium
1568 2687 1587 2700 '¹
1597 2687 1685 2728 (viii.
1700 2687 1752 2730 10)
1765 2697 1773 2728 ;

278 2775 397 2829 apud
423 2774 633 2823 eundem,

344 2852 528 2894 “Quando
557 2852 861 2891 interrogaverint
889 2856 1075 2883 te....aut
1103 2850 1279 2890 propheta
1307 2855 1369 2880 aut
1398 2849 1578 2887 sacerdos,
1607 2849 1771 2886 dicendo,

453 2896 645 2937 Quodnam
670 2894 806 2926 dictum
828 2895 1079 2935 propheticum
1100 2894 1284 2935 Jehovae?
1320 2893 1431 2924 dicito
1455 2893 1501 2924 ad
1525 2902 1599 2930 eos,
1622 2891 1772 2924 Deserui

452 2949 529 2978 vos,
550 2946 585 2971 et
603 2939 814 2980 prophetam
833 2946 868 2971 et
885 2939 1110 2970 sacerdotem
1127 2937 1145 2950 ''
1163 2937 1274 2978 (xxiii.
1296 2945 1346 2975 33,
1366 2937 1420 2976 34)
1435 2946 1441 2975 ;
