1962 3334
338 245 445 289 1704
747 247 1080 282 APOCALYPSIS
1111 249 1411 282 EXPLICATA.

330 357 508 399 iverunt
554 359 648 400 vias
695 365 942 410 tortuosas,
983 361 1070 402 vici
1119 362 1163 402 in
1210 361 1380 403 Israele
1427 368 1660 404 cessarunt
1679 361 1713 413 ;’'
1744 376 1822 416 per

332 421 498 462 “vias'’
525 429 571 463 et
601 424 828 464 “semitas
841 423 859 438 ’‘
886 424 1047 465 similia
1079 425 1393 478 significantur
1424 439 1538 479 quae
1570 439 1648 479 per
1682 425 1820 479 “pla-

330 485 458 525 teas''
485 491 531 526 et
561 486 762 534 “vicos,”
789 499 953 540 nempe
979 501 1086 528 vera
1118 486 1350 528 doctrinae
1378 488 1621 538 ducentia;
1665 494 1711 528 et
1744 501 1822 541 per

332 548 431 588 “ire
458 549 553 588 vias
581 554 813 589 tortuosas
826 549 844 564 ”
871 549 1150 603 significatur
1176 550 1403 591 aberratio
1435 565 1461 591 a
1491 551 1621 591 veris.
1682 550 1820 604 Apud

328 610 533 659 Esaiam,

397 699 626 740 “Frangetur
650 701 733 732 urbs
763 701 958 739 inanitatis,
984 702 1167 733 claudetur
1191 702 1310 733 omnis
1338 702 1467 734 domus
1491 707 1530 733 ut
1561 712 1667 733 nemo
1692 702 1820 740 intret:

502 744 637 774 clamor
650 754 758 784 super
771 745 855 775 vino
874 745 908 776 in
928 746 1066 785 plateis,
1081 746 1370 776 commiscebitur
1387 756 1493 777 omne
1510 746 1689 786 gaudium,
1704 746 1821 777 exula-

503 788 554 818 bit
574 788 708 819 laetitia
726 787 869 819 terrae'’
887 786 1029 828 (mxxiv.
1050 798 1099 827 10,
1121 790 1191 829 11):

327 887 406 926 per
439 874 632 914 “urbem
670 874 935 915 inanitatis’'
968 874 1248 927 significatur
1285 873 1492 915 doetrina
1529 875 1573 915 in
1608 888 1695 928 qua
1729 888 1819 915 non

326 949 479 976 verum
507 937 586 977 sed
618 936 806 987 falsum3
845 951 924 990 per
953 938 1176 978 “domum
1189 937 1207 952 ”
1235 936 1514 990 significatur
1544 938 1712 978 bonum
1739 951 1818 978 vo-

327 998 516 1039 luntatis
553 1005 598 1040 et
641 1000 746 1040 inde
778 1000 925 1050 vitae;
969 1000 1072 1040 inde
1114 1006 1242 1053 patet
1280 999 1384 1053 quid
1425 999 1703 1055 significatur
1742 1013 1820 1053 per

329 1062 626 1115 “Frangetur
666 1062 770 1103 urbs
810 1063 1059 1111 inanitatis,
1103 1062 1340 1103 claudetur
1380 1063 1527 1102 omnis
1567 1063 1727 1103 domus
1768 1069 1817 1103 ut

326 1137 461 1165 nemo
493 1124 683 1166 intret:''
715 1139 794 1177 per
823 1119 1108 1166 “clamorem
1135 1139 1267 1178 super
1293 1125 1397 1165 vino
1429 1125 1472 1165 in
1505 1124 1698 1178 plateis‘’
1725 1126 1817 1179 sig-

326 1186 533 1228 nificatur
570 1187 841 1228 lamentatio
879 1194 1064 1240 propter
1095 1186 1319 1228 defeetum
1357 1194 1402 1228 et
1441 1189 1817 1229 commixtionem

324 1251 417 1291 veri
455 1264 556 1291 cum
593 1250 734 1300 falso;
780 1250 1006 1291 “vinum’'
1039 1249 1264 1303 significat
1303 1263 1458 1291 verum
1497 1250 1719 1292 ecclesiae
1759 1265 1818 1296 ex

325 1312 508 1364 Verbo;
541 1314 644 1354 ideo
669 1314 830 1354 dicitur
855 1314 937 1353 “in
965 1313 1169 1366 plateis,''
1192 1314 1294 1366 quia
1323 1312 1547 1366 “platea’'
1569 1313 1612 1353 id
1641 1327 1817 1367 quoque

324 1375 565 1428 significat,
587 1382 632 1417 et
650 1376 709 1416 ibi
727 1377 981 1429 quaeritur:
1019 1375 1304 1428 “gaudium’'
1319 1382 1364 1416 et
1382 1379 1406 1395 “
1421 1375 1626 1416 laetitia'’
1642 1376 1816 1424 dicitur,

324 1439 427 1492 quia
448 1438 730 1492 “gaudium'‘
749 1439 1035 1492 praedicatur
1058 1439 1114 1478 de
1134 1437 1333 1490 jucundo
1356 1452 1414 1478 ex
1438 1437 1674 1479 affectione
1697 1438 1816 1486 boni,

327 1509 374 1543 et
414 1502 660 1543 “laetitia’'
701 1502 757 1542 de
793 1501 993 1555 jucundo
1035 1515 1094 1542 ex
1136 1499 1374 1541 affectione
1415 1501 1532 1551 veri;
1579 1501 1699 1554 quod
1739 1501 1817 1542 illa

320 1565 520 1619 jucunda
547 1565 807 1613 cessabunt,
832 1564 1111 1617 significatur
1137 1578 1216 1617 per
1240 1563 1657 1605 “commiscebitur
1682 1577 1815 1604 omne

323 1629 551 1681 gaudium,
580 1627 786 1668 exulabit
820 1626 994 1668 laetitia
1026 1633 1173 1668 terrae
1191 1626 1225 1678 ;”
1260 1625 1449 1667 “terra’'
1481 1626 1708 1679 significat
1739 1640 1814 1667 ec-

260 1724 265 1730 .
324 1691 523 1732 clesiam.
585 1690 723 1744 Apud
751 1690 1013 1738 Jeremz'am,

393 1787 613 1829 “Quomodo
630 1785 736 1829 [non]
757 1785 881 1818 relicta
894 1792 949 1818 est
962 1787 1046 1817 urbs
1060 1786 1205 1826 gloriae,
1220 1786 1303 1817 urbs
1321 1786 1439 1826 gaudii
1457 1785 1526 1817 mei
1541 1795 1547 1823 ;
1572 1795 1680 1826 quare
1693 1785 1819 1816 cadent

499 1832 665 1872 juvenes.
681 1832 732 1863 .in
752 1831 888 1871 plateis,
903 1838 938 1862 et
955 1840 1081 1861 omnes
1099 1830 1165 1861 viri
1184 1830 1265 1861 belli
1283 1828 1563 1861 exscindentur'’
1579 1829 1676 1869 (xlix.
1691 1837 1742 1868 25,
1757 1830 1819 1867 26;

498 1885 573 1915 cap.
594 1875 614 1907 l.
633 1876 688 1915 30)
702 1886 708 1906 :

324 1976 403 2016 per
442 1961 634 2002 “urbem
677 1960 881 2014 gloriae'’
924 1959 1205 2013 significatur
1245 1957 1450 1999 doctrina
1492 1958 1642 1999 Divini
1675 1958 1811 2008 Veri;

325 2039 405 2079 per
445 2025 643 2065 “urbem
683 2024 835 2077 gaudii
851 2023 870 2038 ”
901 2022 1182 2076 significatur
1213 2021 1459 2075 jucundum
1491 2035 1550 2062 ex
1583 2019 1818 2067 affectione

325 2089 430 2128 boni
457 2094 503 2128 et
535 2088 627 2128 veri
653 2088 737 2137 ibi;
772 2100 851 2139 per
879 2085 1133 2138 “juvenes'’
1160 2084 1471 2138 significantur
1501 2083 1814 2137 intelligentes

324 2149 429 2191 facti
456 2165 534 2204 per
559 2164 691 2200 vera;
725 2149 846 2203 quod
873 2150 1071 2202 peritura
1098 2149 1155 2189 sit
1180 2147 1486 2200 intelligentia
1510 2147 1616 2194 veri,
1645 2145 1813 2199 signifi-

327 2220 456 2254 catur
487 2227 565 2267 per
596 2213 716 2267 quod
751 2212 955 2252 “cadent
983 2211 1174 2264 juvenes
1210 2211 1254 2250 in
1288 2209 1503 2263 plateis:’'
1545 2223 1623 2263 per
1657 2209 1815 2249 “viros

325 2276 432 2318 belli
448 2276 467 2291 ”
489 2275 801 2329 significantur
826 2289 932 2315 vera
954 2274 1207 2328 pugnantia
1229 2279 1390 2314 contra
1415 2271 1555 2323 falsa;
1588 2271 1708 2325 quod
1735 2272 1815 2312 de-

325 2340 467 2380 fensio
498 2340 590 2380 veri
629 2345 789 2379 contra
825 2337 937 2378 salsa
973 2337 1098 2377 nulla
1139 2336 1236 2384 erit,
1271 2335 1550 2388 significatur
1585 2348 1664 2388 per
1694 2334 1815 2388 quod

328 2406 526 2443 “omnes
552 2402 633 2442 viri
659 2401 767 2442 belli
794 2399 1163 2441 exscindentur.”
1224 2398 1362 2452 Apud
1388 2397 1673 2446 Ezechielem,

391 2496 665 2537 “Multiplicasti
690 2496 879 2527 confossos
909 2501 1049 2527 vestros
1078 2495 1114 2526 in
1145 2495 1231 2525 urbe
1256 2494 1331 2531 hae,
1356 2499 1395 2524 ut
1420 2492 1652 2533 impleveritis
1677 2492 1815 2533 plateas

499 2541 576 2581 ejus
597 2540 796 2571 confosso”
814 2540 872 2579 (xi.
891 2540 942 2579 6):

324 2643 403 2689 p'er
436 2632 740 2675 “confossos”
773 2633 816 2672 in
849 2632 1005 2672 Verbo
1044 2630 1363 2682 intelliguntur
1399 2629 1473 2682 qui
1509 2633 1699 2682 pereunt
1739 2642 1817 2682 per

324 2697 450 2746 falsa,
494 2709 599 2736 nam
644 2695 901 2748 “gladius,''
942 2708 1031 2747 quo
1078 2693 1345 2740 confoditur,
1390 2691 1614 2745 significat
1655 2691 1814 2732 falsum

325 2761 563 2801 destruens
589 2771 771 2807 verum;
805 2771 884 2810 per
912 2757 1106 2797 “urbem
1122 2756 1141 2770 ’'
1167 2755 1447 2808 significatur
1472 2754 1559 2803 hic,
1589 2760 1636 2795 ut
1666 2768 1812 2807 supra,

325 2821 530 2863 doctrina
556 2822 647 2862 veri
669 2835 677 2871 ;
710 2821 814 2860 inde
841 2826 970 2873 patet
997 2819 1102 2872 quid
1125 2817 1405 2871 significatur
1431 2831 1510 2870 per
1539 2821 1563 2837 “
1580 2817 1814 2858 confossos

325 2887 368 2927 in
401 2885 506 2926 urbe
525 2884 558 2925 :”
590 2898 669 2938 per
698 2883 921 2936 “implere
954 2882 1132 2936 plateas
1159 2880 1400 2922 confoss0”
1427 2879 1707 2933 significatur
1734 2880 1812 2920 de·
