1962 3334
305 259 409 306 1702
714 261 1046 295 APOCALYPSIS
1078 263 1376 296 EXPLICATA.

300 383 346 418 et
372 377 541 417 bonum
568 375 814 426 doctrinae,
843 383 890 418 et
927 377 970 418 in
1009 378 1222 431 opposito
1260 391 1394 418 sensu
1435 384 1505 419 est
1543 378 1702 420 falsum
1744 385 1789 421 et

301 440 469 480 malum
497 438 755 491 doctrinam
789 454 867 493 per
895 440 1133 493 “plateam
1146 441 1164 455 ''
1187 441 1306 481 enim
1334 440 1611 493 significatur
1636 455 1791 482 verum

300 502 486 550 ducens,
514 508 560 542 et
594 503 637 542 in
670 502 887 554 opposito
913 515 1049 541 sensu
1075 501 1237 542 falsum
1265 501 1436 542 ducens
1463 513 1518 550 (de
1537 522 1602 550 qua
1617 514 1788 551 sequitur),

300 567 346 601 et
383 575 462 614 per
492 561 722 602 “urbem‘’
757 561 1038 614 significatur
1077 561 1286 602 doctrina
1326 572 1380 608 (de
1400 581 1464 609 qua
1483 582 1588 610 supra,
1609 582 1639 602 n.
1661 573 1759 614 223)
1780 577 1789 613 ;

300 623 463 664 dicitur
497 625 640 665 “urbs
673 623 881 676 magna,”
913 624 1015 676 quia
1050 623 1336 676 “magnum’'
1368 624 1530 664 dicitur
1561 625 1617 665 de
1653 625 1788 673 bono,

300 691 346 726 et
372 687 415 726 in
443 688 655 740 opposito
683 700 817 728 sensu
844 686 899 726 de
927 686 1061 734 malo,
1091 699 1142 726 ac
1173 686 1436 727 “multum'’
1458 687 1514 727 de
1540 701 1647 728 vero
1673 694 1719 728 et
1746 688 1790 728 in

300 748 516 800 OppOSitO
542 762 677 788 SCnSu
703 748 759 788 de
785 747 901 787 falSO
920 757 1079 795 (videatur
1093 767 1198 795 supra,
1214 767 1245 787 n.
1264 758 1437 799 223[b,c],
1456 747 1622 801 [336[α],
1642 747 1761 801 337])
1780 761 1788 788 :

301 822 359 848 ex
399 808 467 849 his
508 823 629 857 nunc,
658 816 802 863 patet,
831 809 951 862 quod
989 822 1067 861 per
1102 812 1331 862 “corpora
1367 809 1572 849 binorum
1605 810 1790 850 testium

300 884 431 924 super
467 872 620 925 platea
658 872 776 912 urbis
814 871 1048 924 magnae,’'
1088 871 1366 924 significetur
1400 870 1646 912 exstinctio
1685 872 1791 912 boni

301 935 465 974 amoris
493 942 538 975 et
567 935 804 976 charitatis
831 948 881 975 ac
910 935 1002 975 veri
1034 932 1266 974 doctrinae
1293 940 1338 974 et
1371 934 1471 975 fidei
1504 949 1582 988 per
1607 934 1719 975 falsa
1744 941 1791 976 et

300 996 420 1036 mala
442 996 701 1038 doctrinae:
736 998 839 1051 quia
862 996 980 1037 mala
1005 1003 1051 1037 et
1074 996 1186 1037 falsa
1209 995 1441 1038 doctrinae
1464 997 1789 1050 significantur,

301 1061 512 1113 sequitur,
545 1066 697 1115 “quae
729 1062 832 1102 urbs
860 1074 1027 1113 magna
1054 1060 1348 1113 spiritualiter
1373 1067 1563 1101 vocatur
1589 1059 1791 1101 Sodoma

301 1130 347 1164 et
373 1123 656 1177 Aegyptus‚''
676 1131 722 1165 et
749 1138 827 1177 per
847 1128 872 1144 “
889 1123 1136 1164 Sodomam
1151 1123 1170 1138 ”
1189 1123 1501 1176 significantur
1523 1123 1643 1164 mala
1665 1137 1791 1164 amo-

299 1187 372 1235 ris,
397 1193 444 1227 et
468 1201 545 1240 per
570 1192 595 1208 “
610 1187 910 1241 Aegyptum’'
925 1186 1036 1227 falsa
1059 1187 1178 1235 inde,
1199 1193 1388 1240 utraque
1411 1185 1656 1235 doctrinae,
1677 1201 1791 1240 quae

300 1247 543 1288 ecclesiam
575 1250 618 1289 in
645 1248 731 1289 fine
758 1248 852 1301 ejus
875 1247 1072 1301 perdunt
1106 1258 1160 1296 (de
1180 1259 1297 1296 quibus
1317 1259 1348 1287 in
1364 1259 1504 1288 articulis
1518 1259 1572 1296 qui
1586 1260 1790 1296 sequuntur).

302 1308 436 1362 Quod
466 1310 689 1362 “platea”
716 1309 940 1363 significet
968 1323 1122 1350 verum
1150 1308 1396 1358 doctrinae,
1425 1316 1471 1350 et
1503 1311 1547 1350 in
1579 1310 1793 1363 opposito

301 1387 436 1413 sensu
468 1373 629 1414 falsum
656 1373 762 1426 ejus,
791 1380 860 1414 est
887 1374 991 1427 quia
1023 1387 1101 1426 per
1130 1374 1285 1413 “viam
1298 1373 1316 1387 '⁹
1342 1374 1385 1413 in
1413 1387 1547 1414 sensu
1574 1373 1792 1427 spirituali

302 1436 581 1489 significatur
607 1450 761 1477 verum
785 1437 955 1476 ducens
983 1437 1039 1476 ad
1066 1436 1250 1484 bonum,
1279 1443 1325 1477 et
1352 1437 1394 1476 in
1423 1437 1634 1490 opposito
1659 1450 1793 1477 sensu

300 1497 463 1538 falsum
505 1499 678 1538 ducens
715 1498 772 1538 ad
818 1498 986 1538 malum
1025 1508 1184 1545 (videatur
1202 1517 1308 1546 supra,
1329 1518 1359 1538 n.
1380 1507 1478 1550 97);
1520 1504 1566 1538 et
1608 1497 1793 1551 plateae

301 1566 405 1600 sunt
433 1561 531 1600 viae
565 1561 608 1600 in
636 1560 770 1609 urbe;
811 1566 857 1600 et
889 1560 991 1613 quia
1018 1573 1096 1612 per
1126 1559 1322 1600 “urbem
1335 1559 1354 1574 ”
1381 1558 1658 1612 significatur
1684 1559 1792 1600 doc-

302 1623 435 1671 trina,
471 1623 574 1664 ideo
617 1637 695 1676 per
729 1622 971 1676 “plateam
985 1622 1004 1637 ’‘
1036 1621 1315 1674 significatur
1346 1635 1501 1662 verum
1545 1628 1592 1662 et
1633 1622 1793 1679 falsugn

301 1684 546 1727 doetrinae.
610 1686 661 1726 In
700 1685 870 1726 mundo
908 1685 1129 1738 spirituali
1161 1686 1299 1725 etiarn
1334 1691 1438 1725 sunt
1473 1685 1617 1733 urbes,
1652 1691 1698 1725 et
1735 1685 1794 1725 ibi

301 1756 406 1790 sunt
434 1749 615 1802 plateae
643 1750 759 1790 sicut
793 1750 837 1789 in
869 1749 1050 1789 urbibus
1083 1749 1126 1788 in
1158 1748 1353 1798 mundo;
1392 1755 1438 1789 et
1470 1749 1656 1802 quisque
1683 1762 1793 1801 cog-

301 1813 502 1853 noscitur
529 1812 672 1866 qualis
702 1818 772 1852 est
799 1812 948 1865 quoad
975 1809 1261 1851 affectionem
1293 1811 1385 1851 veri
1417 1817 1463 1852 et
1495 1811 1598 1851 inde
1624 1811 1793 1852 intelli-

301 1876 506 1928 gentiam
535 1875 680 1915 solum
708 1889 767 1915 ex
801 1875 911 1915 locis
944 1874 1003 1914 ibi
1038 1873 1110 1914 ubi
1143 1873 1368 1922 habitant,
1398 1881 1494 1915 tum
1526 1888 1702 1927 quoque
1734 1888 1793 1915 ex

301 1938 464 1992 plateis
488 1952 598 1991 quas
621 1938 870 1979 ambulant.
935 1936 1022 1990 Qui
1045 1937 1088 1977 in
1112 1936 1232 1977 clara
1251 1938 1544 1990 perceptione
1563 1938 1654 1977 veri
1673 1943 1791 1985 sunt,

303 2001 516 2042 habitant
549 2002 592 2042 in
624 2001 759 2055 plaga
787 1999 1070 2041 meridionali
1098 2000 1230 2047 urbis,
1260 2006 1305 2040 et
1338 2014 1515 2053 quoque
1547 2000 1605 2040 ibi
1636 2000 1794 2040 ambu-

303 2064 427 2114 lant;
467 2065 540 2118 qui
578 2065 621 2104 in
649 2062 887 2105 affectione
914 2063 1020 2103 boni
1058 2063 1224 2102 amoris
1265 2062 1387 2103 clara
1425 2069 1545 2110 sunt,
1582 2062 1792 2104 habitant

301 2128 346 2167 in
379 2127 515 2181 plaga
542 2127 766 2175 orientali,
795 2133 841 2167 et
873 2139 1051 2180 quoque
1083 2126 1142 2165 ibi
1173 2125 1437 2175 ambulant;
1476 2126 1549 2179 qui
1581 2126 1624 2166 in
1656 2125 1791 2166 affec-

304 2191 429 2231 tione
455 2191 563 2231 boni
585 2191 751 2230 amoris
778 2190 969 2230 obscura
991 2195 1111 2236 sunt,
1135 2189 1179 2228 in
1206 2189 1342 2242 plaga
1365 2189 1639 2230 occidentali
1666 2189 1792 2230 habi-

302 2259 418 2302 tant,
448 2259 493 2294 et
522 2267 700 2306 quoque
727 2253 786 2293 ibi
818 2253 1083 2303 ambulant;
1121 2258 1167 2293 et
1200 2253 1272 2306 qui
1304 2253 1347 2292 in
1380 2252 1673 2305 perceptione
1700 2253 1791 2293 veri

303 2316 493 2356 obscura
520 2323 638 2365 sunt,
667 2317 710 2356 in
739 2316 876 2369 plaga
903 2315 1251 2369 septentrionali
1282 2315 1509 2362 habitant,
1538 2321 1584 2355 et
1616 2329 1793 2368 quoque

302 2379 361 2419 ibi
384 2379 646 2419 ambulant:
681 2379 878 2419 vicissim
901 2385 1054 2420 autem
1082 2379 1125 2418 in
1149 2378 1328 2418 urbibus
1355 2378 1427 2418 ubi
1450 2378 1624 2430 degunt
1650 2378 1723 2430 qui
1749 2378 1790 2417 in

303 2443 593 2495 persuasione
625 2441 725 2481 falsi
757 2456 815 2482 ex
848 2441 969 2482 malo
1002 2448 1120 2482 sunt.
1182 2441 1256 2480 Ex
1294 2440 1362 2480 his
1394 2447 1606 2480 constare
1638 2447 1792 2493 potest

303 2505 421 2545 unde
439 2511 508 2545 est
527 2505 646 2557 quod
668 2508 693 2524 “
707 2504 861 2558 platea
876 2504 894 2519 '‘
914 2503 1136 2557 significet
1155 2516 1309 2544 verum
1328 2509 1404 2543 aut
1430 2502 1591 2543 falsum
1609 2503 1792 2543 ducens.

387 2569 471 2623 [b.]
515 2570 652 2622 Quod
684 2570 795 2610 talia
825 2583 904 2623 per
937 2569 1187 2623 “plateas”
1218 2569 1544 2621 significentur,
1577 2574 1792 2609 constare

303 2638 458 2687 potest
485 2646 543 2672 ex
571 2631 863 2684 sequentibus
890 2631 1001 2671 locis
1018 2630 1227 2684 :—Apud
1253 2630 1514 2679 Jeremiam,

370 2723 388 2736 “
401 2721 598 2753 Discurrite
615 2731 678 2760 per
695 2721 833 2761 plateas
853 2720 1141 2761 Hierosolymae,
1160 2726 1195 2752 et
1212 2720 1340 2758 videte,
1355 2730 1500 2760 quaeSO‚
1515 2726 1550 2751 et
1567 2720 1788 2760 cognoscite,

478 2771 514 2796 et
531 2765 690 2805 quaerite
711 2764 747 2795 in
765 2765 854 2796 vicis
875 2764 964 2804 ejus,
983 2764 1013 2795 si
1035 2764 1228 2795 inveniatis
1250 2764 1374 2800 virum,
1396 2764 1456 2803 qui
1477 2764 1523 2795 sit
1543 2764 1677 2795 faciens
1700 2763 1792 2804 judi-

481 2809 588 2846 cium,
603 2818 778 2848 quaerens
796 2809 982 2840 veritatem
998 2817 1004 2845 ;
1030 2815 1112 2839 tunc
1130 2808 1345 2838 condonabo
1364 2807 1414 2838 illi
1427 2807 1444 2818 '’
1461 2807 1507 2846 (v.
1529 2807 1578 2847 1):

305 2905 515 2959 quoniam
543 2918 621 2958 per
650 2903 868 2957 “plateas
897 2901 1273 2955 Hierosolymae''
1300 2907 1345 2942 et
1372 2915 1450 2954 per
1479 2901 1639 2941 “vicos
1652 2900 1670 2914 '’
1697 2899 1789 2952 ejus
