1962 3334
326 298 434 342 1754
735 298 1068 332 APOCALvPsrs
1100 301 1401 334 EXPLICATA.

323 411 479 460 Verbi,
518 426 633 466 quae
671 419 998 466 perverterunt.
1061 413 1231 456 Similia
1267 415 1504 457 involvunt
1541 417 1660 458 bella
1693 417 1811 459 inter

322 473 436 515 filios
461 475 640 516 Israelis
663 482 709 516 et
728 475 1004 530 Aegyptios,
1026 484 1122 518 tum
1145 478 1266 519 bella
1288 479 1405 520 inter
1423 479 1537 520 filios
1561 480 1740 521 Israelis
1762 488 1809 522 et

321 537 553 591 AssyriOS,
579 545 628 579 ut
655 546 700 580 et
727 540 845 580 inter
870 540 1087 593 Assyrios
1113 548 1159 582 et
1186 541 1447 595 Aegyptios

534 634 598 674 (Ut
617 643 635 666 2
653 636 734 677 Reg.
752 635 850 667 xxiii.
869 644 910 677 29
927 637 972 667 ad
990 637 1048 669 fin.
1063 646 1070 676 ;
1095 647 1171 677 cap.
1189 638 1304 670 xxiv.:
1330 638 1427 670 Esaz'.
1444 649 1477 670 x.
1497 639 1592 680 3—5);

319 722 366 757 et
393 717 437 757 in
462 717 599 758 Libro
624 718 783 759 Primo
806 719 991 772 Regum,

387 792 493 834 Quod
513 794 579 824 sub
600 803 683 834 rege
705 794 958 826 Rechabeamo
976 796 1180 827 ascenderit
1200 806 1262 827 rex
1279 797 1435 837 Aegypti
1453 804 1580 829 contra
1598 798 1810 840 Hierosoly-

495 847 603 875 mam,
618 844 653 868 et
667 839 860 878 sumpserit
874 839 1063 870 thesauros
1083 839 1222 871 Domus
1239 840 1409 881 Jehovae,
1425 847 1460 872 et
1476 842 1666 873 thesauros
1680 843 1808 874 domus

491 881 654 961 ἷξῖζνίεέεῑ
664 882 770 965 2‹1613od
788 883 983 922 sumpserit
1003 889 1104 914 scuta
1122 893 1213 924 quae
1230 884 1365 916 {ecerat
1383 885 1540 923 Salomo,
1558 891 1593 917 et
1613 886 1715 926 plura
1738 887 1809 918 alia

568 949 575 956 ·
618 933 645 963 5,
732 935 739 964 ;

317 1031 422 1058 nam
449 1019 493 1058 in
520 1019 728 1059 omnibus
758 1019 986 1060 historicis
1010 1019 1165 1068 Verbi,
1195 1035 1336 1075 aeque
1370 1036 1421 1063 ac
1455 1023 1498 1063 in
1530 1022 1807 1076 propheticis

315 1080 422 1133 ejus,
457 1088 527 1122 est
566 1096 723 1122 sensus
755 1082 1026 1135 spiritualis;
1070 1084 1222 1124 omnia
1263 1086 1383 1125 enim
1416 1085 1634 1126 historica
1665 1086 1806 1126 Verbi

316 1150 421 1185 sunt
447 1147 838 1198 repraesentativa
862 1146 1159 1199 spiritualium
1184 1154 1229 1188 et
1257 1148 1523 1189 caelestium
1551 1163 1665 1203 quae
1693 1149 1806 1190 caeli

315 1214 362 1248 et
394 1207 630 1256 ecclesiae,
659 1215 705 1249 et
731 1209 869 1249 verba
901 1210 959 1249 ibi
992 1216 1096 1250 sunt
1129 1209 1454 1263 significativa:
1499 1225 1577 1264 per
1609 1212 1653 1252 id
1685 1212 1805 1265 quod

317 1274 437 1311 “rex
465 1271 671 1324 Aegypti
698 1273 939 1325 sumpserit
967 1273 1206 1313 thesauros
1233 1273 1393 1314 domus
1418 1274 1621 1326 Jehovae
1648 1283 1694 1316 et
1721 1275 1805 1315 do-

314 1347 412 1374 mus
438 1334 596 1387 regis,”
618 1341 665 1375 et
689 1335 828 1388 plura,
854 1337 1282 1388 repraesentabatur
1300 1337 1560 1377 devastatio
1583 1338 1804 1378 ecclesiae

314 1397 462 1450 quoad
490 1399 779 1450 cognitiones
806 1398 912 1439 boni
939 1405 984 1439 et
1007 1400 1100 1439 veri
1128 1413 1154 1439 a
1185 1399 1444 1441 scientificis
1471 1401 1581 1441 salse
1604 1401 1804 1454 applica-

314 1461 373 1500 tis
405 1474 518 1513 quae
555 1462 599 1501 in
638 1461 832 1501 naturali
864 1461 1060 1502 homine.
1124 1461 1282 1514 Qualis
1314 1471 1384 1504 est
1417 1464 1634 1504 naturalis
1666 1464 1804 1505 homo

313 1524 495 1576 quando
521 1524 841 1564 subordinatus
868 1525 1101 1577 spirituali,
1127 1532 1172 1566 et
1199 1526 1343 1579 qualis
1371 1533 1440 1566 est
1468 1528 1650 1579 quando
1672 1541 1803 1580 sepa-

313 1593 438 1627 ratus
464 1587 521 1627 ab
546 1587 638 1635 illo,
664 1587 798 1640 plene
824 1588 1093 1628 describitur
1119 1589 1163 1628 in
1189 1588 1359 1637 Exodo,
1385 1590 1428 1629 in
1461 1603 1596 1630 sensu
1623 1589 1804 1631 interno

313 1651 396 1691 ibi:
432 1650 575 1704 qualis
602 1658 671 1692 est
699 1651 916 1692 naturalis
943 1652 1081 1692 homo
1107 1652 1289 1705 quando
1315 1653 1633 1693 subordinatus
1660 1660 1706 1694 et
1738 1655 1800 1695 sic

312 1712 577 1766 conjumstus
599 1714 832 1767 spirituali,
857 1715 1125 1755 describitur
1147 1715 1205 1755 ibi
1229 1715 1302 1755 ubi
1328 1716 1479 1767 agitur
1501 1715 1558 1755 de
1582 1715 1799 1768 Josepho,

313 1783 360 1817 et
386 1777 443 1817 de
469 1776 569 1817 filiis
597 1777 776 1818 Israelis
802 1792 828 1817 a
852 1777 1054 1830 josepho
1077 1777 1182 1818 illuc
1206 1779 1397 1825 vocatis,
1423 1784 1469 1818 et
1492 1778 1802 1820 habitantibus

311 1840 356 1880 in
388 1846 508 1880 terra
535 1839 763 1888 Goschen,
791 1855 905 1894 quae
937 1841 1017 1881 suit
1050 1841 1223 1893 optima
1256 1847 1476 1881 terrarum
1504 1840 1801 1895 Aegyptum;

312 1903 386 1943 ubi
412 1903 560 1955 agitur
586 1903 642 1943 de
666 1903 881 1956 Josepho,
902 1904 1171 1944 describitur
1193 1904 1439 1944 dominium
1466 1903 1647 1945 Domini
1670 1919 1803 1958 super

312 1965 567 2006 naturalem
599 1966 846 2014 hominem,
880 1980 985 2006 nam
1013 1980 1091 2020 per
1119 1966 1436 2019 “josephum’'
1469 1967 1512 2006 in
1545 1981 1680 2008 sensu
1711 1969 1801 2021 spi-

310 2029 459 2069 rituali
486 2029 755 2082 intelligitur
783 2029 1019 2077 Dominus,
1044 2036 1090 2070 et
1118 2043 1196 2083 per
1221 2029 1527 2082 “Aegyptum
1541 2029 1559 2044 ''
1582 2030 1799 2070 naturalis

310 2092 463 2140 homo,
488 2106 653 2145 perque
675 2092 827 2133 “filios
851 2092 1062 2133 Israelis”
1081 2092 1323 2146 spiritualis
1345 2093 1496 2132 homo.
1547 2092 1615 2133 At
1638 2100 1801 2146 postea

311 2156 581 2196 describitur
607 2155 824 2196 naturalis
847 2155 985 2196 homo
1012 2156 1155 2209 qualis
1178 2162 1248 2196 e'st
1271 2169 1373 2196 cum
1400 2163 1634 2209 separatus
1662 2170 1688 2197 a
1710 2158 1800 2211 spi-

312 2218 475 2266 rituali,
501 2232 579 2271 per
602 2219 898 2267 Pharaonem,
923 2220 1042 2272 quod
1069 2218 1184 2259 filios
1213 2219 1391 2259 Israelis
1413 2220 1614 2272 graviter
1635 2221 1800 2261 servire

309 2282 492 2332 fecerit;
531 2288 577 2323 et
610 2283 713 2322 dein
745 2283 944 2322 vastatio
976 2282 1068 2334 ejus
1101 2282 1249 2335 quoad
1282 2283 1434 2322 omnia
1465 2296 1570 2322 vera
1601 2289 1647 2323 et
1680 2283 1800 2323 bona

310 2345 531 2386 ecclesiae
572 2346 840 2386 describitur
880 2359 958 2399 per
999 2345 1228 2393 miracula,
1271 2359 1386 2398 quae
1432 2352 1562 2386 erant
1602 2346 1796 2387 totidem

309 2409 487 2461 plagae,
517 2409 575 2448 ibi
611 2407 742 2457 fafita,
782 2415 828 2449 et
869 2409 1050 2449 demum
1091 2409 1299 2448 interitus
1331 2422 1410 2461 per
1441 2409 1797 2450 submersionem

310 2472 556 2511 Pharaonis
579 2478 625 2512 et
648 2472 794 2511 omnis
818 2472 1047 2512 exercitus
1066 2471 1158 2524 ejus
1180 2472 1223 2511 in
1247 2471 1360 2511 Mari
1384 2470 1521 2524 Suph.
1564 2471 1796 2520 Miracula‚

310 2548 389 2587 per
412 2549 526 2587 quae
558 2535 601 2574 in
634 2548 768 2575 sensu
795 2534 1015 2588 spirituali
1047 2535 1316 2574 describitur
1347 2535 1546 2574 vastatio
1578 2534 1797 2575 naturalis

310 2598 503 2638 hominis
532 2598 729 2650 separati
755 2612 781 2638 a
807 2597 1042 2650 spirituali,
1072 2603 1201 2637 erant
1228 2598 1490 2650 sequentia:

383 2693 489 2735 Quod
510 2693 658 2724 baculus
684 2693 867 2724 Aharonis
888 2703 1084 2724 conversus
1109 2693 1156 2724 sit
1180 2693 1215 2724 in
1241 2699 1463 2733 serpentem:
1502 2694 1596 2734 quod
1621 2703 1735 2734 aquae
1761 2694 1795 2725 in

482 2737 628 2768 flumine
649 2747 847 2768 conversae
867 2737 939 2768 sint
963 2737 999 2767 in
1021 2737 1245 2776 sanguinem,
1270 2736 1318 2768 ita
1341 2743 1380 2768 ut
1400 2743 1599 2768 moreretur
1618 2737 1739 2777 piscis,
1760 2743 1797 2769 et

482 2781 611 2811 feteret
627 2780 759 2811 flumen
777 2780 899 2819 (Exod.
918 2781 1010 2818 vii.):

381 2824 487 2866 Quod
508 2834 552 2855 ex
568 2824 685 2854 fluviis
706 2830 741 2855 et
758 2824 897 2863 stagnis
915 2822 1109 2864 productae
1123 2824 1195 2854 sint
1215 2833 1324 2854 ranae
1342 2833 1450 2863 super
1465 2830 1596 2855 terram
1615 2823 1792 2864 Aegypti:

483 2868 577 2908 quod
598 2867 717 2907 pulvis
738 2874 853 2898 terrae
873 2877 996 2898 versus
1017 2867 1064 2898 sit
1087 2868 1122 2898 in
1145 2867 1347 2907 pediculos:
1378 2868 1473 2907 quod
1503 2867 1674 2898 colluvies
1695 2868 1795 2898 vola-

481 2911 596 2942 tilium
612 2911 802 2941 noxiorum
818 2911 981 2942 immissa
997 2912 1043 2942 sit
1061 2911 1095 2941 in
1111 2912 1256 2942 domum
1274 2911 1484 2949 Pharaonis,
1500 2920 1686 2942 servorum
1703 2910 1793 2951 ejus,

480 2961 515 2986 et
533 2955 568 2985 in
586 2964 731 2985 ornnem
750 2961 880 2986 terram
900 2954 1056 2995 Aegypti
1077 2954 1199 2994 (Exod.
1218 2954 1323 2994 viii.):
