1962 3334
606 275 713 308 CAP.
736 275 820 316 XL,
842 274 981 326 VERS.
1003 238 1151 319 9.4N.
1173 263 1353 335 659[f].
1508 272 1512 274 ’
1615 272 1718 316 1775

235 388 355 430 illis”
379 394 450 430 est
481 402 665 442 prorsus
686 387 866 429 tradere
890 387 992 435 illis,
1020 393 1069 427 ut
1101 400 1192 427 non
1224 386 1316 427 sint
1345 385 1432 428 nisi
1462 398 1640 426 amores
1673 390 1720 425 et

234 451 507 504 cupiditates
525 450 630 491 mali
652 457 699 492 et
714 450 838 491 falsi:
869 454 1021 504 “quae
1043 450 1386 497 adamaverunt,
1405 448 1564 502 quibus
1581 447 1720 488 servi-

234 521 409 563 verunt,
433 520 538 568 post
562 528 676 568 quae
701 514 891 562 iverunt,
916 527 1031 566 quae
1057 513 1390 566 quaesiverunt,
1415 518 1462 552 et
1488 511 1647 564 quibus
1669 523 1718 550 se

233 576 620 625 incurvaverunt,”
636 575 894 630 significant
916 574 1200 617 affectionem
1222 581 1270 615 et
1291 574 1640 628 propensionem
1662 573 1720 613 ad

235 637 314 680 illa
333 640 609 680 exteriorem
631 646 678 680 et
703 640 979 687 interiorem,
1003 645 1050 679 et
1072 638 1177 679 inde
1203 637 1402 679 cultum:
1438 641 1567 677 “non
1590 636 1719 677 colli-

233 708 412 754 gentur,
428 715 572 756 neque
589 701 903 755 sepelientur‚”
919 700 1145 754 significat
1164 701 1284 754 quod
1302 713 1522 753 nusquam
1536 699 1720 740 redituri

232 764 292 805 ad
315 765 562 806 societates
586 778 700 818 quae
722 770 827 805 sunt
852 764 981 812 caeli,
1005 764 1086 805 sed
1112 764 1231 817 quod
1254 764 1451 804 mansuri
1472 763 1591 816 apud
1617 761 1720 803 illos

231 827 307 880 qui
341 827 385 868 in
416 827 612 868 inferno:
656 828 739 867 “in
770 833 945 868 stercus
975 840 1108 880 super
1137 826 1336 867 faciebus
1373 832 1520 867 terrae
1556 825 1719 866 erunt’'

232 889 458 943 significat
494 890 587 931 tale
629 897 855 931 mortuum
898 896 945 931 et
985 890 1266 930 immundum
1306 889 1428 943 quod
1464 888 1638 941 ejicitur
1672 894 1720 929 et

233 952 539 994 conculcatur.
1247 949 1251 952 ’

313 1017 398 1071 [Ῑὶ]
441 1017 516 1058 Ex
541 1018 610 1059 his
631 1024 844 1059 constare
868 1023 1026 1071 potest
1050 1017 1157 1071 quid
1182 1016 1463 1070 significatur
1487 1030 1568 1070 per

296 1105 401 1146 Quod
417 1115 439 1136 a
454 1104 599 1146 Joschia
617 1115 700 1145 rege
719 1115 803 1136 ossa
821 1103 981 1136 extracta
999 1105 1071 1136 sint
1090 1114 1110 1136 e
1130 1104 1335 1145 sepulchris,
1353 1110 1389 1135 et
1407 1105 1594 1135 combusta
1613 1113 1720 1144 super

403 1148 506 1180 altari
523 1149 556 1187 (2
574 1149 655 1189 Reg.
672 1149 767 1180 xxiii.
784 1149 857 1188 16);

303 1191 407 1233 Quod
426 1192 601 1223 Isabelem
618 1193 846 1223 comederent
858 1201 965 1223 canes
982 1192 1017 1223 in
1031 1201 1129 1232 agro,
1143 1201 1207 1222 nec
1221 1191 1398 1231 sepeliens
1414 1191 1446 1229 (2
1462 1191 1543 1230 Reg.
1562 1191 1607 1222 ix.
1623 1190 1676 1229 10)
1689 1200 1697 1226 ς

303 1235 408 1276 Quod
423 1235 633 1276 Jojakimus,
651 1235 742 1266 filius
759 1233 959 1276 [¹1J0schiae
978 1235 1072 1275 regis
1091 1234 1260 1276 Jehudae,
1278 1235 1460 1274 sepultura
1477 1234 1570 1265 asini
1593 1234 1720 1274 sepeli·

404 1285 509 1316 retur,
533 1279 708 1310 trahendo
731 1286 767 1310 et
790 1279 1010 1319 projiciendo
1034 1279 1156 1319 procul
1179 1278 1272 1309 ultra
1294 1285 1416 1318 portas
1443 1278 1719 1318 Hierosolymae

403 1322 546 1364 (Jerem.
563 1322 644 1354 xxii.
664 1323 727 1363 19).

233 1415 386 1457 Simile
411 1415 688 1469 significatur
711 1430 789 1470 per
809 1416 1027 1470 “sepeliri
1051 1417 1095 1456 in
1118 1415 1410 1470 Thopheth,”
1423 1422 1470 1456 et
1491 1417 1576 1456 “in
1599 1415 1719 1456 valle

233 1478 489 1527 Hinnomi,‘’
513 1479 632 1532 apud
658 1479 919 1528 Jeremiam,

297 1571 316 1585 ‘⁶
327 1570 416 1602 Ecce
429 1570 504 1602 dies
518 1570 729 1608 venientes„
744 1595 751 1602 .
765 1570 906 1611 ‚quibus
921 1580 993 1601 non
1010 1571 1145 1602 dicetur
1156 1570 1311 1610 amplius
1324 1569 1525 1610 Thopheth,
1538 1575 1599 1600 aut
1615 1569 1718 1600 vallis

404 1613 464 1645 filii
483 1613 668 1651 Hinnomi,
686 1614 749 1644 sed
765 1614 869 1645 vallis
885 1614 1073 1644 occisionis
1088 1623 1095 1650 :
1119 1620 1155 1644 et
1174 1614 1349 1653 sepelient
1368 1613 1403 1644 in
1421 1613 1621 1653 Thopheto‚
1639 1613 1719 1643 ideo

403 1658 497 1698 quod
516 1667 589 1687 non
609 1657 728 1694 locus:
759 1664 795 1688 et
813 1658 879 1688 erit
898 1658 1050 1688 cadaver
1068 1657 1189 1697 populi
1211 1656 1317 1696 hujus
1338 1658 1373 1687 in
1391 1657 1507 1687 cibum
1528 1656 1586 1686 avi
1605 1656 1720 1687 caelo-

403 1710 492 1738 rum,
509 1706 544 1731 et
559 1700 694 1731 bestiae
711 1707 835 1738 terrae,
853 1710 917 1731 nec
935 1701 1084 1740 abigens
1101 1701 1267 1731 terrendo
1279 1699 1297 1711 '¹
1314 1699 1385 1739 (vii.
1404 1707 1455 1738 32,
1473 1700 1549 1739 33);

229 1788 277 1824 et
301 1782 420 1835 apud
446 1782 654 1830 eundem,

299 1859 320 1872 ⁸⁴
330 1857 505 1897 Frangam
524 1857 694 1897 populum
710 1857 803 1888 hunc
820 1863 856 1888 et
870 1858 993 1888 urbem
1010 1858 1112 1895 hanc,
1126 1858 1216 1888 sicut
1232 1857 1409 1897 frangitur
1425 1868 1488 1888 vas
1504 1857 1611 1898 figuli,
1625 1858 1719 1899 quod

403 1911 475 1932 non
500 1907 618 1941 potest
637 1901 792 1941 reparari
817 1901 979 1941 amplius,
1000 1908 1035 1932 et
1059 1901 1094 1931 in
1120 1901 1310 1941 Thopheth
1334 1902 1518 1941 sepelient,
1538 1902 1621 1942 quia
1644 1911 1717 1932 non

403 1944 864 2027 ὲὲξὲιεῐῗᾱῐὲῗξὶεὶίευᾱιιωμ
878 1969 886 1976 .
900 1969 908 1976 .
922 1952 974 1976 ‚et
998 1945 1091 1975 dabo
1118 1945 1241 1976 urbem
1270 1945 1362 1975 hanc
1385 1945 1475 1976 sicut
1498 1945 1689 1985 'thopheth
1700 1945 1718 1956 '¹

232 2084 557 2138 “Thopheth’'
593 2091 639 2126 et
679 2085 850 2126 “vallis
890 2085 1141 2126 Hinnomi'’
1177 2085 1494 2139 significabant
1530 2086 1716 2134 inferna,

233 2146 554 2200 “Thopheth”
581 2148 798 2188 infernum
830 2162 857 2188 a
887 2155 1033 2201 tergo,
1061 2149 1182 2202 quod
1213 2155 1403 2189 vocatur
1431 2148 1715 2197 “diabolus,’'

229 2215 277 2250 et
305 2210 474 2250 “vallis
507 2210 756 2251 Hinnomi’‘
782 2210 1002 2251 infernum
1033 2224 1059 2251 a
1090 2211 1215 2259 facie,
1244 2212 1364 2264 quod
1389 2218 1578 2252 vocatur
1606 2216 1717 2252 “sa-

230 2272 401 2320 tanas,”
419 2274 629 2326 quoniam
652 2274 696 2313 in
718 2273 826 2313 urbe
846 2273 1167 2326 Hierosolyma
1185 2280 1231 2315 et
1254 2281 1389 2315 extra
1410 2274 1534 2315 illam
1557 2288 1716 2316 omnes

230 2333 318 2375 loci
348 2336 767 2389 correspondebant
805 2335 915 2376 locis
952 2337 996 2376 in
1033 2337 1202 2377 mundo
1239 2336 1483 2390 spirituali:
1527 2351 1633 2378 nam
1669 2339 1713 2378 in

229 2397 316 2438 hoc
357 2397 665 2438 habitationes
705 2405 809 2438 sunt
850 2399 1096 2438 secundum
1138 2399 1351 2439 Divinum
1391 2400 1623 2450 ordinem;
1670 2401 1715 2440 in

230 2460 380 2500 medio
406 2467 511 2501 sunt
543 2461 616 2513 qui
648 2462 692 2500 in
719 2461 920 2500 maxima
946 2460 1044 2501 luce
1070 2475 1148 2501 seu
1174 2463 1411 2514 sapientia,
1439 2463 1484 2502 in
1511 2464 1715 2503 terminis

229 2523 303 2576 qui
334 2523 378 2562 in
410 2524 607 2570 minima,
635 2524 692 2564 ad
724 2524 945 2564 orientem
978 2530 1024 2564 et
1051 2524 1337 2565 occidentem
1364 2526 1437 2578 qui
1469 2527 1512 2565 in
1545 2539 1713 2573 amore,

228 2585 286 2626 ad
318 2586 548 2626 meridiem
581 2592 626 2626 et
659 2587 1017 2639 septentrionem
1048 2588 1121 2640 qui
1157 2588 1200 2627 in
1233 2587 1567 2641 intelligentia;
1610 2588 1716 2629 talis

229 2648 454 2689 ordinatio
480 2655 550 2689 est
573 2649 766 2689 universi
789 2649 916 2697 caeli,
941 2649 1046 2690 talis
1068 2651 1207 2690 etiam
1233 2652 1276 2691 in
1300 2653 1546 2704 unaquavis
1570 2653 1715 2692 socie-

229 2716 328 2751 tate
359 2710 432 2758 ibi,
466 2710 570 2750 talis
607 2712 651 2751 in
689 2713 934 2764 unaquavis
971 2712 1078 2752 urbe
1114 2713 1186 2760 ibi,
1220 2720 1266 2753 et
1304 2714 1460 2754 similis
1493 2715 1631 2754 etiarn
1669 2715 1714 2754 in

230 2774 476 2826 unaquavis
513 2773 674 2824 domo;
719 2778 765 2814 et
807 2774 892 2814 hoc
933 2775 1050 2822 ideo,
1089 2776 1192 2828 quia
1227 2776 1395 2816 formae
1434 2778 1629 2817 minores
1670 2778 1715 2817 in

229 2834 366 2875 caelis
392 2842 496 2875 sunt
520 2848 677 2876 omnes
703 2836 760 2876 ad
787 2837 929 2876 instar
951 2837 1118 2878 formae
1141 2840 1394 2888 maximae;
1428 2846 1473 2879 et
1501 2840 1712 2892 quoniam

232 2896 605 2950 “Hierosolyma''
619 2898 903 2951 significabat
922 2899 1096 2940 caelum
1114 2907 1160 2941 et
1178 2901 1418 2942 ecclesiam
1433 2902 1581 2954 quoad
1599 2901 1709 2942 doc-
