1962 3334
540 314 647 347 CAP.
671 313 733 353 x.‚
756 310 895 343 VERS.
917 308 1065 342 2.—N.
1085 297 1255 352 6oo[a].
1456 278 1464 283 ⁵
1536 304 1644 350 1507

211 423 444 472 &affl
464 426 653 466 discipulis
676 423 912 466 piscantibus,
938 421 1106 454 “Mittite
1129 421 1166 452 in
1190 420 1337 452 dextras
1361 424 1483 459 partes
1506 416 1645 458 navigii

325 478 412 509 rete,
427 477 516 502 mac
528 469 747 502 iumietis:
772 467 950 499 miserunt
967 465 1088 506 itaque
1105 474 1114 503 ;
1138 470 1175 496 et
1193 473 1269 495 non
1289 462 1446 503 amplius
1466 461 1556 493 illud
1574 466 1647 492 tra·

325 515 410 547 here
426 519 620 555 potueruut
630 510 969 553 multitudine
979 508 1140 550 piscium
1152 507 1171 519 ”
1188 506 1273 547 (xxi.
1290 506 1325 546 6)
1338 517 1346 538 ε

153 603 366 658 quoniam
391 616 471 656 per
498 597 868 655 “piscationem'’
889 598 935 638 in
961 596 1119 638 Verbo
1143 593 1426 648 significatur
1446 593 1647 634 instmc-

61 706 68 715 ,
153 666 220 708 tio
251 671 298 706 et
329 664 566 706 conversio
590 663 826 703 hominum
851 661 926 714 qui
956 660 1001 701 in
1032 659 1155 700 bono
1180 664 1378 699 externo
1409 670 1488 697 seu
1512 661 1647 696 natu-

72 719 89 757 ss
152 728 237 770 rali
272 734 394 776 sunt,
432 729 477 768 in
517 740 607 780 quo
641 725 764 766 bono
802 723 953 778 plures
993 736 1048 764 eo
1087 728 1295 775 tempore
1334 734 1395 761 ex
1433 719 1649 772 gentibus

75 833 78 837 Δ
151 790 347 847 suerunt,
370 804 449 844 per
473 790 657 843 “pisces
668 788 688 804 ”
710 788 830 829 enim
852 785 1164 840 significantur
1189 783 1267 825 illa
1291 796 1407 837 quae
1430 781 1649 823 naturalis

88 852 92 853 ⁷
153 853 350 895 hominis
379 858 500 901 sunt,
527 858 574 893 et
606 865 686 905 per
712 848 1013 903 “navigium'’
1038 847 1320 901 significatur
1350 844 1558 887 doctrina
1588 859 1649 886 ex

67 935 78 942 -’
112 959 117 962 ,
155 915 326 966 Verbo,
345 930 482 970 quare
504 929 583 969 per
607 914 836 955 “dextras
858 918 1012 967 partes
1024 911 1044 927 '’
1061 910 1156 964 ejus
1178 909 1459 964 significatur
1481 909 1650 950 bonum

153 980 307 1030 vitae;
353 979 458 1019 inde
498 983 711 1019 constare
747 982 903 1030 potest
943 974 1050 1029 quid
1091 973 1373 1027 significatur
1411 986 1492 1026 per
1528 971 1651 1025 quod

155 1041 378 1083 Dominus
404 1041 573 1082 dixerit
605 1039 726 1094 quod
755 1040 1033 1080 “mitterent
1064 1043 1164 1078 rete
1194 1037 1240 1077 in
1272 1036 1464 1076 dextras
1495 1041 1652 1088 partes

155 1103 365 1161 navigii,”
395 1117 559 1157 nempe
596 1110 645 1144 ut
682 1102 901 1143 docerent
932 1101 1103 1142 bonum
1139 1100 1290 1140 vitae:
1334 1098 1455 1152 quod
1493 1098 1555 1138 sic
1592 1097 1650 1138 ad

66 1162 67 1166 ’
115 1191 118 1195 ·
155 1168 396 1210 ecclesiam
421 1172 743 1208 converterent
769 1171 949 1219 gentes,
977 1162 1258 1217 significatur
1288 1175 1368 1216 per
1393 1161 1514 1215 quod
1544 1161 1651 1201 “in-

154 1231 363 1272 venerint
385 1231 576 1283 copiam,
600 1235 649 1270 ut
673 1242 779 1282 prae
802 1227 1095 1268 multitudine
1118 1226 1306 1280 piscium
1331 1238 1422 1266 non
1444 1223 1652 1264 valerent

156 1293 339 1335 trahere
363 1299 461 1334 rete
478 1292 512 1343 ;”
553 1292 740 1346 quisque
772 1297 929 1345 potest
960 1290 1115 1330 videre
1151 1289 1272 1343 quod
1305 1288 1528 1329 Dominus
1560 1299 1652 1326 non

75 1357 94 1419 γ’
156 1355 324 1397 dixerit
355 1361 404 1396 ut
434 1356 515 1396 “in
547 1355 737 1396 dextras
768 1360 923 1407 partes
954 1354 1193 1394 mitterent
1219 1351 1358 1400 rete,''
1384 1351 1469 1392 nisi
1497 1351 1652 1391 “dex-

157 1423 229 1460 tra
253 1431 357 1472 pars
369 1418 389 1433 ’'
414 1424 537 1459 esset
563 1417 879 1471 significativa.
940 1415 1081 1470 Apud
1106 1414 1402 1462 Matthaeum,

158 1524 161 1525 ⁷
225 1509 246 1523 ‘⁸
255 1507 294 1540 Si
309 1508 434 1540 oculus
450 1508 575 1539 dexter
590 1506 892 1539 scandalizaverit
908 1511 954 1543 te,
972 1515 1056 1537 erue
1073 1505 1175 1536 illum
1194 1510 1230 1536 et
1249 1503 1366 1544 abjice
1386 1504 1451 1535 abs
1471 1509 1506 1534 te
1521 1512 1544 1539 ς.
1560 1527 1567 1534 .
1581 1527 1589 1534 .
1603 1508 1655 1534 ,et

332 1552 370 1627 {sti³
381 1548 769 1635 ςῖῖῐι-Ξιὶωξοξξηειῃιιε]
788 1549 1099 1587 scandalizaverit,
1115 1554 1264 1589 amputa
1283 1548 1381 1578 illam
1399 1553 1435 1578 et
1454 1546 1572 1587 abjice
1589 1547 1656 1577 abs

69 1675 81 1687 '⁴
158 1677 280 1731 quod
313 1677 535 1718 Dominus
566 1690 647 1730 per
679 1675 937 1717 “dextrum
969 1673 1181 1715 oculum”
1213 1679 1260 1714 et
1293 1686 1372 1726 per
1401 1673 1654 1713 “dextram

159 1753 343 1782 manum
354 1739 375 1755 ”
393 1753 483 1781 non
505 1739 789 1780 intellexerit
812 1739 1027 1779 dextrum
1049 1736 1230 1778 oculum
1252 1743 1298 1777 et
1321 1736 1535 1776 dextram
1558 1747 1654 1775 ma-

160 1815 282 1851 num,
300 1803 487 1857 quisque
505 1802 659 1842 videre
676 1808 832 1855 potest
851 1815 911 1841 ex
932 1814 1001 1848 eo,
1021 1800 1141 1853 quod
1164 1799 1342 1839 dicatur
1359 1798 1480 1851 quod
1498 1797 1655 1838 oculus

163 1865 549 1910 “eruendus.sit,”
571 1871 618 1906 et
645 1865 765 1918 quod
792 1877 951 1904 manus
980 1861 1339 1915 “amputanda,’'
1364 1861 1401 1901 si
1427 1860 1655 1901 scandali-

85 1940 97 1965 -’
158 1929 390 1979 ·zaverint;
424 1928 504 1969 sed
530 1929 634 1981 quia
659 1941 739 1981 per
763 1926 983 1967 “oculum
995 1925 1015 1941 ’'
1037 1927 1081 1966 in
1109 1938 1244 1966 sensu
1270 1923 1492 1977 spirituali
1514 1924 1655 1976 signi-

161 1990 322 2034 ficatur
346 2004 481 2032 omne
513 1991 557 2031 id
590 1990 710 2044 quod
742 1996 812 2030 est
845 1987 1106 2029 intellectus
1133 1994 1180 2028 et
1212 1987 1317 2028 inde
1343 1987 1654 2040 cogitationis,

163 2059 212 2104 et
237 2068 317 2108 per
344 2054 596 2094 “dextram
624 2052 838 2093 manum”
861 2065 995 2092 omne
1021 2051 1065 2091 id
1091 2050 1212 2104 quod
1238 2056 1309 2090 est
1334 2049 1587 2090 voluntatis
1609 2056 1655 2090 et

85 2115 109 2170 5¹-
143 2116 270 2158 *inde
294 2114 555 2163 affectionis
580 2122 792 2156 constare
819 2121 975 2168 potest
998 2114 1118 2167 quod
1145 2126 1224 2166 per
1247 2111 1331 2153 “Si
1357 2111 1515 2153 oculus
1541 2112 1657 2152 dex-

97 2196 110 2222 ,·
162 2184 235 2220 ter
259 2178 652 2225 scandalizaverit,
681 2178 904 2219 eruendus
930 2176 1031 2225 sit‚‘'
1058 2175 1337 2229 significetur
1367 2176 1403 2215 si
1430 2176 1657 2228 cogitaret

82 2244 113 2289 ’ῃ
164 2241 333 2283 malum
363 2242 483 2295 quod
519 2241 563 2282 id
600 2255 660 2282 ex
691 2242 974 2294 cogitatione
1005 2238 1295 2292 rejiciendum
1328 2239 1414 2289 sit;
1457 2245 1504 2279 et
1536 2238 1658 2292 quod

84 2343 96 2357 7,
163 2318 244 2359 per
281 2303 366 2345 “Si
406 2305 573 2345 dextra
614 2317 773 2344 manus
810 2303 1203 2351 scandalizaverit,
1241 2302 1523 2355 amputanda
1558 2301 1657 2350 sit,'’

88 2366 110 2384 ²
164 2366 442 2421 significetur
471 2368 507 2407 si
539 2366 680 2407 vellet
713 2366 881 2407 malum
913 2365 1034 2419 quod
1067 2365 1111 2406 id
1133 2365 1386 2406 voluntatis
1418 2365 1657 2406 excutien-

94 2430 99 2432 ’
165 2429 273 2470 dum
304 2430 389 2470 sit:
432 2430 528 2482 ipse
559 2430 678 2469 enim
715 2428 871 2469 oculus
908 2442 999 2468 non
1030 2433 1186 2481 potest
1218 2427 1540 2475 scandalizare,
1574 2440 1657 2468 nec

98 2514 109 2525 r
133 2520 138 2523 -
165 2492 332 2533 dextra
363 2505 536 2540 manus,
564 2492 644 2532 sed
676 2492 899 2544 cogitatio
930 2489 1190 2531 intelle&us
1215 2497 1261 2531 et
1294 2488 1471 2531 affectio
1496 2489 1658 2530 volun-

166 2555 291 2603 tatis,
318 2568 432 2608 quae
463 2555 838 2607 correspondent,
866 2560 1071 2607 possunt.
1133 2552 1267 2606 Quod
1299 2554 1476 2594 dicatur
1505 2554 1658 2594 “dex-

167 2622 238 2658 ter
261 2617 447 2658 oculus”
474 2624 520 2658 et
546 2617 754 2658 “dextra
785 2616 984 2664 manu5,”
1010 2623 1056 2657 et
1089 2629 1180 2666 non
1211 2617 1394 2657 sinister
1424 2616 1580 2657 oculus
1612 2623 1658 2657 et

98 2679 102 2683 ’
167 2680 349 2721 sinistra
371 2693 545 2727 manus,
565 2686 634 2720 est
658 2680 761 2733 quia
783 2693 862 2732 per
886 2679 1138 2719 “dextrum
1149 2678 1170 2694 ‘’
1187 2678 1467 2732 significatur
1490 2679 1659 2720 bonum

99 2794 107 2805 ι
168 2747 216 2783 et
241 2742 284 2782 in
310 2743 522 2795 opposito
549 2756 682 2783 sensu
709 2742 893 2790 malum,
920 2748 968 2782 at
995 2755 1074 2794 per
1101 2741 1369 2782 “sinistrum
1385 2741 1404 2757 ”
1430 2741 1658 2794 significa-

113 2852 115 2854 ,
170 2810 243 2846 tur
264 2818 420 2846 verum
442 2811 487 2846 et
514 2806 558 2845 in
581 2806 794 2858 opposito
816 2817 950 2845 sensu
972 2803 1160 2854 salsum;
1193 2810 1239 2845 et
1263 2805 1409 2845 omnis
1431 2804 1658 2845 scandali-

169 2867 290 2908 zatio
310 2866 361 2908 fit
384 2881 443 2908 ex
467 2867 600 2915 malo,
625 2880 715 2908 non
738 2873 891 2907 autem
913 2880 972 2907 ex
994 2865 1107 2907 falso
1129 2867 1212 2907 nisi
1234 2867 1395 2907 falsum
1418 2868 1475 2908 sit
1498 2867 1659 2908 falsum

93 2939 107 2989 j
171 2929 303 2970 mali:
341 2930 461 2984 quod
493 2929 604 2971 haec
632 2928 753 2971 dicta
785 2930 875 2971 sint
908 2929 965 2971 de
996 2929 1176 2971 interno
1207 2929 1405 2980 homine,
1433 2929 1555 2983 cujus
1587 2935 1658 2971 est
