1962 3334
309 266 416 308 1806
719 265 1051 308 APOCALYPSIS
1084 274 1384 308 EXPLICATA.

303 397 350 432 et
377 404 478 431 cum
505 405 528 432 e
557 390 726 431 mundo
752 391 909 439 exivit,
937 391 1053 432 dixit
1082 389 1323 443 discipulis,

369 484 492 516 “Data
505 491 559 516 est
575 484 663 516 Mihi
679 485 796 516 omnis
811 491 971 525 potestas
986 485 1022 516 in
1036 484 1135 516 caelo
1148 490 1183 515 et
1206 484 1241 515 in
1256 489 1349 515 terra
1361 482 1378 494 ”
1395 482 1538 522 (Malta.
1552 481 1670 514 xxviii.
1685 479 1793 521 [¹118):

302 597 361 623 ex
380 582 538 636 quibus
562 589 689 635 patet
708 582 828 636 quod
851 582 1073 623 Dominus
1095 583 1152 622 sit
1176 582 1298 622 Deus
1317 580 1438 621 caeli.
1502 579 1636 632 Quod
1657 579 1793 632 “glo-

302 647 413 686 riam
432 647 536 687 dare
550 646 568 661 ”
588 647 643 687 sit
663 660 911 699 agnoscere
930 653 975 687 et
999 646 1148 687 colere
1170 646 1336 699 Ipsum,
1357 651 1426 685 est
1444 645 1546 698 quia
1565 642 1793 696 “gloriam

301 710 439 750 dare”
471 709 695 763 significat
734 709 854 763 quod
893 709 982 762 Ipsi
1021 708 1103 750 soli
1141 709 1198 749 sit
1235 708 1392 761 gloria,
1426 708 1528 761 quia
1564 712 1634 747 est
1672 706 1794 746 Deus

301 773 414 814 caeli
447 780 492 814 et
525 780 685 820 terrae,
720 779 766 814 et
799 772 934 812 simul
965 786 1214 825 agnoscere
1246 771 1366 824 quod
1398 771 1547 811 omnia
1578 768 1794 810 ecclesiae

301 836 390 877 sint
417 836 474 876 ab
497 836 616 888 Ipso,
641 836 704 876 ita
727 836 873 876 omnis
895 835 1016 875 salus
1042 841 1088 875 et
1112 835 1204 875 vita
1229 841 1414 874 aeterna
1433 847 1441 874 ε
1476 847 1535 874 ex
1556 833 1625 874 his
1648 832 1793 886 sequi-

301 906 374 940 tur
399 899 519 953 quod
545 898 774 951 “gloriam
802 899 907 939 dare
921 898 939 913 ”
963 905 1008 939 et
1035 897 1364 950 “glorificare‚'’
1387 910 1488 938 cum
1515 897 1570 937 de
1599 897 1712 944 Deo,
1737 897 1794 937 sit

301 961 449 1003 colere
476 968 522 1003 et
549 962 735 1002 adorare
763 962 929 1014 Ipsum.
993 965 1018 981 “
1036 960 1218 1002 Gloria'’
1244 961 1289 1000 in
1316 960 1486 1008 Verbo,
1514 960 1587 1000 ubi
1614 959 1669 1000 de
1698 959 1792 1000 Do-

301 1026 438 1074 mino,
459 1026 634 1078 proprie
654 1024 877 1077 significat
898 1024 1111 1064 Divinum
1131 1023 1304 1064 Verum
1322 1023 1570 1076 procedens
1593 1022 1649 1063 ab
1673 1022 1791 1074 Ipso,

300 1103 360 1129 ex
387 1102 522 1129 causa
547 1089 650 1141 quia
677 1087 889 1128 Divinum
916 1087 959 1127 id
984 1086 1154 1127 Verum
1182 1093 1251 1127 est
1280 1086 1359 1126 lux
1386 1085 1512 1134 caeli,
1537 1091 1583 1126 et
1610 1099 1669 1126 ex
1695 1084 1793 1125 luce

300 1150 377 1191 illa
402 1165 492 1192 non
525 1150 669 1191 solum
702 1156 772 1191 est
805 1149 978 1202 angelis
1005 1156 1051 1190 et
1079 1149 1336 1189 hominibus
1364 1149 1506 1189 omnis
1533 1147 1792 1200 intelligen-

300 1214 365 1254 tia
391 1220 436 1254 et
460 1214 691 1267 sapientia,
718 1213 796 1253 sed
819 1214 958 1253 etiam
984 1213 1128 1253 omnis
1150 1211 1355 1260 felicitas,
1381 1218 1426 1251 et
1449 1212 1629 1263 insuper
1650 1211 1793 1251 omnis

301 1276 638 1329 magnificentia
663 1277 707 1316 in
741 1275 889 1323 caelis,
917 1289 1031 1328 quae
1065 1274 1328 1324 ineffabilis;
1367 1274 1478 1314 haec
1511 1274 1661 1327 itaque
1689 1280 1793 1313 sunt

299 1353 414 1392 quae
446 1340 622 1391 proprie
650 1337 960 1391 significantur
992 1352 1069 1390 per
1098 1341 1122 1357 “
1143 1337 1335 1390 gloriam
1368 1337 1452 1377 Dei
1470 1336 1503 1386 ;''
1539 1343 1585 1376 et
1617 1337 1718 1389 quia
1749 1336 1792 1376 id

300 1409 370 1442 est
397 1401 553 1454 gloria,
578 1402 778 1454 sequitur
800 1401 920 1454 quod
944 1400 1088 1453 gloria
1115 1400 1296 1440 Domini
1323 1400 1380 1440 sit
1406 1399 1629 1440 illustrare
1653 1412 1792 1452 ange-

301 1464 369 1504 los
406 1471 451 1504 et
488 1465 708 1511 homines,
748 1477 799 1504 ac
837 1464 1004 1504 donare
1042 1463 1347 1516 intelligentia
1383 1469 1429 1503 et
1468 1463 1702 1515 sapientia,
1741 1476 1792 1502 ac

299 1527 433 1567 beare
465 1526 665 1567 felicibus
697 1533 742 1567 et
771 1526 991 1579 jucundis,
1026 1533 1072 1567 et
1110 1540 1286 1579 quoque
1325 1524 1612 1578 magnificare
1644 1526 1794 1565 omnia

300 1592 344 1631 in
367 1590 532 1640 ‘caelis;
566 1596 612 1630 et
635 1590 755 1643 quod
782 1589 858 1630 illa
880 1589 1025 1642 gloria
1047 1602 1136 1629 non
1163 1590 1220 1629 sit
1247 1603 1305 1629 ex
1330 1602 1481 1629 amore
1504 1588 1688 1641 gloriae,
1713 1588 1792 1628 sed

300 1668 359 1694 ex
377 1667 528 1694 amore
552 1667 660 1706 erga
677 1653 922 1693 humanum
945 1666 1114 1705 genus:
1148 1666 1283 1705 quare
1308 1651 1527 1692 Dominus
1550 1651 1656 1692 dicit
1675 1651 1792 1705 apud

300 1715 568 1763 Jolcannem,

367 1810 385 1823 ‘¹
398 1808 439 1840 In
460 1810 526 1840 hoc
546 1809 764 1849 glorificatus
784 1816 839 1840 est
861 1809 966 1841 Pater
982 1819 1092 1847 meus,
1110 1815 1149 1841 ut
1169 1807 1322 1841 studium
1341 1809 1490 1840 multum
1511 1808 1643 1846 feratis,
1662 1815 1696 1840 et
1716 1808 1794 1840 red-

475 1853 608 1884 damini
626 1853 789 1893 discipuli
808 1852 906 1884 mei’'
923 1853 992 1893 (xv.
1012 1853 1043 1892 8)
1059 1862 1066 1891 ;

300 1942 347 1977 et
379 1935 496 1983 alibi,

367 2011 515 2094 “Verlga
539 2021 628 2086 quagie
652 2011 781 2094 dedisti
808 2010 906 2049 Mihi,
931 2011 1011 2042 dedi
1042 2011 1256 2050 illis;....et
1279 2011 1496 2052 glorificatus
1521 2021 1599 2042 sum
1628 2010 1664 2042 in
1693 2010 1792 2042 illis'’

489 2065 570 2086 xvu.
611 2080 618 2092 ,
639 2063 701 2086 10.

302 2156 436 2210 Quod
468 2157 553 2197 hoc
586 2157 642 2197 sit
675 2156 818 2210 gloria
845 2156 1041 2204 Domini,
1071 2163 1278 2197 constare
1306 2163 1458 2210 potest
1488 2171 1547 2197 ex
1573 2171 1641 2206 e0,
1670 2157 1790 2210 quod

301 2219 380 2259 lux
407 2219 531 2267 caeli,
561 2233 620 2260 ex
652 2233 738 2272 qua
770 2220 914 2259 omnis
946 2220 1179 2271 sapientia,
1210 2220 1508 2272 pulchritudo,
1537 2226 1582 2260 et
1615 2221 1790 2272 magni-

301 2281 481 2322 ficentia
506 2289 575 2322 est
602 2283 645 2322 in
673 2282 822 2330 caelis,
848 2282 1064 2335 procedat
1091 2296 1116 2322 a
1141 2282 1338 2323 Domino
1365 2289 1414 2322 ut
1442 2282 1560 2330 Sole,
1586 2296 1637 2322 ac
1666 2282 1789 2323 Divi-

301 2358 384 2384 nus
421 2344 566 2385 Amor
602 2345 783 2385 Domini
820 2351 889 2385 est
926 2345 999 2398 qui
1031 2351 1218 2397 apparet
1250 2345 1422 2398 angelis
1459 2351 1507 2385 ut
1539 2343 1642 2395 Sol;
1685 2345 1788 2386 inde

302 2413 483 2447 constat
516 2407 635 2460 quod
669 2407 746 2447 lux
780 2407 904 2456 caeli,
933 2422 1046 2461 quae
1079 2408 1121 2447 in
1154 2422 1233 2448 sua
1258 2409 1455 2448 essentia
1480 2414 1549 2448 est
1577 2407 1787 2449 Divinum

301 2469 473 2510 Verum
499 2484 549 2510 ac
579 2470 742 2511 Divina
768 2469 1012 2522 Sapientia,
1041 2471 1097 2511 sit
1130 2470 1317 2511 Divinus
1344 2470 1488 2511 Amor
1514 2471 1787 2523 procedens;

302 2546 353 2574 ac
377 2546 501 2573 amor
525 2546 615 2573 non
638 2533 756 2573 aliud
784 2533 880 2574 vult
904 2547 1037 2586 quam
1061 2533 1166 2574 dare
1189 2533 1232 2573 id
1256 2533 1374 2586 quod
1402 2547 1529 2573 suum
1552 2540 1621 2574 est
1643 2533 1785 2579 alteri.

301 2596 364 2635 ita
400 2595 584 2648 implere
624 2595 734 2636 alios
770 2596 1077 2646 beatitudine;
1121 2596 1225 2649 quid
1263 2610 1353 2636 non
1391 2597 1578 2636 Divinus
1614 2596 1788 2637 Amor?

302 2657 368 2698 At
391 2658 496 2698 dare
520 2658 649 2698 alicui
672 2650 862 2711 gloriam
886 2673 1024 2707 suam,
1051 2665 1095 2699 et
1123 2658 1307 2711 implere
1331 2659 1550 2711 sapientia
1576 2665 1621 2698 et
1643 2659 1786 2699 beati-

301 2719 471 2768 tudine,
507 2734 596 2760 non
629 2727 782 2773 potest
815 2721 1048 2769 Dominus,
1084 2722 1166 2761 nisi
1198 2728 1471 2773 agnoscatur
1502 2727 1547 2761 et
1584 2720 1785 2771 colatur;

301 2795 380 2834 per
401 2782 486 2823 hoc
514 2783 632 2822 enim
660 2783 893 2836 conjungit
921 2797 966 2824 se
993 2784 1131 2824 homo
1158 2784 1248 2836 Ipsi
1275 2797 1426 2824 amore
1453 2790 1498 2824 et
1530 2783 1644 2833 fide;
1682 2797 1785 2823 nam

301 2845 473 2897 agnitio
500 2851 544 2884 et
569 2845 728 2891 cultus,
754 2852 802 2885 ut
830 2846 885 2886 sit
913 2847 1084 2898 agnitio
1110 2852 1155 2886 et
1179 2846 1339 2894 cultus,
1366 2847 1448 2886 erit
1475 2860 1533 2886 ex
1561 2859 1712 2886 amore
1739 2853 1784 2886 et

301 2905 414 2958 fide3
457 2914 502 2948 et
534 2908 702 2961 absque
735 2907 1047 2960 conjunctione
1080 2922 1157 2961 per
1188 2908 1264 2949 illa
1296 2922 1384 2948 non
1417 2914 1568 2961 potest
1601 2907 1780 2948 influere
