1962 3334
293 271 397 323 1578
702 280 1036 315 APOCALYPSIS
1068 283 1368 316 EXPLICATA.

286 398 359 432 tus
376 406 385 442 ;
419 398 464 433 et
489 394 639 434 omnia
662 394 705 434 in
725 408 912 448 corpore
930 410 1044 449 quae
1062 403 1259 449 aguntur
1277 404 1322 438 et
1342 404 1566 451 quatenus
1584 405 1780 452 aguntur

286 468 311 494 a
338 455 467 508 pulsu
493 457 655 505 cordis,
684 457 761 498 illa
786 457 987 511 subjecta
1013 467 1118 501 sunt
1150 461 1338 514 imperio
1364 461 1486 501 vitae
1513 461 1778 503 voluntatis.

286 517 398 558 Inde
425 525 494 559 est
521 519 640 572 quod
667 520 711 560 in
738 519 894 562 Verbo
916 521 1080 574 pluries
1103 523 1278 563 dicatur
1303 523 1521 563 “anima'’
1542 530 1589 564 et
1614 528 1729 565 “cor
1746 523 1781 575 ;''

285 587 331 621 et
368 582 488 634 quod
518 583 706 623 “anima
721 582 740 598 ''
772 583 996 636 significet
1023 585 1165 626 vitam
1198 584 1473 634 intelle&us,
1508 592 1604 626 tum
1636 587 1778 627 vitam

286 643 404 693 fidei,
423 658 526 684 nam
542 646 691 686 anima
705 648 992 700 praedicatur
1007 648 1062 689 de
1078 649 1375 701 respiratione
1395 663 1403 699 ;
1432 655 1477 689 et
1497 649 1616 702 quod
1632 653 1657 669 ‘⁴
1671 649 1779 690 c0r”

285 706 509 759 significet
547 709 689 749 vitam
727 709 994 759 voluntatis,
1029 717 1126 752 tum
1158 712 1301 752 vitam
1343 712 1520 752 amoris.
1597 711 1672 752 Ex
1711 712 1779 753 his

285 771 423 810 etiam
456 777 526 812 est
558 772 678 825 quod
708 773 1016 827 “venter'’‚et
1052 775 1264 815 “viscera
1279 773 1298 788 ”
1325 774 1533 815 dicantur
1565 774 1621 815 de
1653 775 1778 828 cogi-

285 834 461 874 tatione
503 848 616 888 quae
656 841 726 876 est
758 835 1033 886 intellectus,
1076 844 1122 878 et
1164 837 1283 891 quod
1329 837 1477 878 “cor'’
1512 837 1688 879 dicatur
1723 837 1780 879 de

285 895 521 938 affectione
548 912 662 951 quae
689 905 758 940 est
785 899 1051 941 voluntatis.

929 1077 1066 1101 VERSUS
1085 1078 1135 1102 11.

365 1135 495 1189 623.
533 1151 551 1163 ¹¹
559 1150 580 1176 Ε
581 1151 594 1176 t
607 1150 683 1177 dlxtt
696 1151 775 1182 mihi,
793 1151 912 1184 oportet
926 1153 956 1178 te
970 1152 1075 1178 [terum
1090 1152 1267 1185 prophetare
1281 1159 1371 1185 super
1382 1154 1504 1185 populos
1519 1154 1550 1180 et
1563 1155 1665 1186 centes
1680 1155 1710 1181 et
1724 1154 1779 1181 Ιῐη-

283 1195 356 1221 ςααε
372 1190 402 1215 et
416 1196 501 1222 reyes
517 1191 656 1217 multos.'¹

309 1275 323 1298 1
333 1275 359 1300 1.
394 1267 457 1301 “ft
471 1268 557 1302 dixit
572 1268 662 1307 mihi,
679 1269 819 1312 Oportet
834 1273 868 1304 te
884 1270 1009 1304 iter-um
1023 1271 1259 1314 prophetare,''
1272 1271 1431 1313 significat
1448 1272 1623 1304 Divinum
1641 1274 1779 1304 manda-

461 1318 533 1344 tum
558 1319 597 1345 ut
618 1315 730 1345 adhuc
752 1316 909 1346 doceatur
934 1316 1072 1347 Verbum
1094 1316 1144 1358 [n.
1164 1315 1263 1358 624];
1293 1321 1419 1358 “super
1433 1317 1578 1359 populos
1602 1319 1637 1350 ei
1655 1320 1780 1360 gentes

464 1360 500 1391 et
515 1357 652 1401 siliquas
666 1361 702 1392 et
716 1369 820 1402 reyes
836 1360 991 1396 multos?
1005 1359 1168 1401 significat
1184 1361 1278 1401 apud
1290 1371 1399 1391 omnes
1410 1362 1472 1402 qui
1486 1362 1523 1392 in
1540 1362 1630 1392 veris
1645 1367 1675 1392 et
1689 1362 1780 1393 bonis

461 1404 574 1444 quoad
586 1404 694 1434 vitam
710 1409 800 1441 sunt,
818 1409 849 1435 et
861 1405 968 1435 simul
981 1405 1017 1435 z'n
1035 1404 1126 1435 bonis
1148 1409 1179 1435 et
1193 1405 1284 1435 veris
1299 1407 1411 1446 quoad
1423 1406 1625 1443 doc‘lrinam,
1635 1406 1780 1447 proinde

461 1451 500 1478 ut
510 1448 668 1478 doceatur
688 1448 828 1479 Verbum
841 1450 953 1490 quoad
962 1449 1046 1479 bona
1060 1449 1151 1480 vitae
1166 1454 1198 1479 et
1208 1450 1319 1490 quoad
1328 1460 1407 1480 vera
1420 1450 1594 1480 doc‘lrinae
1613 1450 1664 1492 [n.
1679 1449 1777 1492 625].

364 1539 580 1594 624[a].
621 1550 727 1589 [Vers.
746 1551 807 1590 11.]
840 1541 919 1581 “ft
935 1540 1036 1581 dixit
1055 1540 1163 1588 mihi,
1187 1541 1353 1593 Oportet
1375 1545 1413 1581 te
1436 1541 1583 1582 iterum
1602 1542 1777 1595 prophe-

285 1599 613 1652 tane.''—Quod
640 1600 866 1653 significet
891 1601 1113 1641 Divinum
1134 1601 1395 1641 mandatum
1417 1608 1466 1641 ut
1489 1601 1633 1642 adlzuc
1655 1602 1776 1642 doce-

283 1667 391 1702 atur
426 1660 628 1710 Verbum,
663 1669 847 1703 constat
881 1677 940 1703 ex
972 1661 1303 1715 significatione
1333 1663 1559 1712 “dicere,”
1586 1677 1687 1704 cum
1719 1664 1776 1705 ab

284 1723 464 1777 angelo,
486 1738 564 1778 per
581 1738 714 1778 quem
737 1725 781 1765 in
805 1725 890 1766 hoc
909 1726 1059 1778 capite
1078 1732 1446 1778 repraesentatus
1465 1732 1535 1767 est
1555 1726 1776 1768 Dominus

283 1788 431 1840 quoad
460 1787 676 1837 Verbum,
704 1788 825 1841 quod
852 1789 909 1829 sit
938 1788 1231 1838 mandatum;
1276 1802 1379 1828 nam
1406 1789 1526 1842 quod
1554 1790 1775 1831 Dominus

283 1851 407 1898 dicit,
424 1850 509 1891 hoc
527 1851 792 1892 mandatum
810 1857 906 1892 est:
936 1857 981 1892 et
998 1865 1057 1891 ex
1074 1850 1406 1904 significatione
1423 1856 1448 1871 “
1461 1852 1776 1905 prophetare,”

282 1912 404 1964 quod
448 1913 507 1952 sit
540 1912 706 1952 docere
738 1912 944 1952 Verbum
986 1923 1040 1960 (de
1060 1932 1125 1959 qua
1139 1923 1307 1960 sequitur).
1366 1912 1501 1964 Quod
1538 1921 1774 1966 oporteret

282 1973 409 2014 illum
437 1974 584 2014 adhuc
613 1974 776 2015 docere
804 1974 1024 2021 Verbum,
1059 1980 1156 2014 erat
1188 1987 1324 2014 causa
1350 1975 1452 2027 quia
1484 1974 1774 2028 exploratum

282 2042 352 2077 est
371 2036 514 2090 qualis
537 2036 683 2077 adhuc
707 2035 967 2077 intellectus
985 2036 1125 2077 Verbi
1144 2038 1187 2077 in
1206 2036 1400 2077 ecclesia
1418 2038 1619 2078 residuus
1637 2045 1773 2086 esset,

282 2106 328 2140 et
362 2106 645 2152 compertum
679 2100 799 2152 quod
832 2099 1033 2140 Verbum
1057 2099 1303 2152 jucundum
1336 2106 1457 2140 esset
1491 2101 1638 2153 quoad
1672 2114 1773 2141 sen-

282 2175 379 2202 sum
407 2162 615 2213 litterae;
649 2162 734 2202 hoc
763 2163 881 2203 enim
908 2162 1188 2215 significatur
1213 2176 1292 2215 per
1318 2163 1377 2210 id,
1407 2163 1527 2216 quod
1558 2162 1775 2203 “libellus

281 2227 324 2265 in
352 2239 428 2266 ore
454 2226 583 2266 suerit
617 2225 759 2266 dulcis
785 2226 902 2266 sicut
935 2225 1064 2273 mel‚”
1092 2239 1196 2266 nam
1229 2239 1307 2278 per
1336 2225 1576 2266 “libellum
1590 2226 1609 2240 ’¹
1635 2227 1774 2279 signi-

281 2287 440 2329 ficatur
467 2288 681 2328 Verbum.
745 2287 879 2340 Quod
907 2288 1173 2329 mandatum
1200 2289 1258 2328 sit
1285 2294 1333 2328 ut
1361 2288 1507 2328 adhuc
1536 2288 1775 2330 doceretur

280 2351 484 2392 Verbum
525 2352 569 2391 in
606 2350 812 2399 ecclesia,
847 2358 944 2391 erat
979 2364 1129 2400 causa,
1167 2351 1270 2404 quia
1307 2352 1507 2390 nondum
1546 2350 1644 2391 finis
1681 2351 1774 2404 ejus

281 2420 406 2464 erat;
453 2414 552 2454 finis
584 2413 677 2466 ejus
715 2414 985 2455 describitur
1022 2428 1100 2467 per
1134 2418 1158 2434 ‘⁴
1179 2413 1439 2466 clangorem
1474 2414 1655 2466 septimi
1692 2427 1772 2454 an-

281 2477 371 2531 geli
389 2477 423 2528 ;'’
455 2477 525 2518 hic
550 2484 702 2518 autern
729 2484 878 2518 status
901 2477 1120 2518 ecclesiae
1148 2478 1380 2530 proximus
1403 2483 1510 2517 ante
1533 2476 1667 2517 finem
1694 2491 1772 2530 per

284 2540 583 2594 “ciangorem
606 2541 727 2581 sexti
750 2539 941 2593 angeli,”
960 2540 1015 2580 de
1038 2554 1125 2593 quo
1149 2546 1273 2580 statu
1295 2538 1514 2580 ecclesiae
1538 2552 1654 2579 nunc
1677 2541 1773 2592 agi-

280 2612 379 2646 tur:
413 2611 459 2645 et
482 2611 731 2657 antequam
754 2604 853 2644 finis
876 2610 962 2652 est,
987 2603 1208 2652 Verbum,
1232 2617 1333 2644 cum
1356 2604 1562 2652 docetur,
1586 2603 1771 2656 quibus-

281 2669 386 2709 dam
417 2667 565 2707 adhuc
597 2674 668 2708 est
693 2667 972 2720 jucundum3
1009 2680 1101 2707 non
1132 2673 1286 2707 autem
1318 2667 1362 2706 in
1393 2673 1516 2707 statu
1547 2666 1770 2707 ecclesiae

282 2731 444 2772 ultimo
475 2744 554 2770 seu
584 2729 682 2769 finis
710 2729 819 2782 ejus,
848 2743 952 2770 nam
984 2735 1093 2770 tunc
1126 2729 1348 2769 Dominus
1380 2730 1525 2782 aperit
1555 2729 1773 2769 interiora

281 2793 437 2841 Verbi,
458 2806 573 2846 quae
595 2792 838 2845 injucunda
860 2798 980 2841 sunt,
1000 2798 1049 2832 ut
1075 2805 1209 2845 supra
1230 2791 1400 2832 dietum
1419 2797 1504 2839 est,
1525 2791 1598 2831 ubi
1620 2790 1770 2832 actum

281 2862 352 2897 est
378 2856 434 2896 de
457 2855 707 2896 amaricato
732 2861 894 2896 ventre
926 2861 972 2895 et
1003 2855 1227 2895 devorato
1259 2853 1431 2894 libello.
1491 2853 1626 2906 Quod
1652 2853 1769 2894 Ver-

280 2919 388 2960 bum
431 2918 578 2960 adhuc
623 2918 881 2960 docendum
926 2918 998 2968 sit,
1039 2917 1226 2959 tametsi
1263 2917 1481 2958 interiora
1524 2930 1631 2957 vera
1674 2915 1769 2969 ejus
