1962 3334
563 296 670 329 CAP.
693 296 756 337 x.,
778 292 917 329 VERs.
939 296 1086 328 2.—N.
1107 285 1276 341 6oo[b].
1478 284 1485 290 ’
1558 297 1669 342 1509

173 406 286 459 tras
337 414 384 450 et
415 409 520 462 quia
551 407 764 450 Divinum
796 408 970 450 Verum
1002 409 1178 450 unitum
1209 408 1377 450 Divino
1409 408 1540 450 Bono
1571 407 1667 450 tale

170 477 243 512 est
268 471 313 512 in
338 471 487 525 plagis
507 471 596 513 illis
618 486 645 513 a
668 472 935 514 fundatione
958 469 1127 521 mundi,
1152 478 1202 514 ut
1227 486 1362 526 supra
1385 470 1555 513 dictum
1578 478 1664 520 est,

169 533 274 575 ideo
299 534 477 584 dicitur,
503 535 744 576 “fundasti
755 534 775 550 ”
797 542 845 576 et
871 535 1117 576 “creasti.”
1176 534 1316 589 Apud
1341 534 1547 584 Esaiam,

236 630 378 664 “Dedit
400 632 506 664 vobis
532 631 711 664 Dominus
736 642 868 673 panem
891 633 1095 672 angustiae,
1120 638 1157 664 et
1179 642 1292 673 aquas
1316 632 1578 672 oppressionis.
1602 632 1668 664 sed

339 685 417 707 non
433 675 579 707 avolare
592 676 747 716 amplius
761 682 938 716 cogentur
950 674 1120 708 doctores
1134 676 1196 714 tui,
1210 676 1354 717 sintque
1371 676 1467 707 oculi
1485 676 1537 708 tui
1555 676 1669 716 respi-

342 719 479 751 cientes
496 717 663 751 doctores
681 725 774 757 tuos,
791 726 828 751 et
843 729 950 751 aures
965 726 1048 751 tuae
1064 719 1215 751 audient
1231 721 1400 752 verbum.
1414 744 1422 751 .
1436 744 1444 751 .
1458 744 1483 758 .,
1501 719 1666 758 dicendo,

344 761 447 794 Haec
462 762 531 801 via,
545 763 593 794 ite
610 763 648 794 in
665 773 718 800 ea,
732 763 877 804 quando
894 763 941 795 ad
957 763 1122 795 dextram
1140 763 1299 801 abibitis,
1314 769 1350 795 et
1367 763 1512 805 quando
1530 764 1577 795 ad
1594 764 1668 795 sin-

342 806 468 838 istram
479 805 498 818 ''
514 807 609 846 (xxx.
626 814 679 844 20,
696 812 772 846 21):

166 895 318 948 agitur
332 894 392 935 ibi
409 894 466 936 de
483 893 571 935 illis
588 895 663 948 qui
680 895 725 935 in
742 895 1078 949 tentationibus
1097 901 1218 943 sunt,
1238 901 1286 936 et
1304 895 1378 948 qui
1401 909 1481 949 per
1497 894 1599 936 illas
1617 901 1665 936 et

166 963 274 1011 post
293 956 396 998 illas
413 955 758 998 instruffionem
775 958 820 998 in
835 958 953 998 veris
967 956 1202 999 doctrinae
1215 958 1468 1000 admittunt
1487 965 1533 999 et
1551 959 1665 999 reci-

166 1021 322 1074 piunt;
355 1021 480 1074 ipsae
506 1021 790 1062 tentationes
817 1021 1131 1075 significantur
1156 1036 1236 1075 per
1264 1026 1468 1076 “panem
1494 1035 1663 1075 angus-

166 1084 259 1126 tiae
271 1083 291 1099 ”
307 1090 355 1125 et
378 1097 457 1138 per
476 1088 653 1138 “aquas
671 1085 977 1138 oppressionis
997 1085 1032 1136 ;’'
1063 1099 1143 1138 per
1163 1090 1189 1105 “
1202 1099 1367 1139 panem
1390 1086 1632 1138 angustiae
1645 1084 1665 1100 '⁹

119 1156 122 1158 ’
165 1146 480 1201 significantur
493 1148 777 1189 tentationes
787 1148 937 1202 quoad
952 1149 1120 1189 bonum
1134 1149 1314 1197 amoris,
1326 1155 1374 1190 et
1388 1163 1468 1203 per
1486 1153 1512 1170 “
1524 1163 1664 1204 aquas

99 1252 106 1262 ,
165 1210 503 1265 oppressionis’'
539 1210 853 1264 significantur
884 1213 1170 1253 tentationes
1206 1212 1357 1266 quoad
1388 1227 1496 1253 vera
1532 1213 1663 1264 fidei3

165 1278 272 1316 sunt
298 1275 418 1316 enim
449 1275 733 1315 tentationes
758 1274 950 1328 duplicis
976 1276 1171 1328 generis,
1200 1289 1366 1330 nempe
1398 1277 1549 1330 quoad
1580 1277 1663 1317 bo-

166 1350 273 1378 num
309 1337 430 1392 quod
466 1344 538 1379 est
578 1339 759 1386 amoris,
797 1345 844 1380 et
881 1339 1030 1392 quoad
1067 1353 1222 1380 verum
1259 1340 1381 1393 quod
1422 1347 1493 1381 est
1530 1340 1663 1390 fidei;

167 1400 365 1455 “panis'’
396 1400 623 1454 significat
654 1401 823 1442 bonum
856 1402 1038 1451 amoris,
1071 1409 1118 1443 et
1153 1406 1338 1456 “aquae
1350 1402 1370 1418 ”
1402 1402 1663 1456 significant

163 1478 273 1506 vera
307 1463 437 1515 fidei;
480 1464 763 1518 “angustia”
794 1471 842 1505 et
881 1465 1187 1519 “oppressio’'
1217 1466 1476 1519 significant
1514 1474 1663 1508 status

164 1528 500 1570 tentationum:
538 1526 777 1569 instructio
802 1528 847 1568 in
873 1529 991 1569 veris
1017 1527 1252 1570 doctrinae
1278 1529 1560 1583 significatur
1585 1544 1665 1584 per

164 1590 286 1645 quod
319 1590 477 1632 “oculi
508 1591 752 1644 respicient
783 1591 841 1632 ad
873 1590 1085 1633 doc'tores
1105 1592 1140 1642 ;'’
1184 1592 1374 1633 “oculi'’
1404 1593 1663 1646 significant

163 1652 448 1696 intelle&um
485 1660 533 1695 et
569 1653 720 1702 fidem,
760 1653 1046 1696 “doctores’'
1082 1655 1343 1708 significant
1381 1654 1660 1697 doftrinam:

163 1717 333 1758 bonum
373 1716 497 1759 vitae
542 1718 792 1758 secundum
833 1731 940 1759 vera
983 1716 1219 1759 doetrinae
1261 1718 1544 1772 significatur
1584 1733 1664 1773 per

163 1781 285 1834 quod
324 1784 492 1822 “aures
529 1781 715 1822 audient
746 1781 934 1821 verbum
953 1781 988 1831 ;”
1029 1795 1109 1834 per
1142 1786 1314 1822 “aures
1330 1781 1350 1796 ”
1381 1781 1663 1835 significatur

163 1843 452 1894 obedientia;
484 1850 531 1885 et
558 1845 662 1898 quia
687 1844 951 1885 obedientia
976 1851 1047 1886 est
1072 1845 1210 1893 vitae,
1234 1845 1339 1885 inde
1366 1859 1446 1898 per
1470 1845 1662 1887 “audire

161 1907 381 1948 verbum”
412 1907 693 1960 significatur
728 1908 823 1948 vita
859 1908 1107 1948 secundum
1143 1922 1251 1948 vera
1286 1907 1550 1949 doctrinae:
1592 1909 1662 1949 in-

163 1968 353 2013 sti-ustio
388 1978 435 2012 et
471 1970 733 2012 obedientia
765 1970 953 2011 ulterius
990 1972 1261 2013 describitur
1298 1986 1378 2025 per
1411 1972 1660 2019 “dicendo,

165 2034 293 2076 Haec
315 2035 402 2083 via,
426 2035 490 2075 ite
515 2035 559 2075 in
586 2048 652 2082 ea,
677 2034 860 2088 quando
881 2034 939 2075 ad
966 2035 1180 2076 dextram
1203 2035 1385 2076 abibitis
1410 2041 1456 2076 et
1479 2035 1662 2089 quando

162 2098 222 2139 ad
243 2098 473 2139 sinistram
491 2097 531 2148 ;”
556 2111 635 2151 per
661 2099 818 2138 “viam
831 2097 850 2112 ”
873 2097 1154 2154 significatur
1171 2111 1327 2139 verum
1351 2099 1550 2149 ducens;
1583 2113 1661 2140 ve·

162 2173 260 2202 rum
291 2155 460 2202 ducens
491 2161 549 2202 ad
575 2162 808 2202 meridiem
841 2162 885 2202 in
918 2162 1048 2203 caelo
1078 2162 1354 2215 intelligitur
1385 2176 1465 2216 per
1498 2162 1661 2203 “abire

94 2226 101 2232 ’
163 2224 222 2266 ad
253 2224 507 2272 dextram,”
533 2231 580 2265 et
612 2238 768 2265 verum
800 2225 971 2265 ducens
1002 2225 1060 2266 ad
1092 2226 1458 2279 septentrionem
1491 2226 1551 2266 ibi
1582 2240 1662 2279 per

165 2286 329 2328 “abire
360 2287 418 2328 ad
444 2287 717 2328 sinistram.”
777 2287 916 2341 Apud
944 2287 1156 2336 eundem,

228 2382 447 2423 “Amplifica
460 2382 579 2414 locum
591 2383 738 2414 tentorii
757 2384 817 2421 tui,
833 2389 868 2415 et
882 2384 1043 2415 cortinas
1060 2384 1350 2416 habitaculorum
1365 2391 1510 2417 tuorum
1528 2395 1663 2426 expan-

335 2426 434 2464 dant,
454 2436 500 2457 ne
521 2427 736 2466 prohibeas:
761 2427 892 2466 longos
913 2427 970 2458 fac
989 2427 1096 2459 funes
1117 2434 1211 2465 tuos,
1234 2435 1270 2460 et
1290 2428 1414 2460 clavos
1435 2436 1517 2460 tuos
1537 2429 1661 2465 firma:

335 2470 420 2511 quia
438 2470 483 2501 ad
503 2470 666 2502 dextram
684 2476 720 2502 et
740 2471 785 2502 ad
806 2471 991 2502 sinistram
1012 2481 1189 2511 erumpes,
1209 2478 1244 2504 et
1266 2482 1389 2504 semen
1412 2479 1511 2504 tuum
1533 2479 1662 2513 gentes

334 2513 560 2551 hereditabit,
577 2520 614 2545 et
630 2515 737 2545 urbes
755 2514 942 2545 desolatas
958 2515 1115 2546 habitari
1132 2515 1268 2547 facient
1279 2515 1298 2527 ”
1315 2513 1424 2556 (mliv.
1444 2524 1474 2555 2,
1493 2518 1546 2556 3):

161 2603 311 2657 agitur
341 2604 400 2645 ibi
431 2604 487 2645 de
519 2605 849 2645 instauratione
875 2603 1097 2644 ecclesiae
1123 2605 1243 2657 apud
1269 2611 1462 2658 gentes;
1502 2611 1548 2646 et
1581 2619 1661 2659 per

145 2666 478 2721 flamplificare
504 2667 654 2708 locum
687 2667 904 2708 tentorii”
930 2666 1242 2720 significantur
1273 2669 1556 2709 incrementa
1583 2682 1659 2709 ec-

162 2729 327 2771 clesiae
359 2730 507 2784 quoad
538 2729 711 2770 cultum
744 2744 803 2770 ex
836 2729 984 2779 bono;
1023 2743 1103 2783 per
1130 2731 1432 2784 “expandere
1459 2732 1660 2772 cortinas

161 2791 523 2834 habitaculorum
536 2793 556 2807 ''
588 2792 900 2846 significantur
936 2793 1218 2835 incrementa
1255 2795 1477 2835 ecclesiae
1509 2796 1658 2848 quoad

161 2867 267 2895 vera
292 2853 551 2905 do&rinae;
584 2869 664 2908 per
687 2855 891 2908 “longos
913 2855 1060 2897 facere
1086 2856 1245 2898 sunes’‘
1268 2857 1549 2910 significatur
1574 2872 1657 2898 ex-

163 2918 311 2958 tensio
342 2917 546 2969 illorum;
590 2932 669 2972 per
702 2918 916 2960 “firmare
953 2919 1140 2960 clavos'‘
1177 2920 1457 2974 significatur
1493 2920 1657 2962 confir-
