1962 3334
637 264 744 296 CAP.
768 263 850 304 XL,
872 262 1011 295 vans.
1033 263 1182 307 7.--N.
1202 219 1375 308 650[a].'
1412 293 1415 295 ,
1642 253 1744 309 1675

260 383 309 420 et
333 378 510 431 agnitio
533 384 728 419 externa
753 384 823 418 est
849 377 988 418 solius
1013 376 1232 418 naturalis
1257 374 1467 425 hominis,
1494 382 1547 417 at‘
1569 376 1749 417 interna

259 447 331 483 est
349 441 486 494 ipsius
507 440 600 494 ejus
622 441 832 494 spiritus;
864 447 911 481 et
933 446 1128 481 externa
1149 446 1255 493 post
1277 446 1474 480 mortem
1492 440 1680 492 sopitur,
1699 446 1748 480 et

259 504 439 544 interna
460 510 531 544 est
548 504 730 557 spiritus
752 503 858 556 ejus.
920 503 996 543 Ex
1017 502 1087 543 his
1109 503 1391 557 aliquantum
1408 509 1619 544 constare
1642 507 1748 555 pot-

261 573 331 607 est
367 566 598 620 quomodo
629 567 866 620 sequentia
894 565 1196 619 intelligenda
1232 572 1364 616 sunt;
1406 578 1585 618 nempe,
1627 565 1748 618 quod

262 629 448 670 “bestia
473 643 533 670 ex
559 629 727 682 abysso
751 629 1004 670 ascendens
1029 629 1183 669 vincet
1215 635 1262 669 et
1289 629 1470 669 occidet
1495 628 1627 668 binos
1653 634 1749 668 tes-

259 691 377 740 tes,”
396 698 443 733 et
475 690 795 745 quod'“visuri
825 705 1015 745 corpora
1040 705 1195 733 eorum
1226 693 1271 732 in
1303 691 1458 745 platea
1483 691 1603 732 urbis
1633 705 1750 744 quae

258 761 448 795 vocatur
478 754 680 795 Sodoma
709 762 757 796 et
788 754 1075 808 Aegyptus,”
1100 762 1149 796 at
1180 755 1302 808 quod
1330 759 1535 808 “postea
1565 754 1750 807 spiritus

259 817 382 858 vitae
406 817 451 857 in
477 816 580 858 illos
604 817 880 859 intraverit.’'

340 889 563 946 650[α].
601 890 769 931 “Bestia
798 891 1031 931 ascendens
1058 903 1113 931 ot
1143 889 1293 944 abysso
1322 890 1455 930 {aciat
1484 890 1631 931 bellum
1659 902 1751 930 cum

192 985 194 987 ,
258 948 574 1002 illis-''—Quod
604 950 829 1004 significet
854 951 1234 1003 impugnationem
1262 964 1320 990 ex
1341 949 1565 1002 infernali
1583 963 1748 994 amore.

260 1017 444 1052 constat
475 1025 536 1052 ex
567 1011 898 1065 significatione
931 1011 1185 1060 “bestiae,’'
1216 1012 1338 1065 quod
1369 1012 1428 1052 sit
1459 1009 1637 1052 affectio
1668 1024 1750 1051 na-

260 1071 423 1113 turalis
447 1073 645 1114 hominis
670 1074 713 1113 in
738 1080 932 1126 utroque
957 1086 1093 1113 sensu
1118 1084 1175 1121 (de
1190 1093 1254 1120 qua
1268 1083 1453 1123 sequitur„
1489 1086 1549 1113 ex
1574 1071 1750 1124 signifi-

260 1133 443 1174 catione
471 1132 705 1186 “abyssi,’'
729 1133 851 1186 quod
882 1134 940 1173 sit
966 1133 1188 1174 infernum
1219 1144 1275 1181 (de
1290 1153 1355 1180 qua
1367 1153 1474 1181 supra,
1490 1152 1522 1173 n.
1541 1142 1561 1184 5
1569 1133 1638 1184 38)
1654 1135 1674 1172 ε’
1700 1138 1749 1172 et

260 1207 320 1234 ex
357 1194 699 1248 significatione,
729 1194 936 1235 “bellum
975 1194 1161 1241 sacere,”
1199 1195 1334 1248 quod·
1359 1196 1417 1235 sit
1455 1195 1749 1248 impugnare;

261 1269 366 1297 nam
397 1271 476 1311 per
506 1257 696 1298 “bella'’
726 1258 770 1298 in
797 1257 953 1298 Verbo
984 1271 1075 1298 non
1107 1257 1419 1310 significantur
1449 1257 1571 1298 bella
1601 1256 1752 1310 qualia

261 1326 367 1361 sunt
388 1322 432 1361 in
455 1310 613 1362 nostro
635 1321 819 1368 mundo,
843 1320 923 1361 sed
946 1320 1096 1374 qualia
1117 1321 1162 1360 in
1184 1320 1403 1374 spirituali
1427 1320 1611 1366 mundo,
1635 1333 1751 1372 quae

261 1384 413 1423 omnia
430 1390 536 1424 sunt
561 1396 739 1436 pugnae
756 1397 836 1436 per
851 1383 963 1423 salsa
980 1397 1039 1424 ex
1063 1383 1184 1424 malo
1207 1390 1369 1424 contra
1390 1397 1497 1423 vera
1519 1396 1579 1422 ex
1601 1382 1750 1431 bono;

261 1446 382 1499 quod
414 1446 525 1487 talia
564 1460 643 1500 per
675 1445 865 1486 “bella’'
895 1447 940 1486 in
973 1446 1128 1487 Verbo
1159 1446 1484 1499 significentur.
1518 1445 1750 1486 constabit

260 1509 305 1549 in
319 1509 627 1563 sequentibus,
639 1509 713 1549 ubi
731 1509 894 1549 iterum
911 1513 936 1528 ‘⁴
948 1508 1069 1549 bella
1081 1508 1100 1523 ''
1113 1510 1418 1550 nominantur.
1465 1508 1540 1548 Ex
1556 1507 1625 1548 his
1640 1520 1750 1548 con-

261 1578 384 1613 stare
411 1579 566 1626 potest
592 1572 713 1625 quod
745 1585 823 1625 per
853 1572 974 1625 quod
1004 1572 1190 1612 “bestia
1216 1572 1470 1612 ascendens
1495 1585 1556 1611 ex
1581 1570 1751 1623 abysso

261 1634 395 1676 faciet
412 1635 582 1676 bellum
601 1648 703 1675 cum
721 1634 849 1682 illis‚'‘
867 1648 1031 1688 nempe
1051 1639 1076 1654 “
1090 1635 1324 1683 testibus,”
1338 1633 1616 1687 significetur
1629 1632 1751 1686 quod

260 1697 488 1740 infernalis
528 1711 655 1738 amor
694 1711 755 1738 ex
795 1697 918 1737 falsis
960 1697 1066 1737 mali
1107 1698 1452 1750 impugnaturus
1487 1710 1595 1737 vera
1629 1696 1750 1736 boni.

261 1759 527 1814 Antequam
544 1760 800 1801 ostenditur
817 1760 936 1813 quod
955 1774 1033 1813 per
1052 1763 1079 1779 ‘⁴
1091 1760 1284 1800 bestiam
1297 1759 1317 1774 ”
1331 1759 1609 1813 significetur
1625 1771 1752 1798 amor

260 1837 340 1864 seu
361 1821 538 1864 affeffio
564 1823 782 1864 naturalis
803 1822 1012 1869 hominis,
1036 1822 1203 1876 aliquid
1230 1823 1405 1863 dicetur
1430 1823 1487 1863 de
1512 1823 1751 1875 impugna-

240 1887 400 1927 -tione.
462 1885 609 1926 Amor
629 1885 858 1926 infernalis
879 1886 1096 1938 imprimis
1120 1893 1190 1926 est
1217 1899 1344 1926 amor
1369 1886 1435 1926 sui
1455 1900 1465 1935 ;
1498 1898 1602 1925 nam
1625 1897 1753 1924 amor

208 1948 212 1951 ’
261 1950 328 1990 sui
353 1956 424 1990 est
450 1962 577 1989 amor
602 1949 768 2002 proprii
791 1948 1000 1996 hominis,
1025 1955 1072 1989 et
1099 1949 1326 2003 proprium
1348 1948 1544 1989 hominis
1566 1961 1655 1988 non
1679 1954 1752 1988 est

262 2013 345 2053 nisi
381 2025 516 2065 quam
553 2011 747 2052 malum:
792 2025 929 2064 quare
966 2018 1184 2064 quantum
1222 2011 1361 2052 homo
1398 2012 1443 2051 in
1482 2011 1562 2051 illo
1597 2024 1752 2051 amore

262 2082 348 2124 est,
376 2081 555 2116 tantum
587 2081 658 2115 est
690 2081 850 2114 contra
883 2073 1142 2122 Dominum,
1176 2081 1223 2115 et
1255 2075 1359 2115 inde
1391 2081 1552 2115 contra
1582 2074 1752 2115 bonum

262 2138 428 2178 amoris
457 2144 504 2178 et
536 2137 775 2178 charitatis
811 2150 863 2177 ac
900 2143 1061 2177 contra
1092 2150 1245 2177 verum
1279 2135 1513 2178 doetrinae
1548 2143 1595 2178 et
1632 2136 1750 2184 fidei,

262 2202 327 2242 ita
351 2206 512 2241 contra
537 2199 639 2240 illos
668 2199 835 2254 “gbinos
862 2206 1008 2239 testes
1025 2199 1060 2240 :’'
1097 2200 1202 2240 inde
1233 2206 1303 2240 est
1335 2200 1455 2253 quod
1480 2200 1652 2240 inferna
1678 2201 1752 2240 ubi

262 2277 390 2304 amor
419 2263 486 2303 sui
517 2269 694 2316 regnat,
728 2263 819 2302 sint
851 2262 1023 2302 inferna
1054 2263 1218 2302 diriora
1249 2269 1295 2303 et
1327 2263 1612 2316 maligniora,
1644 2276 1695 2304 ac
1727 2277 1752 2304 e

263 2327 486 2367 diametro
508 2332 669 2366 contra
687 2325 946 2372 Dominum,
966 2332 1012 2365 et
1034 2325 1138 2365 inde
1150 2325 1319 2378 jugiter
1340 2327 1609 2379 impugnant
1632 2327 1753 2366 bona

263 2390 428 2430 amoris
453 2395 499 2429 et
525 2388 642 2436 fidei,
670 2390 773 2442 quia
798 2388 876 2428 illa
902 2395 1007 2428 sunt
1034 2402 1059 2428 a
1090 2388 1189 2429 solo
1216 2389 1428 2437 Domino,
1456 2396 1502 2430 et
1530 2389 1753 2429 Dominus

264 2458 369 2492 sunt
407 2451 485 2492 illa
520 2452 639 2505 apud
675 2452 906 2492 hominem
938 2457 985 2492 et
1016 2451 1243 2504 angelum.
1306 2451 1440 2505 Quod
1471 2452 1549 2493 illa
1580 2453 1752 2493 inferna

265 2515 355 2555 sint
381 2515 544 2555 diriora
569 2514 751 2568 reliquis
778 2522 989 2555 constare
1016 2521 1171 2567 potest
1202 2529 1261 2555 ex
1293 2529 1362 2562 eo,
1390 2516 1511 2569 quod
1537 2517 1753 2556 continue

265 2578 437 2630 spirent
475 2591 633 2618 necem
671 2577 850 2623 illorum
886 2578 960 2630 qui
997 2576 1271 2618 confitentur
1308 2578 1520 2618 Divinum
1553 2578 1751 2625 Domini,

265 2640 455 2692 proinde
478 2653 635 2681 necem
657 2640 836 2680 illorum
858 2641 931 2693 qui
958 2641 1002 2680 in
1028 2640 1149 2680 bono
1172 2641 1336 2681 amoris
1362 2647 1408 2681 et
1436 2642 1481 2681 in
1507 2641 1627 2681 bono
1650 2640 1754 2681 fidei

267 2709 371 2743 sunt
393 2703 437 2743 in
461 2702 705 2743 Dominum
731 2716 757 2743 a
783 2703 1006 2743 Domino:
1040 2703 1160 2756 quod
1187 2702 1264 2743 illa
1284 2703 1454 2745 inferna
1476 2705 1566 2744 sint
1589 2704 1752 2758 malig-

267 2766 392 2807 niora
423 2765 618 2819 reliquis,
652 2773 721 2806 est
754 2766 856 2819 quia
887 2772 1106 2819 quantum
1138 2765 1275 2807 homo
1306 2768 1349 2807 in
1381 2780 1535 2808 amore
1567 2768 1632 2808 sui
1664 2775 1751 2815 est,

267 2835 314 2869 et
354 2828 484 2869 simul
525 2830 568 2869 in
608 2842 761 2869 amore
801 2829 1007 2882 propriae
1047 2829 1393 2882 intelligentiae,
1436 2837 1615 2871 tantum
1657 2830 1752 2884 ejus

267 2890 418 2932 lumen
445 2891 649 2933 naturale
675 2898 745 2933 est
777 2892 820 2932 in
847 2892 1043 2945 quodam
1068 2893 1193 2946 quasi
1220 2893 1462 2946 splendore
1478 2908 1488 2945 ;
1526 2901 1597 2934 est
1630 2895 1749 2935 enim
