<?xml version="1.0" encoding="UTF-8"?>
<!DOCTYPE html PUBLIC "-//W3C//DTD XHTML 1.0 Transitional//EN"
    "http://www.w3.org/TR/xhtml1/DTD/xhtml1-transitional.dtd">
<html xmlns="http://www.w3.org/1999/xhtml" xml:lang="en" lang="en">
 <head>
  <title>
</title>
<meta http-equiv="Content-Type" content="text/html;charset=utf-8" />
  <meta name='ocr-system' content='tesseract 3.04.00' />
  <meta name='ocr-capabilities' content='ocr_page ocr_carea ocr_par ocr_line ocrx_word'/>
</head>
<body>
  <div class='ocr_page' id='page_1' title='image "apocalypsisexpli03sweduoft_0372.png"; bbox 0 0 1962 3334; ppageno 0'>
   <div class='ocr_carea' id='block_1_1' title="bbox 309 253 1388 297">
    <p class='ocr_par' dir='ltr' id='par_1_1' title="bbox 309 253 1388 297">
     <span class='ocr_line' id='line_1_1' title="bbox 309 253 1388 297; baseline 0.004 -4"><span class='ocrx_word' id='word_1_1' title='bbox 309 253 415 294; x_wconf 84' lang='lat'>1686</span> <span class='ocrx_word' id='word_1_2' title='bbox 720 263 1055 296; x_wconf 80' lang='lat' dir='ltr'>APOCALYPSIS</span> <span class='ocrx_word' id='word_1_3' title='bbox 1088 265 1388 297; x_wconf 82' lang='lat' dir='ltr'>EXPLICATA.</span> 
     </span>
    </p>
   </div>
   <div class='ocr_carea' id='block_1_2' title="bbox 477 378 1805 465">
    <p class='ocr_par' dir='ltr' id='par_1_2' title="bbox 477 378 1805 465">
     <span class='ocr_line' id='line_1_2' title="bbox 477 378 1805 421; baseline 0.003 -12"><span class='ocrx_word' id='word_1_4' title='bbox 477 378 697 416; x_wconf 82' lang='lat' dir='ltr'>altitudine,&#39;&#39;</span> <span class='ocrx_word' id='word_1_5' title='bbox 723 379 960 418; x_wconf 86' lang='lat' dir='ltr'>exscindetur,</span> <span class='ocrx_word' id='word_1_6' title='bbox 987 380 1122 420; x_wconf 87' lang='lat' dir='ltr'>“super</span> <span class='ocrx_word' id='word_1_7' title='bbox 1151 380 1253 411; x_wconf 88' lang='lat' dir='ltr'>ruina</span> <span class='ocrx_word' id='word_1_8' title='bbox 1279 380 1356 421; x_wconf 84' lang='lat' dir='ltr'>ejus</span> <span class='ocrx_word' id='word_1_9' title='bbox 1381 381 1554 412; x_wconf 87' lang='lat' dir='ltr'>habitabit</span> <span class='ocrx_word' id='word_1_10' title='bbox 1583 382 1701 413; x_wconf 92' lang='lat' dir='ltr'>omnis</span> <span class='ocrx_word' id='word_1_11' title='bbox 1726 382 1805 413; x_wconf 90' lang='lat' dir='ltr'>avis</span> 
     </span>
     <span class='ocr_line' id='line_1_3' title="bbox 477 422 1804 465; baseline 0.002 -12"><span class='ocrx_word' id='word_1_12' title='bbox 477 422 668 460; x_wconf 86' lang='lat' dir='ltr'>caelorum,</span> <span class='ocrx_word' id='word_1_13' title='bbox 693 429 727 454; x_wconf 88' lang='lat' dir='ltr'>et</span> <span class='ocrx_word' id='word_1_14' title='bbox 748 433 855 462; x_wconf 87' lang='lat' dir='ltr'>super</span> <span class='ocrx_word' id='word_1_15' title='bbox 875 424 984 454; x_wconf 91' lang='lat' dir='ltr'>ramis</span> <span class='ocrx_word' id='word_1_16' title='bbox 1005 423 1083 464; x_wconf 86' lang='lat' dir='ltr'>ejus</span> <span class='ocrx_word' id='word_1_17' title='bbox 1108 430 1212 455; x_wconf 90' lang='lat' dir='ltr'>erunt</span> <span class='ocrx_word' id='word_1_18' title='bbox 1232 425 1350 455; x_wconf 90' lang='lat' dir='ltr'>omnis</span> <span class='ocrx_word' id='word_1_19' title='bbox 1370 424 1447 455; x_wconf 85' lang='lat' dir='ltr'>fera</span> <span class='ocrx_word' id='word_1_20' title='bbox 1467 425 1543 465; x_wconf 86' lang='lat' dir='ltr'>agri</span> <span class='ocrx_word' id='word_1_21' title='bbox 1556 424 1574 436; x_wconf 91' lang='lat'>&#39;’</span> <span class='ocrx_word' id='word_1_22' title='bbox 1594 424 1702 465; x_wconf 85' lang='lat' dir='ltr'>(xxxi.</span> <span class='ocrx_word' id='word_1_23' title='bbox 1723 433 1752 463; x_wconf 88' lang='lat'>2,</span> <span class='ocrx_word' id='word_1_24' title='bbox 1774 434 1804 464; x_wconf 89' lang='lat'>3,</span> 
     </span>
    </p>
   </div>
   <div class='ocr_carea' id='block_1_3' title="bbox 481 464 916 508">
    <p class='ocr_par' dir='ltr' id='par_1_3' title="bbox 481 464 916 508">
     <span class='ocr_line' id='line_1_4' title="bbox 481 464 916 508; baseline 0.005 -4"><span class='ocrx_word' id='word_1_25' title='bbox 481 474 508 504; x_wconf 86' lang='lat'>5.</span> <span class='ocrx_word' id='word_1_26' title='bbox 527 467 556 504; x_wconf 71' lang='grc' dir='ltr'>ὁ,</span> <span class='ocrx_word' id='word_1_27' title='bbox 579 464 640 507; x_wconf 76' lang='grc'>[7,]</span> <span class='ocrx_word' id='word_1_28' title='bbox 664 475 712 504; x_wconf 70' lang='grc'>10,</span> <span class='ocrx_word' id='word_1_29' title='bbox 733 464 818 508; x_wconf 75' lang='grc'>[12,]</span> <span class='ocrx_word' id='word_1_30' title='bbox 843 467 916 506; x_wconf 83' lang='lat'>13):</span> 
     </span>
    </p>
   </div>
   <div class='ocr_carea' id='block_1_4' title="bbox 298 562 1805 2202">
    <p class='ocr_par' dir='ltr' id='par_1_4' title="bbox 298 562 1805 2202">
     <span class='ocr_line' id='line_1_5' title="bbox 302 562 1803 617; baseline 0.001 -14"><span class='ocrx_word' id='word_1_31' title='bbox 302 576 382 615; x_wconf 91' lang='lat' dir='ltr'>per</span> <span class='ocrx_word' id='word_1_32' title='bbox 416 566 610 615; x_wconf 87' lang='lat' dir='ltr'>“regem</span> <span class='ocrx_word' id='word_1_33' title='bbox 644 562 885 616; x_wconf 85' lang='lat' dir='ltr'>Aegypti”</span> <span class='ocrx_word' id='word_1_34' title='bbox 913 569 958 603; x_wconf 95' lang='lat' dir='ltr'>et</span> <span class='ocrx_word' id='word_1_35' title='bbox 993 577 1071 616; x_wconf 92' lang='lat' dir='ltr'>per</span> <span class='ocrx_word' id='word_1_36' title='bbox 1101 563 1480 604; x_wconf 85' lang='lat' dir='ltr'>“multitudinem</span> <span class='ocrx_word' id='word_1_37' title='bbox 1514 563 1803 617; x_wconf 80' lang='lat' dir='ltr'>ejus&#39;&#39;‘&#39;signi-</span> 
     </span>
     <span class='ocr_line' id='line_1_6' title="bbox 301 625 1804 680; baseline 0.001 -15"><span class='ocrx_word' id='word_1_38' title='bbox 301 625 461 666; x_wconf 82' lang='lat' dir='ltr'>fleatur</span> <span class='ocrx_word' id='word_1_39' title='bbox 479 625 698 666; x_wconf 88' lang='lat' dir='ltr'>naturalis</span> <span class='ocrx_word' id='word_1_40' title='bbox 718 625 856 666; x_wconf 92' lang='lat' dir='ltr'>homo</span> <span class='ocrx_word' id='word_1_41' title='bbox 879 639 980 666; x_wconf 93' lang='lat' dir='ltr'>cum</span> <span class='ocrx_word' id='word_1_42' title='bbox 1004 625 1264 666; x_wconf 91' lang='lat' dir='ltr'>scientificis</span> <span class='ocrx_word' id='word_1_43' title='bbox 1288 627 1346 666; x_wconf 93' lang='lat' dir='ltr'>ibi</span> <span class='ocrx_word' id='word_1_44' title='bbox 1365 641 1374 677; x_wconf 95' lang='lat'>;</span> <span class='ocrx_word' id='word_1_45' title='bbox 1408 641 1487 680; x_wconf 89' lang='lat' dir='ltr'>per</span> <span class='ocrx_word' id='word_1_46' title='bbox 1508 631 1532 647; x_wconf 91' lang='lat'><strong>“</strong></span> <span class='ocrx_word' id='word_1_47' title='bbox 1547 626 1804 667; x_wconf 90' lang='lat' dir='ltr'>Aschurem</span> 
     </span>
     <span class='ocr_line' id='line_1_7' title="bbox 301 688 1804 743; baseline 0.001 -15"><span class='ocrx_word' id='word_1_48' title='bbox 301 689 485 729; x_wconf 83' lang='lat' dir='ltr'>cedrum</span> <span class='ocrx_word' id='word_1_49' title='bbox 512 689 556 728; x_wconf 89' lang='lat' dir='ltr'>in</span> <span class='ocrx_word' id='word_1_50' title='bbox 585 688 762 729; x_wconf 90' lang='lat' dir='ltr'>Libano</span> <span class='ocrx_word' id='word_1_51' title='bbox 781 688 799 703; x_wconf 92' lang='lat'><strong>”</strong></span> <span class='ocrx_word' id='word_1_52' title='bbox 827 689 1107 742; x_wconf 88' lang='lat' dir='ltr'>significatur</span> <span class='ocrx_word' id='word_1_53' title='bbox 1133 689 1356 730; x_wconf 82' lang='lat' dir='ltr'>rationale</span> <span class='ocrx_word' id='word_1_54' title='bbox 1384 690 1504 743; x_wconf 89' lang='lat' dir='ltr'>quod</span> <span class='ocrx_word' id='word_1_55' title='bbox 1531 704 1590 730; x_wconf 86' lang='lat' dir='ltr'>ex</span> <span class='ocrx_word' id='word_1_56' title='bbox 1619 690 1804 730; x_wconf 91' lang='lat' dir='ltr'>scienti-</span> 
     </span>
     <span class='ocr_line' id='line_1_8' title="bbox 301 751 1803 806; baseline 0.001 -14"><span class='ocrx_word' id='word_1_57' title='bbox 301 751 394 792; x_wconf 86' lang='lat' dir='ltr'>ficis</span> <span class='ocrx_word' id='word_1_58' title='bbox 427 753 484 792; x_wconf 89' lang='lat' dir='ltr'>ab</span> <span class='ocrx_word' id='word_1_59' title='bbox 516 765 604 792; x_wconf 88' lang='lat' dir='ltr'>una</span> <span class='ocrx_word' id='word_1_60' title='bbox 636 758 765 804; x_wconf 89' lang='lat' dir='ltr'>parte</span> <span class='ocrx_word' id='word_1_61' title='bbox 793 759 838 793; x_wconf 93' lang='lat' dir='ltr'>et</span> <span class='ocrx_word' id='word_1_62' title='bbox 872 753 929 793; x_wconf 88' lang='lat' dir='ltr'>ab</span> <span class='ocrx_word' id='word_1_63' title='bbox 955 752 1126 793; x_wconf 86' lang='lat' dir='ltr'>influxu</span> <span class='ocrx_word' id='word_1_64' title='bbox 1154 753 1246 793; x_wconf 92' lang='lat' dir='ltr'>veri</span> <span class='ocrx_word' id='word_1_65' title='bbox 1274 753 1521 806; x_wconf 88' lang='lat' dir='ltr'>spiritualis</span> <span class='ocrx_word' id='word_1_66' title='bbox 1547 753 1605 793; x_wconf 92' lang='lat' dir='ltr'>ab</span> <span class='ocrx_word' id='word_1_67' title='bbox 1631 753 1803 803; x_wconf 88' lang='lat' dir='ltr'>altera;</span> 
     </span>
     <span class='ocr_line' id='line_1_9' title="bbox 301 815 1803 869; baseline 0.001 -14"><span class='ocrx_word' id='word_1_68' title='bbox 301 829 380 868; x_wconf 86' lang='lat' dir='ltr'>per</span> <span class='ocrx_word' id='word_1_69' title='bbox 409 815 685 869; x_wconf 81' lang='lat' dir='ltr'>“pulchram</span> <span class='ocrx_word' id='word_1_70' title='bbox 714 829 840 856; x_wconf 91' lang='lat' dir='ltr'>ramo</span> <span class='ocrx_word' id='word_1_71' title='bbox 872 823 918 857; x_wconf 91' lang='lat' dir='ltr'>et</span> <span class='ocrx_word' id='word_1_72' title='bbox 952 816 1065 856; x_wconf 90' lang='lat' dir='ltr'>silva</span> <span class='ocrx_word' id='word_1_73' title='bbox 1092 815 1335 856; x_wconf 90' lang='lat' dir='ltr'>umbrosa”</span> <span class='ocrx_word' id='word_1_74' title='bbox 1362 815 1642 869; x_wconf 88' lang='lat' dir='ltr'>significatur</span> <span class='ocrx_word' id='word_1_75' title='bbox 1667 817 1803 857; x_wconf 90' lang='lat' dir='ltr'>intel-</span> 
     </span>
     <span class='ocr_line' id='line_1_10' title="bbox 301 878 1803 932; baseline 0.001 -14"><span class='ocrx_word' id='word_1_76' title='bbox 301 878 491 930; x_wconf 87' lang='lat' dir='ltr'>ligentia</span> <span class='ocrx_word' id='word_1_77' title='bbox 523 892 601 932; x_wconf 90' lang='lat' dir='ltr'>per</span> <span class='ocrx_word' id='word_1_78' title='bbox 633 893 739 919; x_wconf 91' lang='lat' dir='ltr'>vera</span> <span class='ocrx_word' id='word_1_79' title='bbox 766 879 1007 919; x_wconf 80' lang='lat' dir='ltr'>rationalia</span> <span class='ocrx_word' id='word_1_80' title='bbox 1035 879 1194 919; x_wconf 88' lang='lat' dir='ltr'>mediis</span> <span class='ocrx_word' id='word_1_81' title='bbox 1221 878 1509 930; x_wconf 86' lang='lat' dir='ltr'>scientificis;</span> <span class='ocrx_word' id='word_1_82' title='bbox 1549 893 1628 932; x_wconf 91' lang='lat' dir='ltr'>per</span> <span class='ocrx_word' id='word_1_83' title='bbox 1657 879 1803 920; x_wconf 87' lang='lat' dir='ltr'>“alti-</span> 
     </span>
     <span class='ocr_line' id='line_1_11' title="bbox 301 942 1803 995; baseline 0.001 -13"><span class='ocrx_word' id='word_1_84' title='bbox 301 942 505 982; x_wconf 89' lang='lat' dir='ltr'>tudinem</span> <span class='ocrx_word' id='word_1_85' title='bbox 530 956 635 995; x_wconf 88' lang='lat' dir='ltr'>prae</span> <span class='ocrx_word' id='word_1_86' title='bbox 659 942 868 982; x_wconf 90' lang='lat' dir='ltr'>omnibus</span> <span class='ocrx_word' id='word_1_87' title='bbox 891 943 1125 983; x_wconf 83' lang='lat' dir='ltr'>arboribus</span> <span class='ocrx_word' id='word_1_88' title='bbox 1152 943 1247 995; x_wconf 87' lang='lat' dir='ltr'>agri</span> <span class='ocrx_word' id='word_1_89' title='bbox 1260 942 1279 957; x_wconf 90' lang='lat'>’&#39;</span> <span class='ocrx_word' id='word_1_90' title='bbox 1302 942 1583 995; x_wconf 83' lang='lat' dir='ltr'>significatur</span> <span class='ocrx_word' id='word_1_91' title='bbox 1605 942 1803 983; x_wconf 91' lang='lat' dir='ltr'>elevatio</span> 
     </span>
     <span class='ocr_line' id='line_1_12' title="bbox 302 1005 1803 1059; baseline 0 -14"><span class='ocrx_word' id='word_1_92' title='bbox 302 1019 441 1059; x_wconf 87' lang='lat' dir='ltr'>usque</span> <span class='ocrx_word' id='word_1_93' title='bbox 468 1006 524 1046; x_wconf 88' lang='lat' dir='ltr'>ad</span> <span class='ocrx_word' id='word_1_94' title='bbox 552 1006 740 1046; x_wconf 91' lang='lat' dir='ltr'>interius</span> <span class='ocrx_word' id='word_1_95' title='bbox 767 1006 990 1046; x_wconf 83' lang='lat' dir='ltr'>rationale</span> <span class='ocrx_word' id='word_1_96' title='bbox 1018 1007 1138 1059; x_wconf 90' lang='lat' dir='ltr'>quod</span> <span class='ocrx_word' id='word_1_97' title='bbox 1166 1020 1225 1046; x_wconf 82' lang='lat' dir='ltr'>ex</span> <span class='ocrx_word' id='word_1_98' title='bbox 1253 1006 1502 1059; x_wconf 81' lang='lat' dir='ltr'>spirituali3</span> <span class='ocrx_word' id='word_1_99' title='bbox 1542 1020 1620 1059; x_wconf 89' lang='lat' dir='ltr'>per</span> <span class='ocrx_word' id='word_1_100' title='bbox 1649 1005 1803 1046; x_wconf 89' lang='lat' dir='ltr'>“mul-</span> 
     </span>
     <span class='ocr_line' id='line_1_13' title="bbox 300 1068 1805 1123; baseline 0 -14"><span class='ocrx_word' id='word_1_101' title='bbox 300 1068 534 1122; x_wconf 88' lang='lat' dir='ltr'>tiplicatos</span> <span class='ocrx_word' id='word_1_102' title='bbox 559 1082 709 1109; x_wconf 88' lang='lat' dir='ltr'>ramos</span> <span class='ocrx_word' id='word_1_103' title='bbox 742 1083 821 1122; x_wconf 92' lang='lat' dir='ltr'>per</span> <span class='ocrx_word' id='word_1_104' title='bbox 853 1083 993 1123; x_wconf 88' lang='lat' dir='ltr'>aquas</span> <span class='ocrx_word' id='word_1_105' title='bbox 1021 1069 1222 1110; x_wconf 84' lang='lat' dir='ltr'>multas&#39;’</span> <span class='ocrx_word' id='word_1_106' title='bbox 1250 1068 1532 1121; x_wconf 86' lang='lat' dir='ltr'>significatur</span> <span class='ocrx_word' id='word_1_107' title='bbox 1563 1069 1694 1122; x_wconf 88' lang='lat' dir='ltr'>copia</span> <span class='ocrx_word' id='word_1_108' title='bbox 1726 1082 1805 1122; x_wconf 88' lang='lat' dir='ltr'>per</span> 
     </span>
     <span class='ocr_line' id='line_1_14' title="bbox 300 1131 1802 1186; baseline -0.001 -14"><span class='ocrx_word' id='word_1_109' title='bbox 300 1146 406 1172; x_wconf 85' lang='lat' dir='ltr'>vera</span> <span class='ocrx_word' id='word_1_110' title='bbox 448 1132 699 1185; x_wconf 84' lang='lat' dir='ltr'>spiritualia</span> <span class='ocrx_word' id='word_1_111' title='bbox 745 1147 859 1186; x_wconf 90' lang='lat' dir='ltr'>quae</span> <span class='ocrx_word' id='word_1_112' title='bbox 901 1146 960 1173; x_wconf 85' lang='lat' dir='ltr'>ex</span> <span class='ocrx_word' id='word_1_113' title='bbox 999 1132 1338 1185; x_wconf 82' lang='lat' dir='ltr'>cognitionibus</span> <span class='ocrx_word' id='word_1_114' title='bbox 1378 1133 1472 1172; x_wconf 87' lang='lat' dir='ltr'>veri</span> <span class='ocrx_word' id='word_1_115' title='bbox 1518 1146 1576 1172; x_wconf 87' lang='lat' dir='ltr'>ex</span> <span class='ocrx_word' id='word_1_116' title='bbox 1619 1131 1802 1182; x_wconf 89' lang='lat' dir='ltr'>Verb0;</span> 
     </span>
     <span class='ocr_line' id='line_1_15' title="bbox 300 1194 1803 1249; baseline -0.001 -14"><span class='ocrx_word' id='word_1_117' title='bbox 300 1209 380 1248; x_wconf 90' lang='lat' dir='ltr'>per</span> <span class='ocrx_word' id='word_1_118' title='bbox 409 1200 554 1236; x_wconf 84' lang='lat' dir='ltr'>“aves</span> <span class='ocrx_word' id='word_1_119' title='bbox 588 1195 818 1236; x_wconf 89' lang='lat' dir='ltr'>caelorum</span> <span class='ocrx_word' id='word_1_120' title='bbox 851 1210 966 1249; x_wconf 91' lang='lat' dir='ltr'>quae</span> <span class='ocrx_word' id='word_1_121' title='bbox 999 1195 1286 1236; x_wconf 84' lang='lat' dir='ltr'>nidificarunt</span> <span class='ocrx_word' id='word_1_122' title='bbox 1314 1196 1358 1235; x_wconf 91' lang='lat' dir='ltr'>in</span> <span class='ocrx_word' id='word_1_123' title='bbox 1391 1195 1527 1235; x_wconf 87' lang='lat' dir='ltr'>ramis</span> <span class='ocrx_word' id='word_1_124' title='bbox 1560 1195 1652 1247; x_wconf 90' lang='lat' dir='ltr'>ejus</span> <span class='ocrx_word' id='word_1_125' title='bbox 1666 1194 1685 1209; x_wconf 89' lang='lat'>&#39;’</span> <span class='ocrx_word' id='word_1_126' title='bbox 1711 1195 1803 1247; x_wconf 89' lang='lat' dir='ltr'>sig-</span> 
     </span>
     <span class='ocr_line' id='line_1_16' title="bbox 303 1257 1803 1312; baseline 0 -14"><span class='ocrx_word' id='word_1_127' title='bbox 303 1257 542 1299; x_wconf 86' lang='lat' dir='ltr'>nificantur</span> <span class='ocrx_word' id='word_1_128' title='bbox 588 1260 898 1312; x_wconf 84' lang='lat' dir='ltr'>cogitationes</span> <span class='ocrx_word' id='word_1_129' title='bbox 945 1259 1203 1312; x_wconf 82' lang='lat' dir='ltr'>spirituales</span> <span class='ocrx_word' id='word_1_130' title='bbox 1249 1260 1291 1299; x_wconf 87' lang='lat' dir='ltr'>in</span> <span class='ocrx_word' id='word_1_131' title='bbox 1338 1258 1650 1306; x_wconf 88' lang='lat' dir='ltr'>rationalibus,</span> <span class='ocrx_word' id='word_1_132' title='bbox 1699 1271 1803 1298; x_wconf 89' lang='lat' dir='ltr'>nam</span> 
     </span>
     <span class='ocr_line' id='line_1_17' title="bbox 300 1321 1803 1375; baseline 0 -13"><span class='ocrx_word' id='word_1_133' title='bbox 300 1322 523 1362; x_wconf 87' lang='lat' dir='ltr'>rationale</span> <span class='ocrx_word' id='word_1_134' title='bbox 546 1329 616 1363; x_wconf 88' lang='lat' dir='ltr'>est</span> <span class='ocrx_word' id='word_1_135' title='bbox 644 1323 842 1362; x_wconf 91' lang='lat' dir='ltr'>medium</span> <span class='ocrx_word' id='word_1_136' title='bbox 869 1323 987 1363; x_wconf 91' lang='lat' dir='ltr'>inter</span> <span class='ocrx_word' id='word_1_137' title='bbox 1009 1323 1237 1363; x_wconf 91' lang='lat' dir='ltr'>internum</span> <span class='ocrx_word' id='word_1_138' title='bbox 1265 1321 1546 1375; x_wconf 87' lang='lat' dir='ltr'>spiritualem</span> <span class='ocrx_word' id='word_1_139' title='bbox 1573 1321 1803 1362; x_wconf 90' lang='lat' dir='ltr'>hominem</span> 
     </span>
     <span class='ocr_line' id='line_1_18' title="bbox 300 1385 1804 1439; baseline 0 -13"><span class='ocrx_word' id='word_1_140' title='bbox 300 1394 346 1426; x_wconf 90' lang='lat' dir='ltr'>et</span> <span class='ocrx_word' id='word_1_141' title='bbox 380 1392 623 1426; x_wconf 85' lang='lat' dir='ltr'>externum</span> <span class='ocrx_word' id='word_1_142' title='bbox 656 1386 939 1436; x_wconf 82' lang='lat' dir='ltr'>naturalem3</span> <span class='ocrx_word' id='word_1_143' title='bbox 979 1400 1057 1439; x_wconf 91' lang='lat' dir='ltr'>per</span> <span class='ocrx_word' id='word_1_144' title='bbox 1087 1391 1111 1406; x_wconf 88' lang='lat'>“</span> <span class='ocrx_word' id='word_1_145' title='bbox 1132 1385 1354 1439; x_wconf 89' lang='lat' dir='ltr'>[omnem]</span> <span class='ocrx_word' id='word_1_146' title='bbox 1389 1386 1528 1426; x_wconf 88' lang='lat' dir='ltr'>feram</span> <span class='ocrx_word' id='word_1_147' title='bbox 1560 1386 1657 1437; x_wconf 86' lang='lat' dir='ltr'>agri</span> <span class='ocrx_word' id='word_1_148' title='bbox 1689 1398 1804 1438; x_wconf 89' lang='lat' dir='ltr'>quae</span> 
     </span>
     <span class='ocr_line' id='line_1_19' title="bbox 300 1448 1802 1503; baseline -0.001 -14"><span class='ocrx_word' id='word_1_149' title='bbox 300 1449 383 1489; x_wconf 90' lang='lat' dir='ltr'>sub</span> <span class='ocrx_word' id='word_1_150' title='bbox 409 1450 544 1489; x_wconf 88' lang='lat' dir='ltr'>ramis</span> <span class='ocrx_word' id='word_1_151' title='bbox 571 1449 664 1502; x_wconf 87' lang='lat' dir='ltr'>ejus</span> <span class='ocrx_word' id='word_1_152' title='bbox 692 1456 964 1503; x_wconf 88' lang='lat' dir='ltr'>pepererunt</span> <span class='ocrx_word' id='word_1_153' title='bbox 979 1449 997 1463; x_wconf 91' lang='lat'>&#39;‘</span> <span class='ocrx_word' id='word_1_154' title='bbox 1025 1449 1342 1502; x_wconf 89' lang='lat' dir='ltr'>significantur</span> <span class='ocrx_word' id='word_1_155' title='bbox 1368 1448 1629 1489; x_wconf 61' lang='lat' dir='ltr'>affectiones</span> <span class='ocrx_word' id='word_1_156' title='bbox 1657 1449 1802 1488; x_wconf 91' lang='lat' dir='ltr'>scien-</span> 
     </span>
     <span class='ocr_line' id='line_1_20' title="bbox 300 1512 1804 1567; baseline -0.001 -14"><span class='ocrx_word' id='word_1_157' title='bbox 300 1512 524 1553; x_wconf 89' lang='lat' dir='ltr'>tificorum</span> <span class='ocrx_word' id='word_1_158' title='bbox 556 1513 842 1554; x_wconf 88' lang='lat' dir='ltr'>rationaliter</span> <span class='ocrx_word' id='word_1_159' title='bbox 875 1521 1224 1567; x_wconf 83' lang='lat' dir='ltr'>perceptorum3</span> <span class='ocrx_word' id='word_1_160' title='bbox 1264 1528 1342 1566; x_wconf 90' lang='lat' dir='ltr'>per</span> <span class='ocrx_word' id='word_1_161' title='bbox 1377 1517 1579 1566; x_wconf 86' lang='lat' dir='ltr'>“gentes</span> <span class='ocrx_word' id='word_1_162' title='bbox 1612 1525 1804 1565; x_wconf 88' lang='lat' dir='ltr'>magnas</span> 
     </span>
     <span class='ocr_line' id='line_1_21' title="bbox 299 1573 1802 1630; baseline -0.001 -13"><span class='ocrx_word' id='word_1_163' title='bbox 299 1591 413 1630; x_wconf 89' lang='lat' dir='ltr'>quae</span> <span class='ocrx_word' id='word_1_164' title='bbox 436 1578 480 1617; x_wconf 92' lang='lat' dir='ltr'>in</span> <span class='ocrx_word' id='word_1_165' title='bbox 503 1577 661 1617; x_wconf 90' lang='lat' dir='ltr'>umbra</span> <span class='ocrx_word' id='word_1_166' title='bbox 683 1577 776 1629; x_wconf 90' lang='lat' dir='ltr'>ejus</span> <span class='ocrx_word' id='word_1_167' title='bbox 799 1577 1097 1617; x_wconf 87' lang='lat' dir='ltr'>habitarunt’&#39;</span> <span class='ocrx_word' id='word_1_168' title='bbox 1120 1576 1433 1630; x_wconf 86' lang='lat' dir='ltr'>significantur</span> <span class='ocrx_word' id='word_1_169' title='bbox 1455 1577 1575 1617; x_wconf 92' lang='lat' dir='ltr'>bona</span> <span class='ocrx_word' id='word_1_170' title='bbox 1599 1573 1802 1616; x_wconf 55' lang='lat' dir='ltr'>affectio-</span> 
     </span>
     <span class='ocr_line' id='line_1_22' title="bbox 300 1638 1802 1694; baseline -0.001 -14"><span class='ocrx_word' id='word_1_171' title='bbox 300 1653 406 1680; x_wconf 88' lang='lat' dir='ltr'>num</span> <span class='ocrx_word' id='word_1_172' title='bbox 444 1641 488 1680; x_wconf 91' lang='lat' dir='ltr'>in</span> <span class='ocrx_word' id='word_1_173' title='bbox 528 1640 722 1680; x_wconf 89' lang='lat' dir='ltr'>naturali</span> <span class='ocrx_word' id='word_1_174' title='bbox 763 1640 977 1691; x_wconf 86' lang='lat' dir='ltr'>homine;</span> <span class='ocrx_word' id='word_1_175' title='bbox 1023 1653 1102 1693; x_wconf 88' lang='lat' dir='ltr'>per</span> <span class='ocrx_word' id='word_1_176' title='bbox 1138 1640 1415 1694; x_wconf 83' lang='lat' dir='ltr'>“pulchram</span> <span class='ocrx_word' id='word_1_177' title='bbox 1454 1638 1802 1692; x_wconf 88' lang='lat' dir='ltr'>magnitudine”</span> 
     </span>
     <span class='ocr_line' id='line_1_23' title="bbox 299 1702 1802 1757; baseline -0.001 -14"><span class='ocrx_word' id='word_1_178' title='bbox 299 1703 581 1757; x_wconf 88' lang='lat' dir='ltr'>significatur</span> <span class='ocrx_word' id='word_1_179' title='bbox 602 1703 911 1756; x_wconf 85' lang='lat' dir='ltr'>intelligentia</span> <span class='ocrx_word' id='word_1_180' title='bbox 933 1717 941 1753; x_wconf 89' lang='lat'>;</span> <span class='ocrx_word' id='word_1_181' title='bbox 976 1710 1023 1744; x_wconf 89' lang='lat' dir='ltr'>at</span> <span class='ocrx_word' id='word_1_182' title='bbox 1047 1718 1125 1757; x_wconf 90' lang='lat' dir='ltr'>per</span> <span class='ocrx_word' id='word_1_183' title='bbox 1147 1708 1317 1744; x_wconf 89' lang='lat' dir='ltr'>“avem</span> <span class='ocrx_word' id='word_1_184' title='bbox 1341 1703 1571 1744; x_wconf 88' lang='lat' dir='ltr'>caelorum</span> <span class='ocrx_word' id='word_1_185' title='bbox 1594 1709 1640 1743; x_wconf 89' lang='lat' dir='ltr'>et</span> <span class='ocrx_word' id='word_1_186' title='bbox 1663 1702 1802 1742; x_wconf 88' lang='lat' dir='ltr'>feram</span> 
     </span>
     <span class='ocr_line' id='line_1_24' title="bbox 298 1764 1802 1820; baseline -0.001 -13"><span class='ocrx_word' id='word_1_187' title='bbox 298 1768 394 1820; x_wconf 87' lang='lat' dir='ltr'>agri</span> <span class='ocrx_word' id='word_1_188' title='bbox 419 1781 533 1820; x_wconf 87' lang='lat' dir='ltr'>quae</span> <span class='ocrx_word' id='word_1_189' title='bbox 566 1780 698 1819; x_wconf 88' lang='lat' dir='ltr'>super</span> <span class='ocrx_word' id='word_1_190' title='bbox 731 1768 856 1807; x_wconf 89' lang='lat' dir='ltr'>ruina</span> <span class='ocrx_word' id='word_1_191' title='bbox 889 1766 982 1819; x_wconf 91' lang='lat' dir='ltr'>ejus</span> <span class='ocrx_word' id='word_1_192' title='bbox 1015 1768 1059 1806; x_wconf 93' lang='lat' dir='ltr'>in</span> <span class='ocrx_word' id='word_1_193' title='bbox 1087 1768 1223 1807; x_wconf 89' lang='lat' dir='ltr'>ramis</span> <span class='ocrx_word' id='word_1_194' title='bbox 1249 1766 1343 1819; x_wconf 87' lang='lat' dir='ltr'>ejus</span> <span class='ocrx_word' id='word_1_195' title='bbox 1370 1764 1683 1806; x_wconf 83' lang='lat' dir='ltr'>habitabunt‘’</span> <span class='ocrx_word' id='word_1_196' title='bbox 1709 1765 1802 1818; x_wconf 87' lang='lat' dir='ltr'>sig-</span> 
     </span>
     <span class='ocr_line' id='line_1_25' title="bbox 299 1830 1802 1883; baseline -0.002 -12"><span class='ocrx_word' id='word_1_197' title='bbox 299 1830 540 1871; x_wconf 88' lang='lat' dir='ltr'>nificantur</span> <span class='ocrx_word' id='word_1_198' title='bbox 578 1830 689 1871; x_wconf 87' lang='lat' dir='ltr'>falsa</span> <span class='ocrx_word' id='word_1_199' title='bbox 721 1832 1057 1883; x_wconf 89' lang='lat' dir='ltr'>cogitationum</span> <span class='ocrx_word' id='word_1_200' title='bbox 1096 1837 1142 1871; x_wconf 87' lang='lat' dir='ltr'>et</span> <span class='ocrx_word' id='word_1_201' title='bbox 1177 1830 1298 1871; x_wconf 85' lang='lat' dir='ltr'>mala</span> <span class='ocrx_word' id='word_1_202' title='bbox 1336 1831 1653 1883; x_wconf 89' lang='lat' dir='ltr'>cupiditatum,</span> <span class='ocrx_word' id='word_1_203' title='bbox 1687 1842 1802 1882; x_wconf 90' lang='lat' dir='ltr'>quae</span> 
     </span>
     <span class='ocr_line' id='line_1_26' title="bbox 298 1893 1801 1948; baseline -0.001 -14"><span class='ocrx_word' id='word_1_204' title='bbox 298 1894 362 1935; x_wconf 90' lang='lat' dir='ltr'>illi</span> <span class='ocrx_word' id='word_1_205' title='bbox 389 1895 492 1948; x_wconf 91' lang='lat' dir='ltr'>quia</span> <span class='ocrx_word' id='word_1_206' title='bbox 517 1894 705 1935; x_wconf 87' lang='lat' dir='ltr'>“elatus</span> <span class='ocrx_word' id='word_1_207' title='bbox 733 1901 803 1935; x_wconf 90' lang='lat' dir='ltr'>est</span> <span class='ocrx_word' id='word_1_208' title='bbox 827 1894 1114 1942; x_wconf 88' lang='lat' dir='ltr'>altitudine,’&#39;</span> <span class='ocrx_word' id='word_1_209' title='bbox 1137 1894 1222 1935; x_wconf 93' lang='lat' dir='ltr'>hoc</span> <span class='ocrx_word' id='word_1_210' title='bbox 1243 1901 1328 1942; x_wconf 89' lang='lat' dir='ltr'>est,</span> <span class='ocrx_word' id='word_1_211' title='bbox 1349 1895 1451 1947; x_wconf 90' lang='lat' dir='ltr'>quia</span> <span class='ocrx_word' id='word_1_212' title='bbox 1471 1893 1718 1946; x_wconf 88' lang='lat' dir='ltr'>superbivit</span> <span class='ocrx_word' id='word_1_213' title='bbox 1742 1906 1801 1932; x_wconf 84' lang='lat' dir='ltr'>ex</span> 
     </span>
     <span class='ocr_line' id='line_1_27' title="bbox 298 1956 1801 2011; baseline -0.002 -13"><span class='ocrx_word' id='word_1_214' title='bbox 298 1971 452 1998; x_wconf 87' lang='lat' dir='ltr'>amore</span> <span class='ocrx_word' id='word_1_215' title='bbox 485 1959 692 2011; x_wconf 90' lang='lat' dir='ltr'>propriae</span> <span class='ocrx_word' id='word_1_216' title='bbox 726 1957 1088 2010; x_wconf 89' lang='lat' dir='ltr'>intelligentiae;</span> <span class='ocrx_word' id='word_1_217' title='bbox 1133 1957 1253 2010; x_wconf 92' lang='lat' dir='ltr'>quod</span> <span class='ocrx_word' id='word_1_218' title='bbox 1287 1957 1597 2009; x_wconf 87' lang='lat' dir='ltr'>cogitationes</span> <span class='ocrx_word' id='word_1_219' title='bbox 1629 1956 1722 1996; x_wconf 90' lang='lat' dir='ltr'>veri</span> <span class='ocrx_word' id='word_1_220' title='bbox 1754 1962 1801 1996; x_wconf 93' lang='lat' dir='ltr'>et</span> 
     </span>
     <span class='ocr_line' id='line_1_28' title="bbox 298 2018 1800 2074; baseline -0.003 -12"><span class='ocrx_word' id='word_1_221' title='bbox 298 2020 560 2062; x_wconf 59' lang='lat' dir='ltr'>affectiones</span> <span class='ocrx_word' id='word_1_222' title='bbox 587 2021 681 2074; x_wconf 88' lang='lat' dir='ltr'>ejus</span> <span class='ocrx_word' id='word_1_223' title='bbox 713 2035 792 2074; x_wconf 91' lang='lat' dir='ltr'>per</span> <span class='ocrx_word' id='word_1_224' title='bbox 820 2026 966 2061; x_wconf 83' lang='lat' dir='ltr'>“aves</span> <span class='ocrx_word' id='word_1_225' title='bbox 993 2021 1222 2062; x_wconf 89' lang='lat' dir='ltr'>caelorum</span> <span class='ocrx_word' id='word_1_226' title='bbox 1249 2027 1296 2061; x_wconf 92' lang='lat' dir='ltr'>et</span> <span class='ocrx_word' id='word_1_227' title='bbox 1329 2021 1444 2061; x_wconf 88' lang='lat' dir='ltr'>feras</span> <span class='ocrx_word' id='word_1_228' title='bbox 1476 2020 1572 2072; x_wconf 85' lang='lat' dir='ltr'>agri</span> <span class='ocrx_word' id='word_1_229' title='bbox 1585 2019 1604 2033; x_wconf 94' lang='lat'>’&#39;</span> <span class='ocrx_word' id='word_1_230' title='bbox 1631 2018 1800 2071; x_wconf 86' lang='lat' dir='ltr'>signifi-</span> 
     </span>
     <span class='ocr_line' id='line_1_29' title="bbox 298 2082 1801 2138; baseline -0.003 -12"><span class='ocrx_word' id='word_1_231' title='bbox 298 2092 472 2135; x_wconf 88' lang='lat' dir='ltr'>centur,</span> <span class='ocrx_word' id='word_1_232' title='bbox 498 2092 643 2138; x_wconf 89' lang='lat' dir='ltr'>patet,</span> <span class='ocrx_word' id='word_1_233' title='bbox 669 2099 774 2125; x_wconf 88' lang='lat' dir='ltr'>nam</span> <span class='ocrx_word' id='word_1_234' title='bbox 802 2086 941 2126; x_wconf 87' lang='lat' dir='ltr'>etiam</span> <span class='ocrx_word' id='word_1_235' title='bbox 969 2085 1134 2125; x_wconf 87' lang='lat' dir='ltr'>dicitur</span> <span class='ocrx_word' id='word_1_236' title='bbox 1161 2085 1280 2137; x_wconf 92' lang='lat' dir='ltr'>quod</span> <span class='ocrx_word' id='word_1_237' title='bbox 1307 2089 1508 2136; x_wconf 90' lang='lat' dir='ltr'>“gentes</span> <span class='ocrx_word' id='word_1_238' title='bbox 1536 2095 1730 2135; x_wconf 87' lang='lat' dir='ltr'>magnae</span> <span class='ocrx_word' id='word_1_239' title='bbox 1756 2082 1801 2122; x_wconf 90' lang='lat' dir='ltr'>in</span> 
     </span>
     <span class='ocr_line' id='line_1_30' title="bbox 298 2147 1380 2202; baseline -0.003 -12"><span class='ocrx_word' id='word_1_240' title='bbox 298 2149 456 2190; x_wconf 88' lang='lat' dir='ltr'>umbra</span> <span class='ocrx_word' id='word_1_241' title='bbox 482 2149 575 2202; x_wconf 89' lang='lat' dir='ltr'>ejus</span> <span class='ocrx_word' id='word_1_242' title='bbox 602 2148 908 2189; x_wconf 82' lang='lat' dir='ltr'>habitarunt.”</span> <span class='ocrx_word' id='word_1_243' title='bbox 970 2148 1109 2202; x_wconf 87' lang='lat' dir='ltr'>Apud</span> <span class='ocrx_word' id='word_1_244' title='bbox 1137 2147 1380 2195; x_wconf 71' lang='lat' dir='ltr'>Danielem,</span> 
     </span>
    </p>
   </div>
   <div class='ocr_carea' id='block_1_5' title="bbox 366 2247 1802 2727">
    <p class='ocr_par' dir='ltr' id='par_1_5' title="bbox 366 2247 1802 2685">
     <span class='ocr_line' id='line_1_31' title="bbox 366 2247 1800 2288; baseline -0.001 -8"><span class='ocrx_word' id='word_1_245' title='bbox 366 2250 385 2264; x_wconf 90' lang='grc'>“</span> <span class='ocrx_word' id='word_1_246' title='bbox 397 2249 487 2281; x_wconf 91' lang='lat' dir='ltr'>Ecce</span> <span class='ocrx_word' id='word_1_247' title='bbox 504 2250 613 2280; x_wconf 87' lang='lat' dir='ltr'>arbor</span> <span class='ocrx_word' id='word_1_248' title='bbox 630 2250 664 2280; x_wconf 91' lang='lat' dir='ltr'>in</span> <span class='ocrx_word' id='word_1_249' title='bbox 687 2249 805 2280; x_wconf 91' lang='lat' dir='ltr'>medio</span> <span class='ocrx_word' id='word_1_250' title='bbox 829 2255 954 2287; x_wconf 87' lang='lat' dir='ltr'>terrae,</span> <span class='ocrx_word' id='word_1_251' title='bbox 973 2255 1008 2280; x_wconf 90' lang='lat' dir='ltr'>et</span> <span class='ocrx_word' id='word_1_252' title='bbox 1025 2249 1176 2279; x_wconf 88' lang='lat' dir='ltr'>altitudo</span> <span class='ocrx_word' id='word_1_253' title='bbox 1194 2248 1272 2288; x_wconf 85' lang='lat' dir='ltr'>ejus</span> <span class='ocrx_word' id='word_1_254' title='bbox 1293 2257 1451 2287; x_wconf 88' lang='lat' dir='ltr'>magna‚.</span> <span class='ocrx_word' id='word_1_255' title='bbox 1467 2272 1473 2278; x_wconf 93' lang='lat'><em>.</em></span> <span class='ocrx_word' id='word_1_256' title='bbox 1488 2272 1494 2278; x_wconf 96' lang='lat'>.</span> <span class='ocrx_word' id='word_1_257' title='bbox 1511 2247 1669 2287; x_wconf 88' lang='lat' dir='ltr'>.pertigit</span> <span class='ocrx_word' id='word_1_258' title='bbox 1688 2257 1800 2287; x_wconf 88' lang='lat' dir='ltr'>usque</span> 
     </span>
     <span class='ocr_line' id='line_1_32' title="bbox 473 2290 1800 2333; baseline -0.002 -9"><span class='ocrx_word' id='word_1_259' title='bbox 473 2294 518 2324; x_wconf 88' lang='lat' dir='ltr'>ad</span> <span class='ocrx_word' id='word_1_260' title='bbox 537 2294 686 2331; x_wconf 87' lang='lat' dir='ltr'>caelum,</span> <span class='ocrx_word' id='word_1_261' title='bbox 705 2299 740 2324; x_wconf 88' lang='lat' dir='ltr'>et</span> <span class='ocrx_word' id='word_1_262' title='bbox 758 2291 970 2332; x_wconf 69' lang='lat' dir='ltr'>prospectus</span> <span class='ocrx_word' id='word_1_263' title='bbox 988 2292 1065 2333; x_wconf 87' lang='lat' dir='ltr'>ejus</span> <span class='ocrx_word' id='word_1_264' title='bbox 1086 2302 1198 2333; x_wconf 86' lang='lat' dir='ltr'>usque</span> <span class='ocrx_word' id='word_1_265' title='bbox 1219 2293 1263 2322; x_wconf 86' lang='lat' dir='ltr'>ad</span> <span class='ocrx_word' id='word_1_266' title='bbox 1283 2292 1406 2322; x_wconf 87' lang='lat' dir='ltr'>finem.</span> <span class='ocrx_word' id='word_1_267' title='bbox 1422 2298 1562 2329; x_wconf 87' lang='lat' dir='ltr'>.terrae,</span> <span class='ocrx_word' id='word_1_268' title='bbox 1580 2290 1703 2321; x_wconf 81' lang='lat' dir='ltr'>folium</span> <span class='ocrx_word' id='word_1_269' title='bbox 1722 2291 1800 2331; x_wconf 90' lang='lat' dir='ltr'>ejus</span> 
     </span>
     <span class='ocr_line' id='line_1_33' title="bbox 474 2334 1801 2377; baseline -0.003 -9"><span class='ocrx_word' id='word_1_270' title='bbox 474 2337 672 2377; x_wconf 90' lang='lat' dir='ltr'>pulchrum,</span> <span class='ocrx_word' id='word_1_271' title='bbox 688 2343 723 2368; x_wconf 90' lang='lat' dir='ltr'>et</span> <span class='ocrx_word' id='word_1_272' title='bbox 741 2337 807 2368; x_wconf 90' lang='lat' dir='ltr'>flos</span> <span class='ocrx_word' id='word_1_273' title='bbox 825 2337 903 2376; x_wconf 87' lang='lat' dir='ltr'>ejus</span> <span class='ocrx_word' id='word_1_274' title='bbox 918 2337 1060 2374; x_wconf 87' lang='lat' dir='ltr'>multus,</span> <span class='ocrx_word' id='word_1_275' title='bbox 1075 2342 1110 2367; x_wconf 88' lang='lat' dir='ltr'>et</span> <span class='ocrx_word' id='word_1_276' title='bbox 1127 2337 1226 2367; x_wconf 89' lang='lat' dir='ltr'>cibus</span> <span class='ocrx_word' id='word_1_277' title='bbox 1240 2336 1407 2366; x_wconf 87' lang='lat' dir='ltr'>omnibus</span> <span class='ocrx_word' id='word_1_278' title='bbox 1425 2335 1460 2364; x_wconf 91' lang='lat' dir='ltr'>in</span> <span class='ocrx_word' id='word_1_279' title='bbox 1478 2343 1541 2371; x_wconf 85' lang='lat' dir='ltr'>ea;</span> <span class='ocrx_word' id='word_1_280' title='bbox 1566 2335 1632 2365; x_wconf 86' lang='lat' dir='ltr'>sub</span> <span class='ocrx_word' id='word_1_281' title='bbox 1651 2334 1710 2365; x_wconf 88' lang='lat' dir='ltr'>illa</span> <span class='ocrx_word' id='word_1_282' title='bbox 1725 2344 1801 2365; x_wconf 88' lang='lat' dir='ltr'>um-</span> 
     </span>
     <span class='ocr_line' id='line_1_34' title="bbox 474 2378 1802 2420; baseline -0.002 -8"><span class='ocrx_word' id='word_1_283' title='bbox 474 2383 575 2412; x_wconf 90' lang='lat' dir='ltr'>bram</span> <span class='ocrx_word' id='word_1_284' title='bbox 593 2381 747 2412; x_wconf 86' lang='lat' dir='ltr'>habebat</span> <span class='ocrx_word' id='word_1_285' title='bbox 764 2381 879 2412; x_wconf 90' lang='lat' dir='ltr'>bestia</span> <span class='ocrx_word' id='word_1_286' title='bbox 895 2381 982 2420; x_wconf 89' lang='lat' dir='ltr'>agri,</span> <span class='ocrx_word' id='word_1_287' title='bbox 998 2387 1032 2411; x_wconf 92' lang='lat' dir='ltr'>et</span> <span class='ocrx_word' id='word_1_288' title='bbox 1050 2381 1086 2411; x_wconf 90' lang='lat' dir='ltr'>in</span> <span class='ocrx_word' id='word_1_289' title='bbox 1105 2380 1212 2411; x_wconf 89' lang='lat' dir='ltr'>ramis</span> <span class='ocrx_word' id='word_1_290' title='bbox 1230 2379 1307 2419; x_wconf 90' lang='lat' dir='ltr'>ejus</span> <span class='ocrx_word' id='word_1_291' title='bbox 1325 2379 1534 2409; x_wconf 86' lang='lat' dir='ltr'>habitabant</span> <span class='ocrx_word' id='word_1_292' title='bbox 1551 2387 1636 2408; x_wconf 85' lang='lat' dir='ltr'>aves</span> <span class='ocrx_word' id='word_1_293' title='bbox 1653 2378 1751 2416; x_wconf 86' lang='lat' dir='ltr'>caeli,</span> <span class='ocrx_word' id='word_1_294' title='bbox 1766 2385 1802 2410; x_wconf 88' lang='lat' dir='ltr'>et</span> 
     </span>
     <span class='ocr_line' id='line_1_35' title="bbox 474 2421 1801 2464; baseline -0.003 -8"><span class='ocrx_word' id='word_1_295' title='bbox 474 2436 519 2456; x_wconf 91' lang='lat' dir='ltr'>ex</span> <span class='ocrx_word' id='word_1_296' title='bbox 538 2435 580 2456; x_wconf 91' lang='lat' dir='ltr'>ea</span> <span class='ocrx_word' id='word_1_297' title='bbox 600 2425 763 2456; x_wconf 87' lang='lat' dir='ltr'>alebatur</span> <span class='ocrx_word' id='word_1_298' title='bbox 783 2425 902 2455; x_wconf 87' lang='lat' dir='ltr'>omnis</span> <span class='ocrx_word' id='word_1_299' title='bbox 922 2434 1016 2455; x_wconf 92' lang='lat' dir='ltr'>caro.</span> <span class='ocrx_word' id='word_1_300' title='bbox 1048 2423 1226 2464; x_wconf 86' lang='lat' dir='ltr'>....Vigi1</span> <span class='ocrx_word' id='word_1_301' title='bbox 1247 2430 1282 2456; x_wconf 85' lang='lat' dir='ltr'>et</span> <span class='ocrx_word' id='word_1_302' title='bbox 1300 2421 1451 2453; x_wconf 70' lang='lat' dir='ltr'>Sanctus</span> <span class='ocrx_word' id='word_1_303' title='bbox 1471 2422 1515 2452; x_wconf 91' lang='lat' dir='ltr'>de</span> <span class='ocrx_word' id='word_1_304' title='bbox 1535 2421 1633 2453; x_wconf 91' lang='lat' dir='ltr'>caelo</span> <span class='ocrx_word' id='word_1_305' title='bbox 1653 2422 1801 2453; x_wconf 88' lang='lat' dir='ltr'>descen-</span> 
     </span>
     <span class='ocr_line' id='line_1_36' title="bbox 472 2465 1801 2507; baseline -0.003 -7"><span class='ocrx_word' id='word_1_306' title='bbox 472 2470 533 2507; x_wconf 89' lang='lat' dir='ltr'>dit,</span> <span class='ocrx_word' id='word_1_307' title='bbox 552 2469 740 2506; x_wconf 71' lang='lat' dir='ltr'>clamans„</span> <span class='ocrx_word' id='word_1_308' title='bbox 755 2493 762 2500; x_wconf 94' lang='lat'>.</span> <span class='ocrx_word' id='word_1_309' title='bbox 777 2493 784 2500; x_wconf 93' lang='lat'><strong>.</strong></span> <span class='ocrx_word' id='word_1_310' title='bbox 800 2468 977 2500; x_wconf 77' lang='lat' dir='ltr'>‚Excidite</span> <span class='ocrx_word' id='word_1_311' title='bbox 994 2469 1169 2504; x_wconf 82' lang='lat' dir='ltr'>arborem,</span> <span class='ocrx_word' id='word_1_312' title='bbox 1188 2474 1223 2498; x_wconf 90' lang='lat' dir='ltr'>et</span> <span class='ocrx_word' id='word_1_313' title='bbox 1243 2472 1424 2506; x_wconf 85' lang='lat' dir='ltr'>amputate</span> <span class='ocrx_word' id='word_1_314' title='bbox 1445 2475 1564 2496; x_wconf 88' lang='lat' dir='ltr'>ramos</span> <span class='ocrx_word' id='word_1_315' title='bbox 1584 2465 1672 2504; x_wconf 90' lang='lat' dir='ltr'>ejus,</span> <span class='ocrx_word' id='word_1_316' title='bbox 1687 2466 1801 2497; x_wconf 88' lang='lat' dir='ltr'>discu-</span> 
     </span>
     <span class='ocr_line' id='line_1_37' title="bbox 473 2509 1800 2552; baseline -0.003 -8"><span class='ocrx_word' id='word_1_317' title='bbox 473 2514 535 2544; x_wconf 84' lang='lat' dir='ltr'>tite</span> <span class='ocrx_word' id='word_1_318' title='bbox 550 2513 691 2544; x_wconf 80' lang='lat' dir='ltr'>folium.</span> <span class='ocrx_word' id='word_1_319' title='bbox 707 2538 729 2550; x_wconf 90' lang='lat'>.,</span> <span class='ocrx_word' id='word_1_320' title='bbox 745 2513 938 2552; x_wconf 87' lang='lat' dir='ltr'>dispergite</span> <span class='ocrx_word' id='word_1_321' title='bbox 953 2512 1076 2542; x_wconf 84' lang='lat' dir='ltr'>florem</span> <span class='ocrx_word' id='word_1_322' title='bbox 1091 2511 1180 2551; x_wconf 84' lang='lat' dir='ltr'>ejus,</span> <span class='ocrx_word' id='word_1_323' title='bbox 1197 2511 1310 2550; x_wconf 85' lang='lat' dir='ltr'>fugiet</span> <span class='ocrx_word' id='word_1_324' title='bbox 1327 2510 1443 2540; x_wconf 88' lang='lat' dir='ltr'>bestia</span> <span class='ocrx_word' id='word_1_325' title='bbox 1458 2519 1480 2539; x_wconf 90' lang='lat' dir='ltr'>a</span> <span class='ocrx_word' id='word_1_326' title='bbox 1496 2510 1562 2540; x_wconf 90' lang='lat' dir='ltr'>sub</span> <span class='ocrx_word' id='word_1_327' title='bbox 1579 2509 1648 2547; x_wconf 90' lang='lat' dir='ltr'>illa,</span> <span class='ocrx_word' id='word_1_328' title='bbox 1663 2516 1698 2540; x_wconf 84' lang='lat' dir='ltr'>et</span> <span class='ocrx_word' id='word_1_329' title='bbox 1714 2519 1800 2540; x_wconf 89' lang='lat' dir='ltr'>aves</span> 
     </span>
     <span class='ocr_line' id='line_1_38' title="bbox 472 2553 1799 2597; baseline -0.004 -9"><span class='ocrx_word' id='word_1_330' title='bbox 472 2567 516 2588; x_wconf 90' lang='lat' dir='ltr'>ex</span> <span class='ocrx_word' id='word_1_331' title='bbox 537 2557 645 2588; x_wconf 86' lang='lat' dir='ltr'>ramis</span> <span class='ocrx_word' id='word_1_332' title='bbox 666 2557 765 2597; x_wconf 80' lang='lat' dir='ltr'>ejus:</span> <span class='ocrx_word' id='word_1_333' title='bbox 794 2566 918 2587; x_wconf 88' lang='lat' dir='ltr'>verum</span> <span class='ocrx_word' id='word_1_334' title='bbox 940 2557 1087 2595; x_wconf 89' lang='lat' dir='ltr'>stirpem</span> <span class='ocrx_word' id='word_1_335' title='bbox 1110 2556 1284 2586; x_wconf 87' lang='lat' dir='ltr'>radicum.</span> <span class='ocrx_word' id='word_1_336' title='bbox 1299 2554 1350 2586; x_wconf 81' lang='lat' dir='ltr'>,in</span> <span class='ocrx_word' id='word_1_337' title='bbox 1372 2561 1466 2585; x_wconf 85' lang='lat' dir='ltr'>terra</span> <span class='ocrx_word' id='word_1_338' title='bbox 1486 2553 1683 2594; x_wconf 87' lang='lat' dir='ltr'>relinquite,</span> <span class='ocrx_word' id='word_1_339' title='bbox 1704 2560 1739 2584; x_wconf 90' lang='lat' dir='ltr'>et</span> <span class='ocrx_word' id='word_1_340' title='bbox 1763 2553 1799 2584; x_wconf 88' lang='lat' dir='ltr'>in</span> 
     </span>
     <span class='ocr_line' id='line_1_39' title="bbox 472 2598 1800 2639; baseline -0.003 -7"><span class='ocrx_word' id='word_1_341' title='bbox 472 2601 616 2631; x_wconf 83' lang='lat' dir='ltr'>vinculo</span> <span class='ocrx_word' id='word_1_342' title='bbox 634 2601 718 2632; x_wconf 79' lang='lat' dir='ltr'>ferri</span> <span class='ocrx_word' id='word_1_343' title='bbox 736 2607 772 2632; x_wconf 88' lang='lat' dir='ltr'>et</span> <span class='ocrx_word' id='word_1_344' title='bbox 789 2601 892 2638; x_wconf 81' lang='lat' dir='ltr'>aeriS,</span> <span class='ocrx_word' id='word_1_345' title='bbox 908 2600 943 2630; x_wconf 90' lang='lat' dir='ltr'>in</span> <span class='ocrx_word' id='word_1_346' title='bbox 962 2600 1072 2630; x_wconf 86' lang='lat' dir='ltr'>herba</span> <span class='ocrx_word' id='word_1_347' title='bbox 1089 2600 1164 2639; x_wconf 89' lang='lat' dir='ltr'>agri</span> <span class='ocrx_word' id='word_1_348' title='bbox 1183 2605 1218 2630; x_wconf 90' lang='lat' dir='ltr'>et</span> <span class='ocrx_word' id='word_1_349' title='bbox 1236 2599 1272 2629; x_wconf 90' lang='lat' dir='ltr'>in</span> <span class='ocrx_word' id='word_1_350' title='bbox 1290 2608 1369 2629; x_wconf 91' lang='lat' dir='ltr'>rore</span> <span class='ocrx_word' id='word_1_351' title='bbox 1386 2598 1564 2628; x_wconf 86' lang='lat' dir='ltr'>caelorum</span> <span class='ocrx_word' id='word_1_352' title='bbox 1583 2598 1750 2636; x_wconf 84' lang='lat' dir='ltr'>tingatur,</span> <span class='ocrx_word' id='word_1_353' title='bbox 1765 2604 1800 2628; x_wconf 85' lang='lat' dir='ltr'>et</span> 
     </span>
     <span class='ocr_line' id='line_1_40' title="bbox 474 2641 1800 2685; baseline -0.004 -9"><span class='ocrx_word' id='word_1_354' title='bbox 474 2655 553 2676; x_wconf 91' lang='lat' dir='ltr'>cum</span> <span class='ocrx_word' id='word_1_355' title='bbox 572 2645 687 2675; x_wconf 88' lang='lat' dir='ltr'>bestia</span> <span class='ocrx_word' id='word_1_356' title='bbox 704 2655 787 2685; x_wconf 90' lang='lat' dir='ltr'>pars</span> <span class='ocrx_word' id='word_1_357' title='bbox 805 2644 882 2683; x_wconf 89' lang='lat' dir='ltr'>ejus</span> <span class='ocrx_word' id='word_1_358' title='bbox 900 2644 935 2674; x_wconf 92' lang='lat' dir='ltr'>in</span> <span class='ocrx_word' id='word_1_359' title='bbox 953 2644 1116 2683; x_wconf 87' lang='lat' dir='ltr'>gramine</span> <span class='ocrx_word' id='word_1_360' title='bbox 1133 2649 1269 2679; x_wconf 74' lang='lat' dir='ltr'>terrae:</span> <span class='ocrx_word' id='word_1_361' title='bbox 1294 2652 1355 2673; x_wconf 90' lang='lat' dir='ltr'>cor</span> <span class='ocrx_word' id='word_1_362' title='bbox 1372 2642 1449 2681; x_wconf 91' lang='lat' dir='ltr'>ejus</span> <span class='ocrx_word' id='word_1_363' title='bbox 1466 2642 1512 2672; x_wconf 87' lang='lat' dir='ltr'>ab</span> <span class='ocrx_word' id='word_1_364' title='bbox 1528 2641 1673 2672; x_wconf 86' lang='lat' dir='ltr'>homine</span> <span class='ocrx_word' id='word_1_365' title='bbox 1688 2647 1800 2672; x_wconf 86' lang='lat' dir='ltr'>muta-</span> 
     </span>
    </p>

    <p class='ocr_par' dir='ltr' id='par_1_6' title="bbox 410 2682 1593 2727">
     <span class='ocr_line' id='line_1_41' title="bbox 410 2682 1593 2727; baseline -0.004 -7"><span class='ocrx_word' id='word_1_366' title='bbox 410 2724 412 2726; x_wconf 47' lang='lat'>,</span> <span class='ocrx_word' id='word_1_367' title='bbox 474 2689 573 2726; x_wconf 88' lang='lat' dir='ltr'>bunt,</span> <span class='ocrx_word' id='word_1_368' title='bbox 593 2695 628 2719; x_wconf 89' lang='lat' dir='ltr'>et</span> <span class='ocrx_word' id='word_1_369' title='bbox 646 2698 706 2720; x_wconf 89' lang='lat' dir='ltr'>cor</span> <span class='ocrx_word' id='word_1_370' title='bbox 724 2689 860 2720; x_wconf 86' lang='lat' dir='ltr'>bestiae</span> <span class='ocrx_word' id='word_1_371' title='bbox 878 2688 1020 2719; x_wconf 88' lang='lat' dir='ltr'>dabitur</span> <span class='ocrx_word' id='word_1_372' title='bbox 1037 2687 1068 2718; x_wconf 92' lang='lat' dir='ltr'>ei</span> <span class='ocrx_word' id='word_1_373' title='bbox 1080 2686 1098 2698; x_wconf 74' lang='lat'>’⁹</span> <span class='ocrx_word' id='word_1_374' title='bbox 1116 2687 1174 2727; x_wconf 89' lang='lat' dir='ltr'>(iv.</span> <span class='ocrx_word' id='word_1_375' title='bbox 1194 2694 1277 2725; x_wconf 81' lang='lat'>7-13</span> <span class='ocrx_word' id='word_1_376' title='bbox 1298 2684 1357 2727; x_wconf 83' lang='lat' dir='ltr'>[B.</span> <span class='ocrx_word' id='word_1_377' title='bbox 1373 2688 1416 2716; x_wconf 82' lang='lat' dir='ltr'>A.</span> <span class='ocrx_word' id='word_1_378' title='bbox 1438 2682 1593 2726; x_wconf 82' lang='lat'>10-16]):</span> 
     </span>
    </p>
   </div>
   <div class='ocr_carea' id='block_1_6' title="bbox 294 2785 1798 2971">
    <p class='ocr_par' dir='ltr' id='par_1_7' title="bbox 294 2785 1798 2971">
     <span class='ocr_line' id='line_1_42' title="bbox 296 2785 1798 2839; baseline -0.005 -8"><span class='ocrx_word' id='word_1_379' title='bbox 296 2790 383 2832; x_wconf 90' lang='lat' dir='ltr'>hoc</span> <span class='ocrx_word' id='word_1_380' title='bbox 416 2790 497 2830; x_wconf 86' lang='lat' dir='ltr'>fuit</span> <span class='ocrx_word' id='word_1_381' title='bbox 531 2790 759 2830; x_wconf 86' lang='lat' dir='ltr'>somnium</span> <span class='ocrx_word' id='word_1_382' title='bbox 794 2788 1225 2829; x_wconf 88' lang='lat' dir='ltr'>Nebuchadnezaris</span> <span class='ocrx_word' id='word_1_383' title='bbox 1258 2787 1377 2839; x_wconf 89' lang='lat' dir='ltr'>regis</span> <span class='ocrx_word' id='word_1_384' title='bbox 1411 2785 1606 2833; x_wconf 90' lang='lat' dir='ltr'>Babelis,</span> <span class='ocrx_word' id='word_1_385' title='bbox 1641 2790 1686 2825; x_wconf 94' lang='lat' dir='ltr'>et</span> <span class='ocrx_word' id='word_1_386' title='bbox 1719 2797 1798 2837; x_wconf 89' lang='lat' dir='ltr'>per</span> 
     </span>
     <span class='ocr_line' id='line_1_43' title="bbox 294 2849 1795 2901; baseline -0.005 -6"><span class='ocrx_word' id='word_1_387' title='bbox 294 2855 339 2895; x_wconf 92' lang='lat' dir='ltr'>id</span> <span class='ocrx_word' id='word_1_388' title='bbox 366 2853 636 2895; x_wconf 87' lang='lat' dir='ltr'>describitur</span> <span class='ocrx_word' id='word_1_389' title='bbox 663 2853 936 2894; x_wconf 90' lang='lat' dir='ltr'>instauratio</span> <span class='ocrx_word' id='word_1_390' title='bbox 964 2852 1184 2893; x_wconf 89' lang='lat' dir='ltr'>ecclesiae</span> <span class='ocrx_word' id='word_1_391' title='bbox 1212 2851 1426 2892; x_wconf 90' lang='lat' dir='ltr'>caelestis</span> <span class='ocrx_word' id='word_1_392' title='bbox 1453 2856 1498 2890; x_wconf 90' lang='lat' dir='ltr'>et</span> <span class='ocrx_word' id='word_1_393' title='bbox 1531 2849 1624 2901; x_wconf 89' lang='lat' dir='ltr'>ejus</span> <span class='ocrx_word' id='word_1_394' title='bbox 1650 2849 1795 2888; x_wconf 89' lang='lat' dir='ltr'>incre-</span> 
     </span>
     <span class='ocr_line' id='line_1_44' title="bbox 295 2912 1793 2971; baseline -0.005 -12"><span class='ocrx_word' id='word_1_395' title='bbox 295 2924 500 2959; x_wconf 90' lang='lat' dir='ltr'>mentum</span> <span class='ocrx_word' id='word_1_396' title='bbox 527 2931 666 2971; x_wconf 87' lang='lat' dir='ltr'>usque</span> <span class='ocrx_word' id='word_1_397' title='bbox 694 2917 750 2957; x_wconf 92' lang='lat' dir='ltr'>ad</span> <span class='ocrx_word' id='word_1_398' title='bbox 784 2929 912 2957; x_wconf 90' lang='lat' dir='ltr'>suum</span> <span class='ocrx_word' id='word_1_399' title='bbox 939 2916 1185 2969; x_wconf 87' lang='lat' dir='ltr'>fastigium,</span> <span class='ocrx_word' id='word_1_400' title='bbox 1214 2921 1260 2955; x_wconf 92' lang='lat' dir='ltr'>et</span> <span class='ocrx_word' id='word_1_401' title='bbox 1293 2920 1455 2968; x_wconf 87' lang='lat' dir='ltr'>postea</span> <span class='ocrx_word' id='word_1_402' title='bbox 1482 2912 1574 2966; x_wconf 85' lang='lat' dir='ltr'>ejus</span> <span class='ocrx_word' id='word_1_403' title='bbox 1601 2912 1793 2953; x_wconf 89' lang='lat' dir='ltr'>exitium</span> 
     </span>
    </p>
   </div>
  </div>
 </body>
</html>
