1956 3328
259 0 347 22 ufir-2·-
361 8 370 17 «
398 8 428 19 ff,
443 17 449 19 >
471 0 482 13 ῑ·

555 280 661 313 cAP.
685 279 768 319 xi„
790 277 929 310 VERS.
951 265 1100 322 9.-Ν,
1121 266 1289 321 659[b].
1526 294 1529 297 r
1562 263 1664 317 1763

183 394 570 449 correspondeant
592 393 833 434 immundis
850 397 896 433 et
919 391 1051 432 tetris
1072 404 1187 444 quae
1211 390 1256 430 in
1280 387 1474 430 naturali
1497 386 1667 427 mundo

183 465 303 507 sunt,
337 458 500 499 diriora
530 457 643 497 falsa
673 462 720 496 et
753 455 874 495 mala
903 454 1190 495 cadaverosis
1221 459 1268 494 et
1299 465 1477 506 quoque
1508 463 1666 491 excre-

183 522 403 563 mentitiis
420 521 585 568 fetidis,
605 520 785 560 mitiora
801 517 914 559 falsa
932 524 978 558 et
997 516 1118 557 mala
1134 516 1413 570 paludinosis
1430 527 1439 554 z
1473 513 1577 554 inde
1595 518 1667 552 est

182 584 303 638 quod
330 583 559 624 domicilia
584 582 763 623 illorum
794 582 838 621 in
867 580 1051 621 infernis
1082 581 1156 633 qui
1187 580 1232 619 in
1264 578 1431 619 talibus
1462 576 1586 616 falsis
1618 580 1664 615 et

183 647 313 688 malis
330 653 451 693 sunt,
470 651 718 700 appareant
736 643 898 684 similia
914 643 1054 684 foveis
1071 649 1118 683 et
1133 641 1383 695 sepulchris
1401 654 1410 690 ;
1442 645 1488 680 et
1512 639 1548 678 si
1570 651 1667 678 cre-

182 709 290 751 dere
324 709 489 758 velitis,
522 710 660 749 etiam
697 707 814 748 tales
850 707 971 759 genii
1007 713 1053 746 et
1091 706 1274 758 spiritus
1314 705 1358 744 in
1401 701 1665 756 sepulchriS,

182 772 359 814 latrinis
379 779 427 813 et
450 771 701 825 paludibus,
720 784 834 824 quae
856 770 899 810 in
923 775 1082 810 nostro
1105 768 1274 808 mundo
1296 773 1416 814 sunt,
1436 765 1664 811 habitant,

183 836 370 876 tametsi
396 834 460 875 illi
486 834 531 875 id
557 834 792 883 nesciunt;
824 845 960 873 causa
986 838 1056 872 est
1089 832 1192 885 quia
1218 828 1592 882 correspondent,
1621 834 1667 867 et

183 911 297 952 quae
322 897 680 950 correspondent
706 895 1014 947 conjungunt:
1048 894 1168 934 idem
1194 893 1403 934 concludi
1427 897 1580 944 potest
1607 903 1668 930 ex

183 974 252 1008 eo,
274 960 395 1014 quod
418 959 526 1000 nihil
548 958 785 1012 jucundius
807 958 866 998 sit
889 957 1045 997 nidore
1067 957 1346 997 cadaveroso
1368 955 1455 994 illis
1477 954 1551 1007 qui
1574 952 1667 992 fue·

128 1019 132 1022 ’
183 1029 287 1063 runt
318 1022 455 1063 ficarii
486 1029 532 1063 et
564 1020 766 1068 venefici,
795 1027 892 1061 tum
917 1020 991 1073 qui
1017 1019 1262 1071 jucundum
1294 1022 1592 1070 perceperunt
1625 1016 1670 1055 in

183 1085 407 1126 violandis
428 1085 629 1134 feminis;
663 1091 708 1124 et
732 1082 841 1123 nihil
863 1082 1100 1136 jucundius
1125 1088 1196 1122 est
1223 1081 1379 1120 nidore
1402 1091 1669 1120 excremen-

185 1149 290 1189 titio
320 1147 408 1188 illis
440 1148 512 1201 qui
549 1160 702 1187 amore
732 1145 982 1199 imperandi
1013 1145 1204 1185 inescati
1242 1143 1434 1189 fuerunt,
1467 1148 1564 1181 tum
1596 1140 1670 1193 qui

182 1211 428 1265 jucundum
450 1212 494 1251 in
512 1210 758 1257 adulteriis,
779 1215 825 1249 et
847 1221 938 1248 non
955 1207 1202 1260 jucundum
1224 1207 1268 1246 in
1284 1205 1516 1258 conjugiis,
1536 1217 1670 1256 cepe-

185 1280 318 1325 runt;
350 1287 401 1314 ac
425 1272 534 1314 nihil
552 1272 789 1324 jucundius
807 1278 877 1312 est
901 1271 1058 1311 nidore
1080 1269 1349 1323 paludinoso
1371 1274 1468 1309 tum
1491 1268 1672 1307 urinoso

186 1337 275 1378 illis
291 1338 366 1390 qui
383 1350 431 1377 se
449 1335 827 1376 confirmaverunt
850 1335 894 1374 in
917 1333 1053 1381 falsis,
1072 1339 1119 1373 et
1141 1330 1426 1373 affee‘tionem
1443 1331 1535 1371 veri
1553 1330 1672 1383 apud

186 1413 236 1441 se
257 1400 608 1440 exstinxerunt:
642 1397 746 1438 inde
768 1403 839 1437 est
860 1396 982 1450 quod
1007 1395 1193 1442 inferna,
1217 1395 1261 1434 in
1284 1394 1443 1447 quibus
1465 1392 1528 1433 illi
1551 1399 1670 1439 sunt,

187 1468 437 1517 appareant
474 1460 721 1502 secundum
758 1459 956 1512 jucunda
996 1457 1415 1510 correspondentia,
1449 1455 1673 1508 quaedam

135 1555 138 1556 ν
188 1527 304 1566 sicut
330 1525 501 1572 foveae,
529 1531 575 1564 et
603 1523 825 1577 quaedam
848 1523 963 1562 sicut
987 1520 1239 1574 sepulchra.
1302 1519 1376 1559 Ex
1404 1519 1474 1559 his
1496 1531 1674 1572 quoque

187 1594 319 1643 patet
348 1587 467 1628 unde
493 1592 605 1634 erat,

253 1676 359 1719 Quod
381 1676 519 1708 obsessi
544 1686 566 1707 a
589 1675 827 1706 daemonibus
843 1674 977 1705 fuerint
1001 1674 1038 1704 in
1063 1673 1271 1713 sepulchris,
1289 1677 1324 1703 et
1349 1671 1431 1702 inde
1449 1669 1586 1711 egressi
1603 1667 1677 1701 sint

360 1720 505 1760 (Matth.
523 1719 597 1751 viii.
617 1719 669 1753 28.
690 1728 783 1759 seq.;
807 1719 918 1749 Marc.
935 1727 969 1748 v.
988 1725 1017 1755 2,
1035 1725 1064 1755 3,
1084 1725 1123 1755 52
1147 1716 1228 1747 Luc.
1247 1715 1320 1746 viii.
1340 1715 1415 1754 27);

192 1818 369 1859 nempe,
395 1805 498 1858 quia
522 1804 587 1845 illi
609 1805 796 1853 obsessi,
823 1804 928 1845 dum
954 1803 1167 1844 vixerunt
1195 1802 1239 1842 in
1265 1800 1448 1848 mundo,
1476 1799 1520 1839 in
1550 1797 1673 1839 falsis

194 1881 254 1909 ex
276 1867 398 1908 malo
419 1867 609 1916 fuerunt,
628 1881 706 1907 seu
727 1867 772 1907 in
794 1865 1129 1919 cognitionibus
1150 1878 1210 1905 ex
1232 1863 1403 1911 Verbo,
1422 1875 1533 1916 quas
1554 1860 1672 1901 fece-

191 1937 297 1972 runt
328 1937 530 1971 mortuas
561 1944 640 1984 per
664 1930 709 1970 id
739 1930 859 1984 quod
890 1929 991 1969 illas
1016 1927 1329 1981 applicuerunt
1355 1924 1674 1966 confirmandis

194 1992 338 2041 malis,
379 1999 477 2033 tum
521 1993 659 2034 etiam
704 1991 995 2033 destruendis.
1035 1991 1241 2043 genuinis
1280 1989 1398 2029 veris
1437 1987 1672 2034 ecclesiae,

192 2056 408 2110 imprimis
429 2056 545 2096 veris
567 2055 623 2095 de
646 2055 857 2103 Domino,
881 2054 936 2094 de
959 2053 1128 2099 Verbo,
1147 2052 1292 2106 deque
1313 2052 1407 2091 vita
1428 2056 1532 2103 post
1554 2062 1673 2090 mor-

193 2124 303 2167 tem,
329 2131 444 2171 quae
474 2118 762 2170 cognitiones
793 2123 997 2157 mortuae
1028 2116 1072 2155 in
1104 2114 1259 2155 Verbo
1290 2119 1511 2154 vocantur
1541 2116 1674 2152 “tra-

194 2181 391 2221 ditiones
409 2179 445 2230 ;”
474 2180 579 2221 inde
601 2186 713 2229 erat,
736 2179 855 2233 quod
881 2178 1055 2219 obsessi
1076 2191 1103 2218 a
1127 2177 1307 2226 talibus,
1331 2176 1404 2230 qui
1430 2175 1676 2216 daemones

193 2240 299 2284 saffi
322 2248 443 2292 sunt,

254 2334 297 2366 In
314 2334 513 2375 sepulchris
529 2333 673 2370 fuerint,
686 2342 727 2364 ac
745 2332 813 2372 ipsi
828 2332 1024 2363 daemones
1037 2337 1166 2371 postea
1183 2330 1219 2361 in
1233 2340 1362 2371 porcos
1376 2328 1492 2371 ejecti,
1506 2330 1565 2371 qui
1580 2340 1679 2371 prae-

362 2378 600 2418 cipitaverunt
617 2386 656 2408 se
674 2376 709 2407 in
728 2385 825 2407 mare
848 2375 991 2415 (Matth.
1010 2372 1118 2405 mviii.
1137 2375 1276 2413 31-33):

188 2476 309 2531 quod
343 2476 425 2516 “in
462 2488 623 2528 porcos
654 2472 840 2526 [²¹inje6‘ci
878 2472 1082 2520 suerint,”
1114 2479 1210 2513 erat
1247 2486 1383 2513 causa
1419 2473 1536 2525 quia,
1570 2472 1676 2511 dum

189 2541 403 2580 vixerunt
434 2539 478 2579 in
505 2538 688 2585 mundo,
717 2538 760 2577 in
794 2536 976 2577 sordida
1002 2537 1191 2576 avaritia
1222 2536 1414 2583 fuerunt,
1443 2548 1547 2575 nam
1574 2534 1679 2575 talis

189 2602 378 2643 avaritia
404 2600 729 2654 correspondet
753 2600 913 2653 porcis,
942 2605 988 2639 et
1011 2599 1114 2639 inde
1141 2597 1365 2651 significat
1392 2598 1524 2647 illos;
1558 2597 1678 2651 quod

193 2666 276 2706 “in
302 2678 424 2705 mare
450 2678 498 2704 se
524 2662 962 2717 praecipitaverint,’'
989 2668 1087 2703 erat
1113 2675 1247 2702 causa
1273 2663 1375 2715 quia
1404 2661 1595 2701 “mare''
1622 2661 1681 2700 ibi

191 2726 415 2781 significat
439 2726 672 2767 infernum.
734 2725 872 2778 Apud
897 2725 1130 2773 Davidem,

258 2823 487 2863 “Reputatus
511 2831 590 2853 sum
615 2831 697 2853 cum
722 2821 1023 2852 descendentibus
1047 2821 1084 2851 in
1101 2820 1255 2857 foveam,
1273 2819 1390 2851 sanstus
1408 2829 1487 2851 sum
1507 2819 1597 2850 sicut
1614 2818 1670 2849 vir

366 2875 439 2897 non
460 2867 587 2896 robur:
614 2865 706 2896 inter
727 2872 898 2901 mortuos,
922 2862 1118 2904 negledms,
1139 2865 1232 2895 sicut
1256 2864 1417 2895 confossi
1442 2864 1616 2894 cubantes
1642 2862 1678 2892 in

366 2909 563 2950 sepulchm,
588 2918 739 2949 quorum
765 2918 836 2939 non
863 2905 1058 2939 meministi
1083 2908 1245 2948 amplius,
1271 2908 1400 2949 quique
1432 2917 1450 2938 e
1481 2915 1590 2937 manu
1620 2911 1680 2936 tua
