1962 3334
572 265 679 304 cAP.
702 229 783 311 xi„
806 269 946 302 VERs.
973 259 1141 300 16.—N.
1163 257 1330 312 687[b].
1485 266 1489 268 ’
1585 256 1687 307 1831

206 376 337 442 super
358 383 547 427 nubibus
572 377 714 426 caeli”
736 383 958 437 significat
984 396 1062 436 per
1087 382 1299 422 Divinum
1323 380 1494 421 Verum
1520 380 1564 420 in
1590 393 1691 420 cae-

205 452 284 502 lis;
326 464 430 492 nam
461 457 699 502 postquam
726 448 945 488 Dominus
977 447 1118 487 univit
1156 445 1416 485 Humanum
1448 457 1575 484 suum
1607 443 1691 496 ipsi

207 514 383 562 Divino,
417 520 523 554 tunc
555 512 766 552 Divinum
797 510 968 550 Verum
1006 509 1208 562 procedit
1244 508 1302 548 ab
1340 507 1458 559 Ipso,
1497 520 1549 546 ac
1587 506 1689 558 Ipse

205 577 324 629 apud
349 575 536 628 angelos
560 581 607 615 et
638 574 757 626 apud
788 573 992 613 homines
1018 573 1061 612 in
1093 571 1170 611 illo
1202 577 1286 618 est,
1314 571 1416 623 quia
1447 570 1491 609 in
1517 568 1687 616 Verbo,

205 639 324 692 quod
355 646 424 679 est
458 638 666 677 Divinum
698 635 882 683 Verum,
915 635 959 674 in
996 648 1085 687 quo
1122 641 1167 674 et
1204 647 1263 674 ex
1300 646 1388 686 quo
1425 638 1494 672 est
1526 631 1689 671 Divina

207 700 548 753 omnipotentia.
608 699 670 739 Et
696 705 868 752 postea,

271 795 290 809 “
301 794 487 831 Dominus,
507 799 694 834 postquam
719 792 857 824 locutus
881 798 935 823 est
958 801 1037 822 cum
1062 791 1142 828 illis,
1163 790 1324 821 sublatus
1348 795 1404 821 est
1428 789 1464 820 in
1489 789 1636 826 caelum,
1656 794 1692 820 et

378 838 541 868 consedit
556 847 601 868 ex
616 837 749 883 dextris
767 835 834 867 Dei
845 835 863 846 ’'
880 835 1005 875 (illarc.
1022 835 1092 866 xvi.
1112 835 1183 874 19):
1315 835 1319 837 “

209 931 405 972 “sedere
431 945 490 971 ex
517 931 691 971 dextris
718 929 833 969 Dei”
855 928 997 969 simile
1023 927 1260 981 significat,
1289 939 1451 979 nempe
1478 926 1689 966 Divinam

206 994 350 1047 Ipsius
390 993 766 1045 omnipotentiam
811 1005 889 1044 per
930 991 1142 1031 Divinum
1184 990 1381 1030 Verum:
1431 1003 1491 1030 ex
1532 989 1691 1042 quibus

206 1063 334 1109 patet
370 1056 490 1109 quod
526 1055 717 1096 “sedere
731 1054 750 1069 ”
781 1055 839 1095 sit
877 1067 990 1102 esse,
1023 1060 1069 1094 et
1104 1053 1302 1093 “sedere
1337 1066 1363 1093 a
1398 1051 1602 1092 dextris''
1633 1052 1690 1092 sit

206 1133 304 1160 esse
348 1119 648 1170 omnipotens.
729 1116 845 1169 Quia
891 1116 1115 1157 “sedere’'
1156 1115 1379 1168 significat
1424 1129 1539 1162 esse,
1586 1114 1689 1154 inde
1729 1162 1738 1173 ⁴

208 1181 400 1222 “sedere
426 1193 558 1233 super
582 1180 749 1220 throno
762 1179 781 1194 '’
807 1178 1031 1232 significat
1057 1192 1155 1219 esse
1182 1192 1264 1218 rex
1296 1185 1342 1218 et
1369 1191 1558 1230 regnare

277 1275 341 1316 (Ut
358 1275 468 1307 Exod.
488 1276 533 1307 xi.
555 1282 595 1313 5:
626 1275 747 1306 Deutr.
767 1275 848 1306 xvii.
872 1275 930 1306 18:
958 1283 973 1306 1
994 1275 1075 1316 Reg.
1096 1275 1115 1306 i.
1139 1283 1188 1313 13,
1212 1282 1261 1313 17,
1282 1282 1343 1306 20:
1372 1275 1497 1316 Jerem.
1517 1274 1601 1306 xvii.
1622 1281 1662 1312 25
1679 1282 1687 1311 ;

377 1328 451 1359 cap.
468 1319 551 1350 xxii.
569 1327 597 1357 2,
616 1327 676 1357 30:
701 1325 736 1350 et
752 1319 850 1358 alibi)
865 1328 872 1356 ;

207 1394 374 1447 pariter

271 1470 428 1501 “Sedere
443 1480 466 1501 a
480 1470 612 1501 dextris
631 1476 667 1501 et
683 1480 704 1501 a
720 1470 873 1501 sinistris
885 1469 903 1481 ”
920 1469 1064 1509 (Alattlz.
1082 1480 1137 1501 xx.
1157 1478 1207 1508 21,
1227 1477 1266 1508 23
1284 1479 1290 1507 ;
1314 1470 1428 1501 Marc.
1445 1479 1477 1501 x.
1496 1477 1547 1509 37,
1564 1469 1630 1510 40).

205 1550 344 1605 Apud
368 1551 571 1600 Esaiam,

272 1627 487 1659 “Descende
504 1633 539 1658 et
559 1628 643 1659 sede
661 1636 767 1667 super
783 1627 940 1667 pulvere,
966 1627 1067 1667 virgo
1085 1627 1155 1657 filia
1173 1626 1324 1665 Babelis‚
1342 1627 1426 1658 sede
1444 1627 1479 1658 in
1497 1633 1600 1662 terra.
1618 1637 1692 1658 non

380 1671 540 1708 thronus,
551 1670 620 1702 filia
632 1670 892 1701 Chaldaeorum
907 1680 930 1706 :-
946 1695 953 1701 .
966 1695 974 1702 .
989 1671 1088 1701 .sede
1100 1670 1135 1701 in
1148 1671 1301 1707 silentio,
1314 1677 1348 1701 et
1362 1671 1454 1701 intra
1468 1671 1502 1701 in
1515 1671 1691 1708 tenebras,

380 1713 452 1744 filia
467 1713 728 1744 Chaldaeorum
743 1723 750 1749 ;
775 1714 856 1753 quia
873 1723 944 1744 non
960 1714 1111 1753 amplius
1124 1715 1301 1744 vocabunt
1319 1720 1352 1744 te
1369 1714 1551 1745 dominam
1566 1723 1693 1753 regno-

380 1767 457 1788 rum
471 1768 478 1789 z
511 1757 591 1788 audi
615 1757 692 1794 hoc,
721 1757 881 1794 delicata,
908 1758 1037 1787 sedens
1064 1767 1196 1794 secure,
1225 1757 1373 1795 dicens„
1388 1781 1395 1788 .
1410 1781 1417 1788 .
1431 1757 1530 1788 .Non
1559 1758 1692 1788 sedebo

380 1801 495 1838 vidua,
513 1810 578 1831 nec
594 1810 807 1840 cognoscam
824 1801 1011 1831 orbitatem
1023 1799 1040 1810 '¹
1057 1800 1166 1838 (xlvii.
1187 1808 1213 1837 1,
1234 1809 1261 1838 5,
1280 1801 1332 1839 8);

206 1889 354 1942 agitur
383 1888 454 1928 hic
487 1888 542 1928 de
569 1888 878 1940 profanatione
904 1888 1009 1927 boni
1039 1894 1085 1928 et
1111 1888 1233 1938 veri;
1272 1901 1376 1928 nam
1413 1901 1491 1940 per
1519 1887 1691 1928 “filiam

208 1950 420 1992 Babelis''
445 1950 720 2003 significatur
746 1951 996 2002 profanatio
1022 1950 1140 1998 boni,
1169 1964 1220 1990 ac
1248 1964 1326 2003 per
1353 1950 1525 1990 “filiam
1552 1950 1688 1992 Chal-

207 2013 451 2054 daeorum”
488 2013 739 2066 profanatio
775 2014 880 2059 veri,
921 2020 1109 2066 utraque
1149 2027 1207 2053 ex
1250 2027 1318 2061 eo,
1358 2014 1477 2066 quod
1519 2013 1692 2054 Divinis

207 2077 337 2117 bonis
367 2089 418 2117 ac
450 2077 579 2123 veris,
613 2090 725 2129 quae
757 2076 800 2116 in
832 2075 988 2116 Verbo
1018 2083 1064 2116 et
1101 2089 1159 2116 ex
1193 2075 1362 2123 Verbo,
1396 2083 1581 2116 utantur
1611 2090 1692 2128 pro

207 2140 365 2180 mediis
391 2140 663 2192 imperandi;
698 2139 814 2179 unde
841 2139 923 2190 ipsi
950 2138 1214 2190 Babylonici
1246 2146 1292 2179 et
1319 2138 1537 2179 Chaldaei
1562 2152 1691 2191 spec-

207 2209 307 2242 tant
333 2215 394 2250 se,
423 2203 524 2255 quia
555 2202 787 2254 imperium
814 2214 955 2248 suum,
984 2208 1032 2241 ut
1063 2200 1188 2249 fines,
1215 2208 1261 2241 et
1288 2200 1445 2242 saneta
1470 2202 1689 2242 ecclesiae

206 2278 266 2304 ex
293 2264 447 2306 Verbo
480 2271 527 2305 ut
560 2265 732 2313 media;
773 2265 837 2303 ita
867 2277 957 2303 non
989 2262 1196 2316 spectant
1229 2263 1486 2311 Dominum,
1520 2270 1567 2305 et
1599 2277 1689 2304 non

208 2327 351 2380 Ipsius
373 2328 634 2374 dominium,
659 2334 706 2367 ut
729 2326 877 2375 finem,
903 2340 984 2366 nec
1008 2327 1266 2378 proximum
1289 2334 1335 2377 et
1357 2340 1556 2367 amorem
1583 2341 1692 2379 erga

206 2390 355 2430 illum:
386 2390 664 2430 “Descende
690 2397 736 2429 et
763 2389 869 2429 sede
892 2403 1024 2441 super
1045 2389 1226 2442 pulvere
1250 2396 1295 2430 et
1318 2390 1361 2429 in
1384 2396 1502 2430 terra
1515 2389 1533 2403 ”
1550 2390 1688 2442 signi-

206 2451 311 2493 ficat
337 2466 434 2492 esse
460 2453 503 2492 in
530 2452 658 2492 malis
680 2458 726 2492 et
752 2452 854 2491 inde
881 2452 923 2491 in
950 2451 1267 2492 damnatione:
1303 2451 1458 2492 “Sede
1484 2453 1526 2492 in
1554 2452 1689 2492 silen-

207 2515 272 2555 tio
308 2521 354 2555 et
390 2515 506 2555 intra
542 2515 586 2554 in
617 2514 855 2554 tenebras“
887 2513 1108 2566 significat
1139 2527 1237 2554 esse
1274 2515 1316 2554 in
1348 2514 1468 2554 falsis
1504 2521 1550 2555 et
1587 2515 1689 2555 inde

206 2577 251 2616 in
283 2577 596 2617 damnatione:
633 2577 824 2616 “sedere
857 2576 1040 2617 secure”
1061 2576 1292 2628 'significat
1324 2591 1422 2617 esse
1454 2578 1498 2617 in
1530 2577 1690 2617 fiducia

206 2639 325 2692 quod
351 2639 583 2691 imperium
608 2639 785 2679 illorum
813 2652 1149 2691 permansurum
1174 2641 1245 2687 sit,
1273 2646 1319 2680 et
1351 2640 1470 2693 quod
1503 2640 1565 2680 illi
1599 2653 1687 2680 non

206 2703 387 2755 perituri
405 2716 413 2751 ;
444 2706 573 2742 “non
596 2702 752 2742 sedere
769 2702 914 2749 vidua,
934 2708 980 2742 et
1004 2715 1092 2742 non
1111 2715 1386 2755 cognoscere
1404 2703 1689 2751 orbitatem,''

207 2763 426 2817 significat
453 2764 571 2817 quod
598 2777 686 2804 non
710 2762 921 2804 defecturi
947 2764 1159 2812 asseclae,
1184 2765 1372 2805 clientes
1398 2772 1444 2806 et
1471 2754 1683 2807 adorato-

208 2839 302 2866 res:
348 2830 478 2866 “non
515 2826 702 2866 thronus
739 2827 832 2874 tibi,
867 2826 954 2866 filia
991 2826 1334 2876 Chaldaeorum,
1370 2841 1458 2869 non
1496 2829 1686 2881 amplius

206 2888 433 2929 vocabunt
478 2895 523 2929 te
569 2889 795 2929 dominam
841 2889 1118 2942 regnorum,‘’
1164 2890 1385 2943 significat
1430 2891 1549 2944 quod
1596 2905 1685 2932 non
