<?xml version="1.0" encoding="UTF-8"?>
<!DOCTYPE html PUBLIC "-//W3C//DTD XHTML 1.0 Transitional//EN"
    "http://www.w3.org/TR/xhtml1/DTD/xhtml1-transitional.dtd">
<html xmlns="http://www.w3.org/1999/xhtml" xml:lang="en" lang="en">
 <head>
  <title>
</title>
<meta http-equiv="Content-Type" content="text/html;charset=utf-8" />
  <meta name='ocr-system' content='tesseract 3.04.00' />
  <meta name='ocr-capabilities' content='ocr_page ocr_carea ocr_par ocr_line ocrx_word'/>
</head>
<body>
  <div class='ocr_page' id='page_1' title='image "apocalypsisexpli03sweduoft_0111.png"; bbox 0 0 1962 3334; ppageno 0'>
   <div class='ocr_carea' id='block_1_1' title="bbox 0 111 51 619">
    <p class='ocr_par' dir='ltr' id='par_1_1' title="bbox 0 111 51 619">
     <span class='ocr_line' id='line_1_1' title="bbox 0 111 22 619; textangle 90"><span class='ocrx_word' id='word_1_1' title='bbox 9 612 12 619; x_wconf 46' lang='lat'>,</span> <span class='ocrx_word' id='word_1_2' title='bbox 0 576 2 582; x_wconf 85' lang='lat'><em>-</em></span> <span class='ocrx_word' id='word_1_3' title='bbox 0 491 14 556; x_wconf 50' lang='lat' dir='ltr'>nvo</span> <span class='ocrx_word' id='word_1_4' title='bbox 0 272 22 469; x_wconf 44' lang='lat' dir='ltr'>-q&#39;W&#39;J&#39;l&#39;W&#39;ss-</span> <span class='ocrx_word' id='word_1_5' title='bbox 0 254 7 264; x_wconf 63' lang='grc' dir='ltr'>ι</span> <span class='ocrx_word' id='word_1_6' title='bbox 0 165 13 245; x_wconf 53' lang='lat' dir='ltr'>mzsa</span> <span class='ocrx_word' id='word_1_7' title='bbox 0 151 2 153; x_wconf 96' lang='lat'>·</span> <span class='ocrx_word' id='word_1_8' title='bbox 0 111 4 133; x_wconf 59' lang='lat' dir='ltr'>&lt;w</span> 
     </span>
     <span class='ocr_line' id='line_1_2' title="bbox 40 473 51 475; textangle 90"><span class='ocrx_word' id='word_1_9' title='bbox 40 473 51 475; x_wconf 87' lang='grc' dir='ltr'>ι</span> 
     </span>
    </p>
   </div>
   <div class='ocr_carea' id='block_1_2' title="bbox 576 271 1693 326">
    <p class='ocr_par' dir='ltr' id='par_1_2' title="bbox 576 271 1693 326">
     <span class='ocr_line' id='line_1_3' title="bbox 576 271 1693 326; baseline -0.007 -7"><span class='ocrx_word' id='word_1_10' title='bbox 576 286 684 319; x_wconf 84' lang='lat' dir='ltr'>CAP.</span> <span class='ocrx_word' id='word_1_11' title='bbox 706 285 788 325; x_wconf 86' lang='lat' dir='ltr'>1x.‚</span> <span class='ocrx_word' id='word_1_12' title='bbox 811 283 949 316; x_wconf 74' lang='lat' dir='ltr'>vssRs.</span> <span class='ocrx_word' id='word_1_13' title='bbox 978 282 1148 325; x_wconf 81' lang='lat' dir='ltr'>14.—N.</span> <span class='ocrx_word' id='word_1_14' title='bbox 1174 271 1332 326; x_wconf 87' lang='lat' dir='ltr'>569[c].</span> <span class='ocrx_word' id='word_1_15' title='bbox 1439 284 1445 289; x_wconf 87' lang='lat'><em>·</em></span> <span class='ocrx_word' id='word_1_16' title='bbox 1589 279 1693 324; x_wconf 89' lang='lat'>1425</span> 
     </span>
    </p>
   </div>
   <div class='ocr_carea' id='block_1_3' title="bbox 212 389 1694 451">
    <p class='ocr_par' dir='ltr' id='par_1_3' title="bbox 212 389 1694 451">
     <span class='ocr_line' id='line_1_4' title="bbox 212 389 1694 451; baseline -0.007 -11"><span class='ocrx_word' id='word_1_17' title='bbox 212 399 372 440; x_wconf 82' lang='lat' dir='ltr'>&#39;fluvios</span> <span class='ocrx_word' id='word_1_18' title='bbox 402 396 695 451; x_wconf 89' lang='lat' dir='ltr'>significatur,</span> <span class='ocrx_word' id='word_1_19' title='bbox 720 395 930 436; x_wconf 90' lang='lat' dir='ltr'>videatur</span> <span class='ocrx_word' id='word_1_20' title='bbox 959 393 1244 447; x_wconf 86' lang='lat' dir='ltr'>explicatum</span> <span class='ocrx_word' id='word_1_21' title='bbox 1274 392 1319 432; x_wconf 90' lang='lat' dir='ltr'>in</span> <span class='ocrx_word' id='word_1_22' title='bbox 1349 389 1551 431; x_wconf 81' lang='lat' dir='ltr'>Arcanis</span> <span class='ocrx_word' id='word_1_23' title='bbox 1584 389 1694 431; x_wconf 84' lang='lat' dir='ltr'>Cae-</span> 
     </span>
    </p>
   </div>
   <div class='ocr_carea' id='block_1_4' title="bbox 210 459 1696 572">
    <p class='ocr_par' dir='ltr' id='par_1_4' title="bbox 210 459 1696 572">
     <span class='ocr_line' id='line_1_5' title="bbox 210 459 653 505; baseline -0.009 -5"><span class='ocrx_word' id='word_1_24' title='bbox 210 459 398 500; x_wconf 46' lang='lat' dir='ltr'>lesti-bus</span> <span class='ocrx_word' id='word_1_25' title='bbox 423 469 469 505; x_wconf 92' lang='lat' dir='ltr'>(n.</span> <span class='ocrx_word' id='word_1_26' title='bbox 487 467 653 505; x_wconf 88' lang='lat'><em>107-121).</em></span> 
     </span>
     <span class='ocr_line' id='line_1_6' title="bbox 293 508 1696 572; baseline -0.007 -13"><span class='ocrx_word' id='word_1_27' title='bbox 293 517 374 572; x_wconf 71' lang='grc'><strong>[6.]</strong></span> <span class='ocrx_word' id='word_1_28' title='bbox 417 517 645 570; x_wconf 82' lang='lat' dir='ltr'>Quoniam</span> <span class='ocrx_word' id='word_1_29' title='bbox 680 529 760 569; x_wconf 90' lang='lat' dir='ltr'>per</span> <span class='ocrx_word' id='word_1_30' title='bbox 796 514 1017 554; x_wconf 79' lang='lat' dir='ltr'>“fluvium</span> <span class='ocrx_word' id='word_1_31' title='bbox 1057 510 1377 566; x_wconf 86' lang='lat' dir='ltr'>Euphratem”</span> <span class='ocrx_word' id='word_1_32' title='bbox 1412 508 1696 562; x_wconf 87' lang='lat' dir='ltr'>significatur</span> 
     </span>
    </p>
   </div>
   <div class='ocr_carea' id='block_1_5' title="bbox 208 571 1697 1322">
    <p class='ocr_par' dir='ltr' id='par_1_5' title="bbox 208 571 1697 1322">
     <span class='ocr_line' id='line_1_7' title="bbox 208 571 1695 630; baseline -0.008 -8"><span class='ocrx_word' id='word_1_33' title='bbox 208 579 446 628; x_wconf 80' lang='lat' dir='ltr'>rationale,</span> <span class='ocrx_word' id='word_1_34' title='bbox 468 579 571 619; x_wconf 92' lang='lat' dir='ltr'>ideo</span> <span class='ocrx_word' id='word_1_35' title='bbox 595 579 640 618; x_wconf 93' lang='lat' dir='ltr'>in</span> <span class='ocrx_word' id='word_1_36' title='bbox 666 577 878 630; x_wconf 91' lang='lat' dir='ltr'>opposito</span> <span class='ocrx_word' id='word_1_37' title='bbox 904 589 1039 616; x_wconf 90' lang='lat' dir='ltr'>sensu</span> <span class='ocrx_word' id='word_1_38' title='bbox 1066 588 1144 628; x_wconf 91' lang='lat' dir='ltr'>per</span> <span class='ocrx_word' id='word_1_39' title='bbox 1169 573 1294 614; x_wconf 90' lang='lat' dir='ltr'>illum</span> <span class='ocrx_word' id='word_1_40' title='bbox 1321 571 1600 625; x_wconf 86' lang='lat' dir='ltr'>significatur</span> <span class='ocrx_word' id='word_1_41' title='bbox 1625 584 1695 611; x_wconf 91' lang='lat' dir='ltr'>ra-</span> 
     </span>
     <span class='ocr_line' id='line_1_8' title="bbox 209 633 1696 694; baseline -0.007 -10"><span class='ocrx_word' id='word_1_42' title='bbox 209 643 472 692; x_wconf 88' lang='lat' dir='ltr'>tiocinatio;</span> <span class='ocrx_word' id='word_1_43' title='bbox 515 654 593 694; x_wconf 91' lang='lat' dir='ltr'>per</span> <span class='ocrx_word' id='word_1_44' title='bbox 622 635 1018 680; x_wconf 61' lang='lat' dir='ltr'>ratiocinationem</span> <span class='ocrx_word' id='word_1_45' title='bbox 1056 637 1129 678; x_wconf 90' lang='lat' dir='ltr'>hic</span> <span class='ocrx_word' id='word_1_46' title='bbox 1166 635 1437 688; x_wconf 86' lang='lat' dir='ltr'>intelligitur</span> <span class='ocrx_word' id='word_1_47' title='bbox 1473 633 1696 687; x_wconf 87' lang='lat' dir='ltr'>cogitatio</span> 
     </span>
     <span class='ocr_line' id='line_1_9' title="bbox 210 695 1694 758; baseline -0.007 -12"><span class='ocrx_word' id='word_1_48' title='bbox 210 711 259 746; x_wconf 90' lang='lat' dir='ltr'>et</span> <span class='ocrx_word' id='word_1_49' title='bbox 283 704 620 758; x_wconf 88' lang='lat' dir='ltr'>argumentatio</span> <span class='ocrx_word' id='word_1_50' title='bbox 646 716 706 743; x_wconf 88' lang='lat' dir='ltr'>ex</span> <span class='ocrx_word' id='word_1_51' title='bbox 731 701 918 742; x_wconf 87' lang='lat' dir='ltr'>fallaciis</span> <span class='ocrx_word' id='word_1_52' title='bbox 944 707 991 741; x_wconf 93' lang='lat' dir='ltr'>et</span> <span class='ocrx_word' id='word_1_53' title='bbox 1015 714 1075 741; x_wconf 85' lang='lat' dir='ltr'>ex</span> <span class='ocrx_word' id='word_1_54' title='bbox 1096 699 1245 749; x_wconf 83' lang='lat' dir='ltr'>falsis;</span> <span class='ocrx_word' id='word_1_55' title='bbox 1279 705 1326 739; x_wconf 89' lang='lat' dir='ltr'>at</span> <span class='ocrx_word' id='word_1_56' title='bbox 1354 711 1432 751; x_wconf 89' lang='lat' dir='ltr'>per</span> <span class='ocrx_word' id='word_1_57' title='bbox 1456 695 1694 742; x_wconf 86' lang='lat' dir='ltr'>rationale,</span> 
     </span>
     <span class='ocr_line' id='line_1_10' title="bbox 209 761 1695 821; baseline -0.007 -12"><span class='ocrx_word' id='word_1_58' title='bbox 209 768 432 821; x_wconf 86' lang='lat' dir='ltr'>cogitatio</span> <span class='ocrx_word' id='word_1_59' title='bbox 457 772 504 808; x_wconf 92' lang='lat' dir='ltr'>et</span> <span class='ocrx_word' id='word_1_60' title='bbox 535 765 873 819; x_wconf 88' lang='lat' dir='ltr'>argumentatio</span> <span class='ocrx_word' id='word_1_61' title='bbox 899 778 958 804; x_wconf 87' lang='lat' dir='ltr'>ex</span> <span class='ocrx_word' id='word_1_62' title='bbox 985 763 1185 804; x_wconf 83' lang='lat' dir='ltr'>scientiis</span> <span class='ocrx_word' id='word_1_63' title='bbox 1216 768 1262 802; x_wconf 94' lang='lat' dir='ltr'>et</span> <span class='ocrx_word' id='word_1_64' title='bbox 1295 775 1354 802; x_wconf 89' lang='lat' dir='ltr'>ex</span> <span class='ocrx_word' id='word_1_65' title='bbox 1380 761 1523 801; x_wconf 88' lang='lat' dir='ltr'>veris:</span> <span class='ocrx_word' id='word_1_66' title='bbox 1561 771 1695 799; x_wconf 90' lang='lat' dir='ltr'>omne</span> 
     </span>
     <span class='ocr_line' id='line_1_11' title="bbox 209 823 1696 880; baseline -0.007 -9"><span class='ocrx_word' id='word_1_67' title='bbox 209 831 329 871; x_wconf 89' lang='lat' dir='ltr'>enim</span> <span class='ocrx_word' id='word_1_68' title='bbox 367 828 588 870; x_wconf 91' lang='lat' dir='ltr'>rationale</span> <span class='ocrx_word' id='word_1_69' title='bbox 627 827 853 869; x_wconf 85' lang='lat' dir='ltr'>excolitur</span> <span class='ocrx_word' id='word_1_70' title='bbox 889 840 968 880; x_wconf 89' lang='lat' dir='ltr'>per</span> <span class='ocrx_word' id='word_1_71' title='bbox 1004 826 1231 873; x_wconf 84' lang='lat' dir='ltr'>scientias,</span> <span class='ocrx_word' id='word_1_72' title='bbox 1269 830 1316 865; x_wconf 91' lang='lat' dir='ltr'>et</span> <span class='ocrx_word' id='word_1_73' title='bbox 1358 823 1575 863; x_wconf 87' lang='lat' dir='ltr'>formatur</span> <span class='ocrx_word' id='word_1_74' title='bbox 1617 835 1696 875; x_wconf 89' lang='lat' dir='ltr'>per</span> 
     </span>
     <span class='ocr_line' id='line_1_12' title="bbox 209 885 1696 946; baseline -0.007 -12"><span class='ocrx_word' id='word_1_75' title='bbox 209 907 343 944; x_wconf 88' lang='lat' dir='ltr'>vera;</span> <span class='ocrx_word' id='word_1_76' title='bbox 390 906 526 946; x_wconf 90' lang='lat' dir='ltr'>quare</span> <span class='ocrx_word' id='word_1_77' title='bbox 571 892 607 931; x_wconf 91' lang='lat' dir='ltr'>is</span> <span class='ocrx_word' id='word_1_78' title='bbox 651 896 841 931; x_wconf 90' lang='lat' dir='ltr'>vocatur</span> <span class='ocrx_word' id='word_1_79' title='bbox 879 888 1115 930; x_wconf 88' lang='lat' dir='ltr'>rationalis</span> <span class='ocrx_word' id='word_1_80' title='bbox 1161 888 1299 928; x_wconf 93' lang='lat' dir='ltr'>homo</span> <span class='ocrx_word' id='word_1_81' title='bbox 1335 887 1409 940; x_wconf 91' lang='lat' dir='ltr'>qui</span> <span class='ocrx_word' id='word_1_82' title='bbox 1449 885 1627 926; x_wconf 89' lang='lat' dir='ltr'>ducitur</span> <span class='ocrx_word' id='word_1_83' title='bbox 1669 897 1696 924; x_wconf 91' lang='lat' dir='ltr'>a</span> 
     </span>
     <span class='ocr_line' id='line_1_13' title="bbox 208 947 1695 1008; baseline -0.007 -11"><span class='ocrx_word' id='word_1_84' title='bbox 208 957 339 1004; x_wconf 87' lang='lat' dir='ltr'>veris,</span> <span class='ocrx_word' id='word_1_85' title='bbox 367 969 445 996; x_wconf 91' lang='lat' dir='ltr'>seu</span> <span class='ocrx_word' id='word_1_86' title='bbox 476 967 608 1008; x_wconf 90' lang='lat' dir='ltr'>quem</span> <span class='ocrx_word' id='word_1_87' title='bbox 634 967 740 995; x_wconf 92' lang='lat' dir='ltr'>vera</span> <span class='ocrx_word' id='word_1_88' title='bbox 765 953 963 1003; x_wconf 90' lang='lat' dir='ltr'>ducunt;</span> <span class='ocrx_word' id='word_1_89' title='bbox 996 959 1044 992; x_wconf 87' lang='lat' dir='ltr'>at</span> <span class='ocrx_word' id='word_1_90' title='bbox 1070 952 1209 992; x_wconf 91' lang='lat' dir='ltr'>homo</span> <span class='ocrx_word' id='word_1_91' title='bbox 1236 964 1327 991; x_wconf 91' lang='lat' dir='ltr'>non</span> <span class='ocrx_word' id='word_1_92' title='bbox 1353 947 1588 990; x_wconf 88' lang='lat' dir='ltr'>rationalis</span> <span class='ocrx_word' id='word_1_93' title='bbox 1614 947 1695 988; x_wconf 87' lang='lat' dir='ltr'>da·</span> 
     </span>
     <span class='ocr_line' id='line_1_14' title="bbox 209 1011 1695 1070; baseline -0.007 -10"><span class='ocrx_word' id='word_1_94' title='bbox 209 1025 283 1059; x_wconf 88' lang='lat' dir='ltr'>tur</span> <span class='ocrx_word' id='word_1_95' title='bbox 303 1019 592 1065; x_wconf 88' lang='lat' dir='ltr'>ratiocinans,</span> <span class='ocrx_word' id='word_1_96' title='bbox 612 1031 691 1070; x_wconf 90' lang='lat' dir='ltr'>per</span> <span class='ocrx_word' id='word_1_97' title='bbox 711 1017 834 1056; x_wconf 87' lang='lat' dir='ltr'>varia</span> <span class='ocrx_word' id='word_1_98' title='bbox 855 1016 974 1056; x_wconf 91' lang='lat' dir='ltr'>enim</span> <span class='ocrx_word' id='word_1_99' title='bbox 996 1014 1231 1055; x_wconf 90' lang='lat' dir='ltr'>ratiocinia</span> <span class='ocrx_word' id='word_1_100' title='bbox 1253 1011 1518 1054; x_wconf 85' lang='lat' dir='ltr'>confirmare</span> <span class='ocrx_word' id='word_1_101' title='bbox 1540 1016 1695 1064; x_wconf 89' lang='lat' dir='ltr'>potest</span> 
     </span>
     <span class='ocr_line' id='line_1_15' title="bbox 209 1072 1695 1134; baseline -0.005 -13"><span class='ocrx_word' id='word_1_102' title='bbox 209 1081 337 1130; x_wconf 86' lang='lat' dir='ltr'>salsa,</span> <span class='ocrx_word' id='word_1_103' title='bbox 375 1087 422 1121; x_wconf 93' lang='lat' dir='ltr'>et</span> <span class='ocrx_word' id='word_1_104' title='bbox 458 1094 634 1134; x_wconf 91' lang='lat' dir='ltr'>quoque</span> <span class='ocrx_word' id='word_1_105' title='bbox 668 1079 877 1120; x_wconf 90' lang='lat' dir='ltr'>inducere</span> <span class='ocrx_word' id='word_1_106' title='bbox 914 1077 1190 1131; x_wconf 86' lang='lat' dir='ltr'>simplicibus</span> <span class='ocrx_word' id='word_1_107' title='bbox 1227 1076 1410 1118; x_wconf 92' lang='lat' dir='ltr'>credere</span> <span class='ocrx_word' id='word_1_108' title='bbox 1446 1074 1537 1122; x_wconf 92' lang='lat' dir='ltr'>illa,</span> <span class='ocrx_word' id='word_1_109' title='bbox 1574 1072 1695 1127; x_wconf 93' lang='lat' dir='ltr'>quod</span> 
     </span>
     <span class='ocr_line' id='line_1_16' title="bbox 210 1136 1695 1197; baseline -0.005 -13"><span class='ocrx_word' id='word_1_110' title='bbox 210 1143 447 1197; x_wconf 88' lang='lat' dir='ltr'>praecipue</span> <span class='ocrx_word' id='word_1_111' title='bbox 473 1142 523 1183; x_wconf 88' lang='lat' dir='ltr'>fit</span> <span class='ocrx_word' id='word_1_112' title='bbox 550 1156 628 1196; x_wconf 90' lang='lat' dir='ltr'>per</span> <span class='ocrx_word' id='word_1_113' title='bbox 648 1141 849 1182; x_wconf 87' lang='lat' dir='ltr'>fallacias</span> <span class='ocrx_word' id='word_1_114' title='bbox 872 1153 1097 1189; x_wconf 89' lang='lat' dir='ltr'>sensuum,</span> <span class='ocrx_word' id='word_1_115' title='bbox 1122 1140 1178 1180; x_wconf 92' lang='lat' dir='ltr'>de</span> <span class='ocrx_word' id='word_1_116' title='bbox 1201 1139 1359 1193; x_wconf 90' lang='lat' dir='ltr'>quibus</span> <span class='ocrx_word' id='word_1_117' title='bbox 1381 1137 1504 1178; x_wconf 81' lang='lat' dir='ltr'>infra.</span> <span class='ocrx_word' id='word_1_118' title='bbox 1568 1136 1695 1176; x_wconf 90' lang='lat' dir='ltr'>Haec</span> 
     </span>
     <span class='ocr_line' id='line_1_17' title="bbox 209 1199 1697 1259; baseline -0.005 -12"><span class='ocrx_word' id='word_1_119' title='bbox 209 1206 497 1247; x_wconf 89' lang='lat' dir='ltr'>ratiocinatio</span> <span class='ocrx_word' id='word_1_120' title='bbox 528 1219 607 1259; x_wconf 91' lang='lat' dir='ltr'>per</span> <span class='ocrx_word' id='word_1_121' title='bbox 640 1204 861 1245; x_wconf 89' lang='lat' dir='ltr'>“fluvium</span> <span class='ocrx_word' id='word_1_122' title='bbox 893 1202 1207 1256; x_wconf 88' lang='lat' dir='ltr'>Euphratem’‘</span> <span class='ocrx_word' id='word_1_123' title='bbox 1239 1200 1519 1255; x_wconf 88' lang='lat' dir='ltr'>significatur</span> <span class='ocrx_word' id='word_1_124' title='bbox 1550 1199 1593 1240; x_wconf 91' lang='lat' dir='ltr'>in</span> <span class='ocrx_word' id='word_1_125' title='bbox 1626 1212 1697 1239; x_wconf 91' lang='lat' dir='ltr'>se-</span> 
     </span>
     <span class='ocr_line' id='line_1_18' title="bbox 210 1266 1103 1322; baseline -0.003 -13"><span class='ocrx_word' id='word_1_126' title='bbox 210 1268 450 1322; x_wconf 89' lang='lat' dir='ltr'>quentibus</span> <span class='ocrx_word' id='word_1_127' title='bbox 476 1266 811 1320; x_wconf 80' lang='lat' dir='ltr'>locisz—Apud</span> <span class='ocrx_word' id='word_1_128' title='bbox 838 1266 1103 1315; x_wconf 80' lang='lat' dir='ltr'>Jeremiam,</span> 
     </span>
    </p>
   </div>
   <div class='ocr_carea' id='block_1_6' title="bbox 277 1359 1698 1448">
    <p class='ocr_par' dir='ltr' id='par_1_6' title="bbox 277 1359 1698 1448">
     <span class='ocr_line' id='line_1_19' title="bbox 277 1359 1698 1405; baseline -0.004 -10"><span class='ocrx_word' id='word_1_129' title='bbox 277 1365 296 1378; x_wconf 80' lang='lat'>&#39;⁰</span> <span class='ocrx_word' id='word_1_130' title='bbox 306 1363 400 1405; x_wconf 79' lang='lat' dir='ltr'>Quid</span> <span class='ocrx_word' id='word_1_131' title='bbox 417 1364 481 1395; x_wconf 88' lang='lat' dir='ltr'>tibi</span> <span class='ocrx_word' id='word_1_132' title='bbox 498 1373 578 1395; x_wconf 90' lang='lat' dir='ltr'>cum</span> <span class='ocrx_word' id='word_1_133' title='bbox 596 1363 654 1394; x_wconf 92' lang='lat' dir='ltr'>via</span> <span class='ocrx_word' id='word_1_134' title='bbox 670 1363 837 1403; x_wconf 87' lang='lat' dir='ltr'>Aegypti,</span> <span class='ocrx_word' id='word_1_135' title='bbox 850 1368 890 1394; x_wconf 90' lang='lat' dir='ltr'>ut</span> <span class='ocrx_word' id='word_1_136' title='bbox 902 1363 1005 1393; x_wconf 89' lang='lat' dir='ltr'>bibas</span> <span class='ocrx_word' id='word_1_137' title='bbox 1015 1371 1127 1402; x_wconf 86' lang='lat' dir='ltr'>aquas</span> <span class='ocrx_word' id='word_1_138' title='bbox 1141 1361 1367 1393; x_wconf 85' lang='lat' dir='ltr'>Schichoris?</span> <span class='ocrx_word' id='word_1_139' title='bbox 1389 1366 1425 1392; x_wconf 85' lang='lat' dir='ltr'>et</span> <span class='ocrx_word' id='word_1_140' title='bbox 1437 1359 1521 1401; x_wconf 91' lang='lat' dir='ltr'>quid</span> <span class='ocrx_word' id='word_1_141' title='bbox 1539 1359 1603 1391; x_wconf 90' lang='lat' dir='ltr'>tibi</span> <span class='ocrx_word' id='word_1_142' title='bbox 1617 1368 1698 1391; x_wconf 89' lang='lat' dir='ltr'>cum</span> 
     </span>
     <span class='ocr_line' id='line_1_20' title="bbox 377 1405 1256 1448; baseline -0.005 -9"><span class='ocrx_word' id='word_1_143' title='bbox 377 1407 437 1439; x_wconf 87' lang='lat' dir='ltr'>via</span> <span class='ocrx_word' id='word_1_144' title='bbox 450 1406 631 1448; x_wconf 87' lang='lat' dir='ltr'>Assyriae,</span> <span class='ocrx_word' id='word_1_145' title='bbox 646 1413 685 1438; x_wconf 92' lang='lat' dir='ltr'>ut</span> <span class='ocrx_word' id='word_1_146' title='bbox 700 1407 803 1438; x_wconf 87' lang='lat' dir='ltr'>bibas</span> <span class='ocrx_word' id='word_1_147' title='bbox 820 1415 931 1447; x_wconf 89' lang='lat' dir='ltr'>aquas</span> <span class='ocrx_word' id='word_1_148' title='bbox 948 1405 1091 1438; x_wconf 84' lang='lat' dir='ltr'>fluvii?”</span> <span class='ocrx_word' id='word_1_149' title='bbox 1108 1405 1157 1444; x_wconf 88' lang='grc' dir='ltr'>(ἰί.</span> <span class='ocrx_word' id='word_1_150' title='bbox 1181 1406 1218 1436; x_wconf 93' lang='lat'>18</span> <span class='ocrx_word' id='word_1_151' title='bbox 1233 1407 1256 1444; x_wconf 76' lang='lat' dir='ltr'>z)</span> 
     </span>
    </p>
   </div>
   <div class='ocr_carea' id='block_1_7' title="bbox 210 1498 1699 1867">
    <p class='ocr_par' dir='ltr' id='par_1_7' title="bbox 210 1498 1699 1867">
     <span class='ocr_line' id='line_1_21' title="bbox 210 1498 1699 1556; baseline -0.003 -13"><span class='ocrx_word' id='word_1_152' title='bbox 210 1516 290 1556; x_wconf 91' lang='lat' dir='ltr'>per</span> <span class='ocrx_word' id='word_1_153' title='bbox 314 1501 426 1543; x_wconf 87' lang='lat' dir='ltr'>haec</span> <span class='ocrx_word' id='word_1_154' title='bbox 448 1501 727 1555; x_wconf 86' lang='lat' dir='ltr'>significatur</span> <span class='ocrx_word' id='word_1_155' title='bbox 748 1501 867 1554; x_wconf 91' lang='lat' dir='ltr'>quod</span> <span class='ocrx_word' id='word_1_156' title='bbox 891 1514 981 1541; x_wconf 91' lang='lat' dir='ltr'>non</span> <span class='ocrx_word' id='word_1_157' title='bbox 1004 1500 1323 1553; x_wconf 88' lang='lat' dir='ltr'>investiganda</span> <span class='ocrx_word' id='word_1_158' title='bbox 1341 1500 1430 1540; x_wconf 89' lang='lat' dir='ltr'>sint</span> <span class='ocrx_word' id='word_1_159' title='bbox 1450 1498 1699 1552; x_wconf 88' lang='lat' dir='ltr'>spiritualia</span> 
     </span>
     <span class='ocr_line' id='line_1_22' title="bbox 211 1561 1695 1618; baseline -0.003 -13"><span class='ocrx_word' id='word_1_160' title='bbox 211 1578 291 1618; x_wconf 88' lang='lat' dir='ltr'>per</span> <span class='ocrx_word' id='word_1_161' title='bbox 320 1564 566 1605; x_wconf 86' lang='lat' dir='ltr'>scientifica</span> <span class='ocrx_word' id='word_1_162' title='bbox 598 1564 816 1604; x_wconf 89' lang='lat' dir='ltr'>naturalis</span> <span class='ocrx_word' id='word_1_163' title='bbox 847 1564 1041 1604; x_wconf 90' lang='lat' dir='ltr'>hominis</span> <span class='ocrx_word' id='word_1_164' title='bbox 1074 1576 1156 1603; x_wconf 91' lang='lat' dir='ltr'>nec</span> <span class='ocrx_word' id='word_1_165' title='bbox 1195 1576 1273 1616; x_wconf 89' lang='lat' dir='ltr'>per</span> <span class='ocrx_word' id='word_1_166' title='bbox 1309 1562 1546 1603; x_wconf 88' lang='lat' dir='ltr'>ratiocinia</span> <span class='ocrx_word' id='word_1_167' title='bbox 1576 1561 1695 1608; x_wconf 92' lang='lat' dir='ltr'>inde,</span> 
     </span>
     <span class='ocr_line' id='line_1_23' title="bbox 212 1623 1695 1680; baseline -0.003 -13"><span class='ocrx_word' id='word_1_168' title='bbox 212 1627 291 1667; x_wconf 92' lang='lat' dir='ltr'>sed</span> <span class='ocrx_word' id='word_1_169' title='bbox 323 1640 402 1680; x_wconf 89' lang='lat' dir='ltr'>per</span> <span class='ocrx_word' id='word_1_170' title='bbox 426 1626 642 1674; x_wconf 87' lang='lat' dir='ltr'>Verbum,</span> <span class='ocrx_word' id='word_1_171' title='bbox 670 1627 734 1667; x_wconf 92' lang='lat' dir='ltr'>ita</span> <span class='ocrx_word' id='word_1_172' title='bbox 765 1641 789 1667; x_wconf 91' lang='lat' dir='ltr'>e</span> <span class='ocrx_word' id='word_1_173' title='bbox 821 1626 949 1667; x_wconf 85' lang='lat' dir='ltr'>caelo</span> <span class='ocrx_word' id='word_1_174' title='bbox 980 1640 1006 1666; x_wconf 92' lang='lat' dir='ltr'>a</span> <span class='ocrx_word' id='word_1_175' title='bbox 1038 1626 1261 1675; x_wconf 87' lang='lat' dir='ltr'>Domin0;</span> <span class='ocrx_word' id='word_1_176' title='bbox 1299 1626 1372 1678; x_wconf 88' lang='lat' dir='ltr'>qui</span> <span class='ocrx_word' id='word_1_177' title='bbox 1404 1625 1523 1665; x_wconf 90' lang='lat' dir='ltr'>enim</span> <span class='ocrx_word' id='word_1_178' title='bbox 1555 1624 1599 1664; x_wconf 91' lang='lat' dir='ltr'>in</span> <span class='ocrx_word' id='word_1_179' title='bbox 1630 1623 1695 1664; x_wconf 87' lang='lat' dir='ltr'>af-</span> 
     </span>
     <span class='ocr_line' id='line_1_24' title="bbox 213 1686 1697 1742; baseline -0.003 -12"><span class='ocrx_word' id='word_1_180' title='bbox 213 1687 406 1730; x_wconf 63' lang='lat' dir='ltr'>fectione</span> <span class='ocrx_word' id='word_1_181' title='bbox 452 1696 499 1729; x_wconf 91' lang='lat' dir='ltr'>et</span> <span class='ocrx_word' id='word_1_182' title='bbox 544 1690 648 1730; x_wconf 90' lang='lat' dir='ltr'>inde</span> <span class='ocrx_word' id='word_1_183' title='bbox 688 1690 970 1742; x_wconf 90' lang='lat' dir='ltr'>cogitatione</span> <span class='ocrx_word' id='word_1_184' title='bbox 1011 1688 1229 1741; x_wconf 88' lang='lat' dir='ltr'>spirituali</span> <span class='ocrx_word' id='word_1_185' title='bbox 1271 1694 1390 1735; x_wconf 87' lang='lat' dir='ltr'>sunt,</span> <span class='ocrx_word' id='word_1_186' title='bbox 1432 1686 1495 1727; x_wconf 92' lang='lat' dir='ltr'>illi</span> <span class='ocrx_word' id='word_1_187' title='bbox 1540 1686 1697 1727; x_wconf 91' lang='lat' dir='ltr'>vident</span> 
     </span>
     <span class='ocr_line' id='line_1_25' title="bbox 213 1749 1698 1792; baseline -0.001 0"><span class='ocrx_word' id='word_1_188' title='bbox 213 1750 460 1792; x_wconf 89' lang='lat' dir='ltr'>scientifica</span> <span class='ocrx_word' id='word_1_189' title='bbox 486 1751 701 1792; x_wconf 88' lang='lat' dir='ltr'>naturalis</span> <span class='ocrx_word' id='word_1_190' title='bbox 728 1751 923 1792; x_wconf 89' lang='lat' dir='ltr'>hominis</span> <span class='ocrx_word' id='word_1_191' title='bbox 954 1764 1005 1792; x_wconf 89' lang='lat' dir='ltr'>ac</span> <span class='ocrx_word' id='word_1_192' title='bbox 1037 1751 1273 1791; x_wconf 85' lang='lat' dir='ltr'>ratiocinia</span> <span class='ocrx_word' id='word_1_193' title='bbox 1304 1750 1408 1790; x_wconf 92' lang='lat' dir='ltr'>inde</span> <span class='ocrx_word' id='word_1_194' title='bbox 1440 1751 1554 1790; x_wconf 88' lang='lat' dir='ltr'>sicut</span> <span class='ocrx_word' id='word_1_195' title='bbox 1586 1749 1698 1790; x_wconf 87' lang='lat' dir='ltr'>infra</span> 
     </span>
     <span class='ocr_line' id='line_1_26' title="bbox 213 1812 1697 1867; baseline -0.002 -12"><span class='ocrx_word' id='word_1_196' title='bbox 213 1828 276 1863; x_wconf 90' lang='lat' dir='ltr'>se,</span> <span class='ocrx_word' id='word_1_197' title='bbox 293 1820 342 1855; x_wconf 91' lang='lat' dir='ltr'>at</span> <span class='ocrx_word' id='word_1_198' title='bbox 363 1828 423 1855; x_wconf 85' lang='lat' dir='ltr'>ex</span> <span class='ocrx_word' id='word_1_199' title='bbox 441 1814 509 1854; x_wconf 88' lang='lat' dir='ltr'>his</span> <span class='ocrx_word' id='word_1_200' title='bbox 526 1814 678 1855; x_wconf 89' lang='lat' dir='ltr'>videre</span> <span class='ocrx_word' id='word_1_201' title='bbox 692 1813 940 1867; x_wconf 91' lang='lat' dir='ltr'>spiritualia</span> <span class='ocrx_word' id='word_1_202' title='bbox 955 1826 1089 1854; x_wconf 88' lang='lat' dir='ltr'>nemo</span> <span class='ocrx_word' id='word_1_203' title='bbox 1107 1819 1260 1866; x_wconf 91' lang='lat' dir='ltr'>potest</span> <span class='ocrx_word' id='word_1_204' title='bbox 1279 1827 1288 1861; x_wconf 88' lang='lat'>;</span> <span class='ocrx_word' id='word_1_205' title='bbox 1321 1827 1379 1853; x_wconf 86' lang='lat' dir='ltr'>ex</span> <span class='ocrx_word' id='word_1_206' title='bbox 1394 1812 1491 1853; x_wconf 92' lang='lat' dir='ltr'>alto</span> <span class='ocrx_word' id='word_1_207' title='bbox 1506 1819 1697 1866; x_wconf 91' lang='lat' dir='ltr'>possunt</span> 
     </span>
    </p>
   </div>
   <div class='ocr_carea' id='block_1_8' title="bbox 151 1876 1699 1930">
    <p class='ocr_par' dir='ltr' id='par_1_8' title="bbox 151 1876 1699 1930">
     <span class='ocr_line' id='line_1_27' title="bbox 151 1876 1699 1930; baseline -0.001 -13"><span class='ocrx_word' id='word_1_208' title='bbox 151 1896 169 1910; x_wconf 61' lang='grc' dir='ltr'>ι’</span> <span class='ocrx_word' id='word_1_209' title='bbox 189 1877 407 1930; x_wconf 81' lang='lat' dir='ltr'>‘prospici</span> <span class='ocrx_word' id='word_1_210' title='bbox 438 1876 644 1918; x_wconf 87' lang='lat' dir='ltr'>inferiora</span> <span class='ocrx_word' id='word_1_211' title='bbox 670 1877 982 1929; x_wconf 90' lang='lat' dir='ltr'>undequaque,</span> <span class='ocrx_word' id='word_1_212' title='bbox 1010 1883 1056 1916; x_wconf 91' lang='lat' dir='ltr'>et</span> <span class='ocrx_word' id='word_1_213' title='bbox 1084 1889 1174 1916; x_wconf 91' lang='lat' dir='ltr'>non</span> <span class='ocrx_word' id='word_1_214' title='bbox 1200 1877 1297 1916; x_wconf 91' lang='lat' dir='ltr'>vice</span> <span class='ocrx_word' id='word_1_215' title='bbox 1323 1888 1477 1915; x_wconf 86' lang='lat' dir='ltr'>versa:</span> <span class='ocrx_word' id='word_1_216' title='bbox 1511 1876 1699 1916; x_wconf 91' lang='lat' dir='ltr'>investi-</span> 
     </span>
    </p>
   </div>
   <div class='ocr_carea' id='block_1_9' title="bbox 213 1937 1703 2443">
    <p class='ocr_par' dir='ltr' id='par_1_9' title="bbox 213 1937 1701 2364">
     <span class='ocr_line' id='line_1_28' title="bbox 213 1937 1701 1993; baseline -0.001 -13"><span class='ocrx_word' id='word_1_217' title='bbox 213 1953 322 1992; x_wconf 90' lang='lat' dir='ltr'>gare</span> <span class='ocrx_word' id='word_1_218' title='bbox 339 1939 588 1993; x_wconf 87' lang='lat' dir='ltr'>spiritualia</span> <span class='ocrx_word' id='word_1_219' title='bbox 610 1953 688 1992; x_wconf 90' lang='lat' dir='ltr'>per</span> <span class='ocrx_word' id='word_1_220' title='bbox 709 1938 957 1980; x_wconf 87' lang='lat' dir='ltr'>scientifica</span> <span class='ocrx_word' id='word_1_221' title='bbox 975 1939 1191 1979; x_wconf 89' lang='lat' dir='ltr'>naturalis</span> <span class='ocrx_word' id='word_1_222' title='bbox 1209 1938 1403 1979; x_wconf 89' lang='lat' dir='ltr'>hominis</span> <span class='ocrx_word' id='word_1_223' title='bbox 1422 1937 1701 1991; x_wconf 88' lang='lat' dir='ltr'>significatur</span> 
     </span>
     <span class='ocr_line' id='line_1_29' title="bbox 213 2000 1699 2056; baseline -0.001 -13"><span class='ocrx_word' id='word_1_224' title='bbox 213 2016 294 2056; x_wconf 90' lang='lat' dir='ltr'>per</span> <span class='ocrx_word' id='word_1_225' title='bbox 320 2001 479 2055; x_wconf 84' lang='lat' dir='ltr'>“Quid</span> <span class='ocrx_word' id='word_1_226' title='bbox 511 2002 592 2042; x_wconf 92' lang='lat' dir='ltr'>tibi</span> <span class='ocrx_word' id='word_1_227' title='bbox 618 2015 719 2042; x_wconf 89' lang='lat' dir='ltr'>cum</span> <span class='ocrx_word' id='word_1_228' title='bbox 745 2003 818 2042; x_wconf 90' lang='lat' dir='ltr'>via</span> <span class='ocrx_word' id='word_1_229' title='bbox 840 2001 1060 2054; x_wconf 87' lang='lat' dir='ltr'>Aegypti,</span> <span class='ocrx_word' id='word_1_230' title='bbox 1089 2008 1138 2041; x_wconf 91' lang='lat' dir='ltr'>ut</span> <span class='ocrx_word' id='word_1_231' title='bbox 1164 2001 1291 2041; x_wconf 88' lang='lat' dir='ltr'>bibas</span> <span class='ocrx_word' id='word_1_232' title='bbox 1314 2015 1453 2054; x_wconf 90' lang='lat' dir='ltr'>aquas</span> <span class='ocrx_word' id='word_1_233' title='bbox 1480 2000 1699 2042; x_wconf 87' lang='lat' dir='ltr'>Schicho-</span> 
     </span>
     <span class='ocr_line' id='line_1_30' title="bbox 213 2063 1699 2118; baseline -0.001 -13"><span class='ocrx_word' id='word_1_234' title='bbox 213 2065 272 2105; x_wconf 92' lang='lat' dir='ltr'>ris</span> <span class='ocrx_word' id='word_1_235' title='bbox 287 2064 327 2104; x_wconf 89' lang='lat'>?&#39;’</span> <span class='ocrx_word' id='word_1_236' title='bbox 357 2071 404 2105; x_wconf 92' lang='lat' dir='ltr'>et</span> <span class='ocrx_word' id='word_1_237' title='bbox 426 2078 504 2118; x_wconf 92' lang='lat' dir='ltr'>per</span> <span class='ocrx_word' id='word_1_238' title='bbox 526 2065 760 2104; x_wconf 90' lang='lat' dir='ltr'>ratiocinia</span> <span class='ocrx_word' id='word_1_239' title='bbox 782 2064 900 2112; x_wconf 90' lang='lat' dir='ltr'>inde,</span> <span class='ocrx_word' id='word_1_240' title='bbox 920 2063 1198 2116; x_wconf 87' lang='lat' dir='ltr'>significatur</span> <span class='ocrx_word' id='word_1_241' title='bbox 1219 2078 1297 2117; x_wconf 93' lang='lat' dir='ltr'>per</span> <span class='ocrx_word' id='word_1_242' title='bbox 1318 2063 1476 2116; x_wconf 83' lang='lat' dir='ltr'>“Quid</span> <span class='ocrx_word' id='word_1_243' title='bbox 1498 2063 1580 2104; x_wconf 90' lang='lat' dir='ltr'>tibi</span> <span class='ocrx_word' id='word_1_244' title='bbox 1598 2076 1699 2104; x_wconf 91' lang='lat' dir='ltr'>cum</span> 
     </span>
     <span class='ocr_line' id='line_1_31' title="bbox 213 2125 1699 2180; baseline -0.001 -13"><span class='ocrx_word' id='word_1_245' title='bbox 213 2128 287 2167; x_wconf 90' lang='lat' dir='ltr'>via</span> <span class='ocrx_word' id='word_1_246' title='bbox 317 2126 549 2179; x_wconf 89' lang='lat' dir='ltr'>Assyriae,</span> <span class='ocrx_word' id='word_1_247' title='bbox 567 2133 615 2167; x_wconf 88' lang='lat' dir='ltr'>ut</span> <span class='ocrx_word' id='word_1_248' title='bbox 647 2126 774 2167; x_wconf 91' lang='lat' dir='ltr'>bibas</span> <span class='ocrx_word' id='word_1_249' title='bbox 806 2140 944 2180; x_wconf 88' lang='lat' dir='ltr'>aquas</span> <span class='ocrx_word' id='word_1_250' title='bbox 975 2125 1092 2166; x_wconf 89' lang='lat' dir='ltr'>fluvii</span> <span class='ocrx_word' id='word_1_251' title='bbox 1108 2126 1146 2165; x_wconf 87' lang='lat'>?”</span> <span class='ocrx_word' id='word_1_252' title='bbox 1186 2125 1501 2179; x_wconf 84' lang='lat' dir='ltr'>“Aegyptus&#39;’</span> <span class='ocrx_word' id='word_1_253' title='bbox 1526 2132 1574 2167; x_wconf 88' lang='lat' dir='ltr'>et</span> <span class='ocrx_word' id='word_1_254' title='bbox 1605 2125 1699 2178; x_wconf 91' lang='lat' dir='ltr'>ejus</span> 
     </span>
     <span class='ocr_line' id='line_1_32' title="bbox 214 2188 1697 2243; baseline -0.001 -13"><span class='ocrx_word' id='word_1_255' title='bbox 214 2189 379 2230; x_wconf 89' lang='lat' dir='ltr'>flumen</span> <span class='ocrx_word' id='word_1_256' title='bbox 410 2188 666 2242; x_wconf 86' lang='lat' dir='ltr'>significant</span> <span class='ocrx_word' id='word_1_257' title='bbox 704 2188 951 2229; x_wconf 86' lang='lat' dir='ltr'>scientifica</span> <span class='ocrx_word' id='word_1_258' title='bbox 988 2189 1205 2228; x_wconf 91' lang='lat' dir='ltr'>naturalis</span> <span class='ocrx_word' id='word_1_259' title='bbox 1242 2188 1451 2236; x_wconf 86' lang='lat' dir='ltr'>hominis,</span> <span class='ocrx_word' id='word_1_260' title='bbox 1485 2195 1531 2229; x_wconf 90' lang='lat' dir='ltr'>et</span> <span class='ocrx_word' id='word_1_261' title='bbox 1566 2188 1697 2243; x_wconf 80' lang='lat' dir='ltr'>“As-</span> 
     </span>
     <span class='ocr_line' id='line_1_33' title="bbox 214 2250 1700 2305; baseline -0.001 -12"><span class='ocrx_word' id='word_1_262' title='bbox 214 2251 363 2304; x_wconf 87' lang='lat' dir='ltr'>syria”</span> <span class='ocrx_word' id='word_1_263' title='bbox 388 2258 435 2293; x_wconf 93' lang='lat' dir='ltr'>et</span> <span class='ocrx_word' id='word_1_264' title='bbox 462 2253 554 2305; x_wconf 92' lang='lat' dir='ltr'>ejus</span> <span class='ocrx_word' id='word_1_265' title='bbox 580 2251 736 2292; x_wconf 89' lang='lat' dir='ltr'>fluvius</span> <span class='ocrx_word' id='word_1_266' title='bbox 762 2250 1019 2304; x_wconf 85' lang='lat' dir='ltr'>significant</span> <span class='ocrx_word' id='word_1_267' title='bbox 1052 2252 1288 2292; x_wconf 90' lang='lat' dir='ltr'>ratiocinia</span> <span class='ocrx_word' id='word_1_268' title='bbox 1313 2265 1372 2292; x_wconf 87' lang='lat' dir='ltr'>ex</span> <span class='ocrx_word' id='word_1_269' title='bbox 1399 2251 1500 2292; x_wconf 80' lang='lat' dir='ltr'>illis,</span> <span class='ocrx_word' id='word_1_270' title='bbox 1561 2250 1700 2305; x_wconf 92' lang='lat' dir='ltr'>Apud</span> 
     </span>
     <span class='ocr_line' id='line_1_34' title="bbox 214 2314 418 2364; baseline -0.005 -8"><span class='ocrx_word' id='word_1_271' title='bbox 214 2314 418 2364; x_wconf 86' lang='lat' dir='ltr'>Esaiam,</span> 
     </span>
    </p>

    <p class='ocr_par' dir='ltr' id='par_1_10' title="bbox 281 2402 1703 2443">
     <span class='ocr_line' id='line_1_35' title="bbox 281 2402 1703 2443; baseline 0 -9"><span class='ocrx_word' id='word_1_272' title='bbox 281 2404 300 2417; x_wconf 83' lang='lat'>‘⁴</span> <span class='ocrx_word' id='word_1_273' title='bbox 311 2402 352 2434; x_wconf 89' lang='lat' dir='ltr'>In</span> <span class='ocrx_word' id='word_1_274' title='bbox 370 2404 427 2435; x_wconf 88' lang='lat' dir='ltr'>die</span> <span class='ocrx_word' id='word_1_275' title='bbox 444 2403 506 2435; x_wconf 92' lang='lat' dir='ltr'>illo</span> <span class='ocrx_word' id='word_1_276' title='bbox 520 2403 728 2435; x_wconf 85' lang='lat' dir='ltr'>detondebit</span> <span class='ocrx_word' id='word_1_277' title='bbox 743 2403 921 2434; x_wconf 86' lang='lat' dir='ltr'>Dominus</span> <span class='ocrx_word' id='word_1_278' title='bbox 939 2413 1002 2443; x_wconf 90' lang='lat' dir='ltr'>per</span> <span class='ocrx_word' id='word_1_279' title='bbox 1016 2403 1229 2434; x_wconf 91' lang='lat' dir='ltr'>novaculam</span> <span class='ocrx_word' id='word_1_280' title='bbox 1245 2404 1506 2435; x_wconf 86' lang='lat' dir='ltr'>mercenariam</span> <span class='ocrx_word' id='word_1_281' title='bbox 1521 2403 1556 2435; x_wconf 90' lang='lat' dir='ltr'>in</span> <span class='ocrx_word' id='word_1_282' title='bbox 1571 2403 1703 2435; x_wconf 85' lang='lat' dir='ltr'>transi-</span> 
     </span>
    </p>
   </div>
   <div class='ocr_carea' id='block_1_10' title="bbox 389 2447 1702 2529">
    <p class='ocr_par' dir='ltr' id='par_1_11' title="bbox 389 2447 1702 2529">
     <span class='ocr_line' id='line_1_36' title="bbox 389 2447 1702 2488; baseline 0.001 -11"><span class='ocrx_word' id='word_1_283' title='bbox 389 2447 481 2478; x_wconf 89' lang='lat' dir='ltr'>tibus</span> <span class='ocrx_word' id='word_1_284' title='bbox 501 2447 609 2484; x_wconf 85' lang='lat' dir='ltr'>fluvii,</span> <span class='ocrx_word' id='word_1_285' title='bbox 630 2456 693 2487; x_wconf 86' lang='lat' dir='ltr'>per</span> <span class='ocrx_word' id='word_1_286' title='bbox 711 2456 831 2485; x_wconf 90' lang='lat' dir='ltr'>regem</span> <span class='ocrx_word' id='word_1_287' title='bbox 852 2447 1034 2485; x_wconf 84' lang='lat' dir='ltr'>Aschuris,</span> <span class='ocrx_word' id='word_1_288' title='bbox 1055 2453 1162 2487; x_wconf 85' lang='lat' dir='ltr'>caput</span> <span class='ocrx_word' id='word_1_289' title='bbox 1186 2453 1222 2478; x_wconf 91' lang='lat' dir='ltr'>et</span> <span class='ocrx_word' id='word_1_290' title='bbox 1245 2447 1338 2487; x_wconf 89' lang='lat' dir='ltr'>pilos</span> <span class='ocrx_word' id='word_1_291' title='bbox 1362 2447 1502 2487; x_wconf 90' lang='lat' dir='ltr'>pedum,</span> <span class='ocrx_word' id='word_1_292' title='bbox 1523 2447 1702 2488; x_wconf 86' lang='lat' dir='ltr'>etiamque</span> 
     </span>
     <span class='ocr_line' id='line_1_37' title="bbox 389 2490 952 2529; baseline 0.002 -8"><span class='ocrx_word' id='word_1_293' title='bbox 389 2491 535 2521; x_wconf 87' lang='lat' dir='ltr'>barbam</span> <span class='ocrx_word' id='word_1_294' title='bbox 554 2490 768 2522; x_wconf 86' lang='lat' dir='ltr'>consumet”</span> <span class='ocrx_word' id='word_1_295' title='bbox 786 2490 858 2529; x_wconf 87' lang='lat' dir='ltr'>(vii.</span> <span class='ocrx_word' id='word_1_296' title='bbox 877 2490 952 2529; x_wconf 88' lang='lat'>20):</span> 
     </span>
    </p>
   </div>
   <div class='ocr_carea' id='block_1_11' title="bbox 215 2581 1702 2948">
    <p class='ocr_par' dir='ltr' id='par_1_12' title="bbox 215 2581 1702 2948">
     <span class='ocr_line' id='line_1_38' title="bbox 215 2581 1701 2636; baseline 0.001 -14"><span class='ocrx_word' id='word_1_297' title='bbox 215 2581 327 2623; x_wconf 89' lang='lat' dir='ltr'>haec</span> <span class='ocrx_word' id='word_1_298' title='bbox 346 2582 402 2623; x_wconf 93' lang='lat' dir='ltr'>de</span> <span class='ocrx_word' id='word_1_299' title='bbox 420 2589 544 2623; x_wconf 88' lang='lat' dir='ltr'>statu</span> <span class='ocrx_word' id='word_1_300' title='bbox 561 2582 779 2623; x_wconf 87' lang='lat' dir='ltr'>ecclesiae</span> <span class='ocrx_word' id='word_1_301' title='bbox 802 2582 845 2622; x_wconf 91' lang='lat' dir='ltr'>in</span> <span class='ocrx_word' id='word_1_302' title='bbox 868 2581 957 2622; x_wconf 84' lang='lat' dir='ltr'>fine</span> <span class='ocrx_word' id='word_1_303' title='bbox 975 2581 1082 2634; x_wconf 90' lang='lat' dir='ltr'>ejus,</span> <span class='ocrx_word' id='word_1_304' title='bbox 1098 2582 1278 2636; x_wconf 90' lang='lat' dir='ltr'>quando</span> <span class='ocrx_word' id='word_1_305' title='bbox 1300 2590 1515 2624; x_wconf 89' lang='lat' dir='ltr'>venturus</span> <span class='ocrx_word' id='word_1_306' title='bbox 1543 2583 1701 2623; x_wconf 91' lang='lat' dir='ltr'>Domi-</span> 
     </span>
     <span class='ocr_line' id='line_1_39' title="bbox 217 2643 1701 2697; baseline 0.001 -13"><span class='ocrx_word' id='word_1_307' title='bbox 217 2657 299 2684; x_wconf 90' lang='lat' dir='ltr'>nus</span> <span class='ocrx_word' id='word_1_308' title='bbox 316 2658 325 2694; x_wconf 92' lang='lat'><em>;</em></span> <span class='ocrx_word' id='word_1_309' title='bbox 358 2644 478 2697; x_wconf 92' lang='lat' dir='ltr'>quod</span> <span class='ocrx_word' id='word_1_310' title='bbox 493 2651 599 2685; x_wconf 87' lang='lat' dir='ltr'>tunc</span> <span class='ocrx_word' id='word_1_311' title='bbox 615 2645 850 2685; x_wconf 88' lang='lat' dir='ltr'>ratiocinia</span> <span class='ocrx_word' id='word_1_312' title='bbox 869 2658 928 2684; x_wconf 86' lang='lat' dir='ltr'>ex</span> <span class='ocrx_word' id='word_1_313' title='bbox 947 2643 1069 2684; x_wconf 92' lang='lat' dir='ltr'>falsis</span> <span class='ocrx_word' id='word_1_314' title='bbox 1084 2644 1371 2697; x_wconf 90' lang='lat' dir='ltr'>deprivatura</span> <span class='ocrx_word' id='word_1_315' title='bbox 1385 2646 1474 2686; x_wconf 90' lang='lat' dir='ltr'>sint</span> <span class='ocrx_word' id='word_1_316' title='bbox 1494 2645 1701 2686; x_wconf 87' lang='lat' dir='ltr'>homines</span> 
     </span>
     <span class='ocr_line' id='line_1_40' title="bbox 216 2706 1701 2760; baseline 0.001 -14"><span class='ocrx_word' id='word_1_317' title='bbox 216 2706 435 2747; x_wconf 91' lang='lat' dir='ltr'>ecclesiae</span> <span class='ocrx_word' id='word_1_318' title='bbox 461 2707 582 2747; x_wconf 91' lang='lat' dir='ltr'>omni</span> <span class='ocrx_word' id='word_1_319' title='bbox 608 2707 831 2759; x_wconf 86' lang='lat' dir='ltr'>sapientia</span> <span class='ocrx_word' id='word_1_320' title='bbox 856 2719 907 2747; x_wconf 93' lang='lat' dir='ltr'>ac</span> <span class='ocrx_word' id='word_1_321' title='bbox 940 2706 1245 2759; x_wconf 87' lang='lat' dir='ltr'>intelligentia</span> <span class='ocrx_word' id='word_1_322' title='bbox 1270 2707 1504 2760; x_wconf 87' lang='lat' dir='ltr'>spirituali,</span> <span class='ocrx_word' id='word_1_323' title='bbox 1533 2708 1701 2748; x_wconf 90' lang='lat' dir='ltr'>descri-</span> 
     </span>
     <span class='ocr_line' id='line_1_41' title="bbox 216 2769 1702 2824; baseline 0.001 -15"><span class='ocrx_word' id='word_1_324' title='bbox 216 2769 336 2809; x_wconf 87' lang='lat' dir='ltr'>bitur</span> <span class='ocrx_word' id='word_1_325' title='bbox 362 2782 440 2822; x_wconf 91' lang='lat' dir='ltr'>per</span> <span class='ocrx_word' id='word_1_326' title='bbox 470 2769 547 2809; x_wconf 89' lang='lat' dir='ltr'>illa</span> <span class='ocrx_word' id='word_1_327' title='bbox 571 2769 734 2818; x_wconf 89' lang='lat' dir='ltr'>verba;</span> <span class='ocrx_word' id='word_1_328' title='bbox 768 2769 1003 2809; x_wconf 89' lang='lat' dir='ltr'>ratiocinia</span> <span class='ocrx_word' id='word_1_329' title='bbox 1028 2782 1106 2822; x_wconf 91' lang='lat' dir='ltr'>per</span> <span class='ocrx_word' id='word_1_330' title='bbox 1131 2783 1258 2822; x_wconf 91' lang='lat' dir='ltr'>quae,</span> <span class='ocrx_word' id='word_1_331' title='bbox 1287 2770 1598 2824; x_wconf 86' lang='lat' dir='ltr'>significantur</span> <span class='ocrx_word' id='word_1_332' title='bbox 1624 2783 1702 2823; x_wconf 89' lang='lat' dir='ltr'>per</span> 
     </span>
     <span class='ocr_line' id='line_1_42' title="bbox 220 2831 1699 2886; baseline 0.001 -16"><span class='ocrx_word' id='word_1_333' title='bbox 220 2834 411 2884; x_wconf 89' lang='lat' dir='ltr'>“regem</span> <span class='ocrx_word' id='word_1_334' title='bbox 436 2831 656 2872; x_wconf 88' lang='lat' dir='ltr'>Aschuris</span> <span class='ocrx_word' id='word_1_335' title='bbox 688 2833 730 2871; x_wconf 90' lang='lat' dir='ltr'>in</span> <span class='ocrx_word' id='word_1_336' title='bbox 763 2831 1026 2872; x_wconf 85' lang='lat' dir='ltr'>transitibus</span> <span class='ocrx_word' id='word_1_337' title='bbox 1052 2831 1209 2880; x_wconf 88' lang='lat' dir='ltr'>fluvii,”</span> <span class='ocrx_word' id='word_1_338' title='bbox 1236 2846 1397 2886; x_wconf 91' lang='lat' dir='ltr'>nempe</span> <span class='ocrx_word' id='word_1_339' title='bbox 1426 2832 1699 2885; x_wconf 88' lang='lat' dir='ltr'>Euphratis:</span> 
     </span>
     <span class='ocr_line' id='line_1_43' title="bbox 218 2893 1699 2948; baseline 0.001 -14"><span class='ocrx_word' id='word_1_340' title='bbox 218 2893 469 2946; x_wconf 89' lang='lat' dir='ltr'>deprivatio</span> <span class='ocrx_word' id='word_1_341' title='bbox 494 2894 741 2947; x_wconf 86' lang='lat' dir='ltr'>sapientiae</span> <span class='ocrx_word' id='word_1_342' title='bbox 765 2900 810 2934; x_wconf 93' lang='lat' dir='ltr'>et</span> <span class='ocrx_word' id='word_1_343' title='bbox 838 2893 1168 2947; x_wconf 87' lang='lat' dir='ltr'>intelligentiae</span> <span class='ocrx_word' id='word_1_344' title='bbox 1195 2895 1437 2948; x_wconf 85' lang='lat' dir='ltr'>spiritualis</span> <span class='ocrx_word' id='word_1_345' title='bbox 1465 2895 1582 2944; x_wconf 90' lang='lat' dir='ltr'>inde,</span> <span class='ocrx_word' id='word_1_346' title='bbox 1607 2896 1699 2948; x_wconf 91' lang='lat' dir='ltr'>sig-</span> 
     </span>
    </p>
   </div>
  </div>
 </body>
</html>
