1962 3334
615 287 721 325 cAP.
744 286 826 327 1x.,
848 285 987 318 VERS.
1009 284 1155 318 2.—N.
1180 241 1345 328 540[⁰a].
1418 301 1424 306 -
1616 284 1725 326 1349

235 398 356 447 alibi,

296 466 319 480 ‘⁸
331 464 464 496 Fumus
482 465 658 496 cruciatus
677 473 802 496 eorum
822 463 986 496 ascendit
1005 463 1042 494 in
1062 462 1208 494 saecula
1226 459 1482 493 saeculorum”
1499 460 1582 500 (xiv.
1602 458 1678 500 11);

227 546 284 581 -et
311 539 430 588 alibi,

302 607 322 620 “
333 605 466 637 Fumus
478 605 497 618 ”
514 616 558 637 ex
577 605 764 646 Babylone
782 604 974 636 “ascendit
990 604 1027 635 in
1045 603 1189 635 saecula
1205 602 1433 635 saeculorum
1443 601 1462 613 '’
1479 598 1600 641 (1¹1xix.
1618 600 1662 640 3).

236 686 463 740 Quoniam
487 687 672 740 “ignis”
695 685 919 740 significat
941 697 1140 726 amorem
1166 685 1211 724 in
1236 690 1426 737 utroque
1452 696 1600 731 sensu,
1625 689 1720 723 tam

236 762 437 790 amorem
459 750 704 790 caelestem
727 762 860 802 quam
887 760 1087 788 amorem
1112 746 1391 794 infernalem,
1415 752 1462 786 et
1487 745 1592 786 inde
1616 745 1719 785 “fu-

237 812 365 852 mus’'
387 811 609 864 significat
636 811 680 851 id
705 811 825 864 quod
851 810 1028 864 profluit
1054 823 1112 850 ex
1138 822 1306 856 amore,
1332 807 1493 848 falsum
1518 807 1637 861 quod
1660 821 1720 848 ex

236 887 389 914 amore
419 873 636 921 infernali,
670 880 716 913 et
753 886 907 913 verum
944 872 1063 925 quod
1100 885 1158 912 ex
1194 884 1348 911 amore
1383 869 1585 917 caelesti,
1618 869 1720 910 ideo

228 935 450 976 '“sumus'’
481 937 618 976 etiam
650 936 693 975 in
725 935 846 975 bono
878 948 1011 975 sensu
1042 933 1269 987 significat
1300 930 1506 973 sanctum
1536 944 1718 981 verum;

236 997 323 1038 hoc
350 997 574 1050 significat
599 997 812 1037 “fumus''
835 1011 893 1037 ex
920 997 1025 1049 igne
1051 995 1295 1043 suffituum,
1319 995 1375 1035 de
1401 1008 1489 1048 quo
1514 994 1721 1034 videatur

212 1065 214 1067 ’
235 1071 370 1111 supra
412 1068 457 1106 (n.
484 1070 599 1110 494),
643 1064 689 1098 et
733 1071 912 1111 quoque
954 1058 999 1097 in
1041 1055 1337 1110 sequentibus
1380 1055 1493 1095 locis
1511 1054 1719 1107 :—Apud

234 1117 437 1167 Esaiam,

301 1203 320 1217 “
329 1201 474 1234 Creabit
485 1202 649 1244 Jehovah
662 1212 770 1242 super
782 1211 890 1233 omne
903 1201 1147 1233 habitaculum
1163 1200 1302 1232 Montis
1316 1199 1449 1237 Zionis,
1464 1205 1499 1231 et
1516 1209 1624 1239 super
1637 1209 1721 1230 con-

407 1246 619 1277 vocationes
639 1245 727 1285 ejus,
749 1246 882 1276 nubem
902 1245 1068 1282 interdiu,
1088 1254 1130 1275 ac
1149 1244 1288 1275 fumum
1313 1249 1349 1275 et
1372 1243 1604 1284 splendorem
1625 1242 1720 1282 ignis

408 1289 575 1320 flammae
593 1287 722 1326 noCtu;
748 1298 832 1320 nam
850 1298 958 1329 super
972 1288 1072 1319 omni
1089 1288 1204 1328 gloria
1221 1285 1548 1327 obtegumentum”
1565 1286 1623 1325 (iv.
1646 1286 1698 1325 5);

234 1372 334 1415 (quae
347 1373 503 1410 explicata
517 1373 684 1402 videantur
697 1382 802 1410 supra,
818 1382 849 1402 n.
866 1373 1010 1414 294[b],
1026 1361 1193 1414 [²¹504[b]
1206 1372 1229 1410 ε)
1272 1360 1392 1414 apud
1418 1360 1629 1407 eundem,

300 1435 510 1467 “Commoti
535 1442 619 1467 sunt
643 1443 766 1476 postes
794 1436 960 1467 liminum
984 1446 1074 1467 voce
1084 1435 1103 1447 ’¹
1127 1435 1360 1466 clamantium
1385 1426 1631 1474 seraphorum,
1657 1434 1721 1465 “et

409 1480 537 1511 domus
555 1480 702 1520 impleta
718 1486 774 1511 est
790 1480 890 1511 fumo
903 1479 920 1490 ’'
938 1479 997 1519 (vi.
1014 1480 1067 1519 4):

234 1554 280 1597 in
304 1554 588 1607 Apocalypsi,

301 1626 521 1667 “Impletum
541 1634 596 1659 est
613 1627 785 1668 templum
803 1628 904 1659 fumo
920 1638 963 1659 ex
981 1627 1096 1668 gloria
1115 1627 1181 1659 Dei
1198 1633 1234 1659 et
1250 1627 1382 1658 virtute
1400 1625 1517 1667 Ejus’'
1534 1625 1604 1666 (xv.
1622 1626 1676 1666 8);

235 1707 283 1744 et
308 1702 428 1751 alibi,

301 1775 504 1807 “Ascendit
521 1775 640 1808 fumus
658 1777 840 1808 suffituum
858 1776 1023 1817 precibus
1040 1774 1250 1807 sanctorum
1268 1760 1312 1807 de
1333 1785 1443 1806 manu
1460 1775 1580 1815 angeli
1597 1784 1719 1806 coram

409 1819 516 1850 Deo”
534 1820 619 1858 (viii.
637 1821 680 1859 4).

312 1903 531 1958 540[(ι].
574 1904 799 1957 Quoniam
832 1905 996 1944 dicitur
1026 1904 1146 1957 quod
1180 1903 1480 1944 “ascenderit
1511 1902 1658 1943 fumus
1693 1917 1718 1943 e

235 1972 373 2018 puteo
395 1967 509 2006 sicut
535 1965 679 2005 sumus
701 1966 892 2005 fornacis
915 1965 1150 2018 magnae,”
1173 1971 1219 2006 et
1245 1963 1462 2005 hactenus
1484 1971 1718 2005 ostensum

234 2033 305 2068 est
341 2028 461 2080 quod
496 2027 709 2067 “furnus’'
746 2026 968 2079 significet
1004 2028 1192 2067 densum
1232 2026 1406 2075 falsum,
1443 2028 1632 2067 interest
1668 2033 1718 2067 ut

234 2090 372 2130 etiam
405 2090 672 2130 ostendatur
703 2090 822 2143 quod
852 2089 1080 2129 “fornax''
1107 2088 1331 2142 significet
1364 2089 1483 2129 mala
1513 2102 1717 2130 amorum

235 2153 513 2192 terrestrium
540 2159 585 2192 et
619 2165 949 2205 corporeorum,
978 2158 1023 2191 et
1055 2152 1117 2191 sic
1149 2151 1268 2205 quod
1298 2151 1479 2191 “fumus
1511 2152 1625 2192 sicut
1651 2152 1717 2192 fu-

234 2226 333 2253 mus
357 2214 549 2254 fornacis
579 2228 772 2267 magnae
785 2214 803 2228 ’¹
830 2213 1052 2266 significet
1079 2214 1219 2254 densa
1244 2212 1355 2253 falsa
1386 2227 1445 2254 ex
1476 2214 1564 2254 illis
1590 2227 1717 2255 amo·

233 2276 366 2316 ribus.
429 2275 561 2328 Quod
591 2276 818 2316 “fornax'’
845 2276 947 2316 illos
972 2289 1148 2316 amores
1179 2275 1416 2328 significet,
1445 2283 1514 2316 est
1541 2290 1717 2330 quoque

233 2352 293 2379 ex
315 2340 588 2392 apparentiis
615 2340 658 2378 in
686 2339 855 2378 mundo
876 2338 1121 2391 spirituali;
1153 2338 1323 2378 inferna
1346 2339 1465 2378 enim
1491 2339 1535 2379 in
1558 2339 1717 2392 quibus

233 2400 296 2440 illi
333 2414 508 2441 amores
539 2409 748 2453 regnant,
782 2401 964 2454 quando
1000 2401 1308 2453 inspiciuntur,
1342 2407 1563 2454 apparent
1601 2402 1716 2442 sicut

233 2462 437 2503 fornaces
456 2464 707 2503 candentes
725 2464 844 2515 igne,
865 2476 915 2503 ac
939 2476 1071 2516 supra
1093 2462 1169 2503 illa
1190 2470 1410 2516 apparent
1433 2463 1539 2503 fumi
1562 2464 1718 2517 quales

233 2525 484 2565 ascendunt
510 2539 567 2565 ex
590 2525 858 2572 fornacibus,
883 2532 928 2565 et
956 2524 1110 2578 quales
1132 2525 1467 2578 conspiciuntur
1492 2526 1536 2565 in
1562 2527 1717 2566 incen-

236 2587 345 2627 diis:
387 2587 489 2627 inde
526 2594 595 2628 est
632 2588 750 2640 quod
788 2588 832 2627 in
864 2587 1019 2627 Verbo
1053 2587 1324 2628 “fornaces’'
1356 2587 1611 2640 significent
1642 2588 1715 2629 vel

233 2649 416 2696 inferna,
440 2649 512 2689 vel
539 2657 719 2690 coetum
746 2649 992 2696 hominum,
1015 2649 1088 2690 vel
1114 2650 1258 2703 ipsum
1282 2650 1525 2698 hominem,
1549 2651 1592 2690 in
1620 2651 1716 2704 qui-

232 2710 314 2750 bus
340 2710 456 2751 tales
482 2724 657 2751 amores
690 2719 734 2751 et
767 2712 1039 2764 cupiditates
1064 2718 1286 2764 regnant;
1323 2725 1401 2752 seu
1432 2713 1552 2765 quod
1579 2713 1714 2760 idem,

233 2772 306 2812 ubi
346 2773 464 2813 mala
509 2787 568 2813 ex
614 2773 699 2813 illis
740 2774 1044 2814 scaturientia.
1121 2773 1248 2814 Haec
1288 2773 1597 2827 significantur
1637 2787 1716 2828 per

234 2834 515 2883 “fornaces,’'
539 2835 766 2883 “furnos,”
792 2836 1030 2876 “caminos
1042 2835 1060 2851 ”
1083 2842 1129 2878 et
1154 2836 1424 2878 “clibanos’'
1450 2837 1495 2877 in
1521 2850 1715 2892 sequen-

231 2896 351 2938 tibus
379 2896 713 2951 Iocisz—Apud
746 2897 1035 2947 Allattltaeum,
