1962 3334
594 289 700 322 CAP.
724 290 787 330 x.,
810 288 948 322 VERs.
976 288 1145 320 11.-—N.
1166 278 1262 332 625.
1563 287 1667 331 1593

187 417 365 458 quoque
387 403 814 457 repraesentabatur
837 401 956 456 apud
982 401 1159 450 Mosen,
1183 400 1303 455 quod
1328 399 1572 453 “Jehovah
1594 413 1671 440 ore

187 467 246 508 ad
277 481 328 508 os
357 466 535 508 locutus
560 466 618 506 sit
644 478 747 506 curn
772 465 865 514 illo,
893 471 940 506 et
966 478 1058 505 non
1084 465 1199 505 sicut
1225 477 1327 505 cum
1352 463 1450 504 aliis
1476 462 1670 516 prophe-

187 529 285 571 tis.'‹’
343 529 455 570 Inde
480 541 597 569 nunc
625 534 696 569 est

386 624 565 656 Dominus
580 624 720 656 dicatur
738 623 918 663 Propheta
932 623 1055 661 (etiam
1072 622 1168 663 apud
1184 622 1413 660 Matthaeum,
1431 631 1506 662 cap.
1523 621 1592 653 xxi.
1609 629 1645 652 11
1662 632 1669 652 :

359 668 454 752 appd
468 668 609 706 Lucam,
626 677 704 708 cap.
721 667 781 699 vii.
801 666 859 699 16:
879 667 976 708 apud
996 666 1202 709 Johannem,
1219 675 1294 706 cap.
1311 666 1369 697 vii.
1382 674 1436 704 40,
1451 673 1492 704 41
1509 675 1517 704 ;
1537 675 1612 706 cap.
1626 665 1671 696 ix.

362 719 401 750 17
417 736 426 744 .

265 809 397 863 625·
424 808 584 861 “Super-
590 808 759 861 populos
771 811 816 848 et
824 811 988 860 qantos,
1001 811 1047 847 et
1057 806 1220 860 linquas
1235 809 1279 846 et
1290 819 1416 860 myos
1427 805 1672 847 multum&—

187 869 322 924 Quod
346 869 569 923 significet
601 869 726 922 apud
744 883 888 910 omnes
913 869 994 922 qui
1013 869 1059 909 in
1089 868 1209 909 veris
1231 874 1274 908 et
1302 867 1348 908 in
1379 867 1504 908 bonis
1528 866 1677 920 quoad

185 933 326 974 vitam
349 939 465 982 sunt,
492 939 534 973 et
562 932 700 973 simul
719 932 764 972 in
790 931 912 972 bonis
942 937 985 972 et
1013 931 1059 971 in
1089 930 1209 971 veris
1234 930 1384 984 quoad
1407 930 1668 974 doHrinam.

185 996 417 1037 secundum
446 995 638 1049 cqjusvis
663 994 928 1048 religionem,
949 994 1142 1047 proinde
1170 1000 1219 1034 ut
1247 994 1451 1034 doceatur
1485 992 1671 1034 Verbum

185 1059 335 1112 quoad
353 1058 464 1099 bona
493 1059 612 1099 vitae
639 1065 683 1098 et
710 1057 860 1111 quoad
878 1072 986 1098 vera
1014 1057 1252 1105 doarinae,
1280 1063 1465 1098 constat
1491 1071 1551 1097 ex
1577 1057 1668 1109 sig·

187 1120 445 1162 nificatione
470 1125 495 1141 ‘⁴
515 1121 783 1175 populorum
809 1127 856 1161 et
882 1119 1128 1173 gentium,”
1149 1120 1270 1173 quod
1296 1120 1386 1160 sint
1413 1120 1486 1172 qui
1512 1119 1570 1160 ab
1594 1133 1668 1160 ec-

188 1183 326 1226 clesia
362 1184 582 1238 spirituali
614 1190 661 1224 et
697 1184 756 1224 ab
786 1183 981 1224 ecclesia
1017 1182 1205 1224 caelesti
1236 1189 1367 1233 sunt;
1414 1183 1478 1223 illi
1508 1183 1583 1236 qui
1613 1183 1670 1223 ab

187 1246 379 1288 ecclesia
401 1246 620 1300 spirituali
643 1252 764 1294 sunt,
783 1252 1007 1287 vocantur
1027 1246 1070 1286 in
1089 1245 1245 1286 Verbo
1269 1245 1460 1299 “populi
1477 1245 1511 1295 ;”
1536 1252 1584 1286 at
1606 1245 1670 1286 illi

187 1311 261 1364 qui
284 1310 343 1352 ab
373 1310 567 1351 ecclesia
597 1309 785 1350 caelesti
816 1315 935 1356 sunt,
962 1316 1185 1350 vocantur
1212 1314 1416 1362 “gentes
1433 1309 1467 1357 ;”
1503 1308 1567 1349 illi
1596 1310 1670 1362 qui

186 1373 245 1414 ab
269 1365 462 1416 ecclesia
484 1372 703 1426 spirituali
728 1378 847 1420 sunt,
872 1373 944 1425 qui
970 1378 1192 1413 vocantur
1215 1372 1446 1425 “populi‚”
1467 1378 1572 1412 sunt
1595 1372 1667 1425 qui

186 1436 232 1478 in
257 1437 374 1477 veris
399 1436 547 1489 quoad
573 1433 824 1476 doctrinam
850 1442 898 1476 et
929 1435 1079 1488 quoad
1104 1436 1245 1476 vitam
1272 1442 1403 1485 sunt;
1438 1442 1485 1476 et
1510 1436 1584 1488 qui
1610 1435 1668 1475 ab

70 1534 77 1541 ,
131 1502 135 1506 ”
187 1498 380 1540 ecclesia
406 1498 593 1539 caelesti
619 1504 739 1546 sunt,
766 1498 840 1552 qui
865 1505 1086 1538 vocantur
1114 1497 1356 1551 “gentes,”
1382 1504 1487 1539 sunt
1519 1498 1593 1551 qui
1624 1498 1668 1538 in

186 1561 309 1602 bono
338 1561 503 1602 amoris
539 1562 584 1601 in
626 1561 870 1601 Dominum
907 1567 1026 1609 sunt,
1064 1567 1111 1602 et
1148 1561 1253 1601 inde
1288 1562 1333 1601 in
1369 1561 1491 1601 bono
1522 1561 1669 1614 quoad

186 1623 329 1664 Vitam
347 1636 357 1663 ἶ
394 1633 466 1670 (sed
488 1634 529 1662 de
551 1633 781 1670 significatione
796 1630 1019 1670 “populorum
1031 1633 1048 1641 ''
1065 1638 1097 1661 et
1116 1630 1133 1640 ‘⁴
1145 1633 1288 1670 gentium
1300 1633 1316 1641 ''
1337 1633 1369 1661 in
1389 1633 1508 1667 Verbo,
1528 1633 1672 1662 vidaetur

185 1688 292 1724 supra,
307 1695 338 1716 n.
365 1685 454 1728 175.
472 1686 547 1727 331
565 1687 588 1724 ι)
618 1683 663 1715 et
682 1688 744 1715 ex
767 1674 1102 1727 significatione
1126 1675 1419 1727 “linguarum
1443 1682 1489 1715 et
1510 1688 1668 1727 regum

188 1736 473 1784 multorum,”
504 1736 624 1789 quod
655 1737 745 1776 sint
777 1736 851 1789 qui
882 1736 926 1775 in
957 1736 1088 1776 bonis
1119 1742 1166 1776 et
1197 1737 1313 1776 veris
1345 1736 1494 1789 quoad
1524 1737 1665 1776 vitam

187 1805 237 1855 et
266 1799 414 1853 quoad
439 1797 691 1839 doctrinam
723 1802 842 1846 sunt,
875 1798 955 1838 sed
986 1798 1233 1838 secundum
1265 1798 1457 1850 cujusvis
1488 1797 1668 1851 religio-

187 1875 292 1909 nem
307 1876 318 1912 ;
344 1865 369 1882 ‘⁴
382 1861 563 1914 linguae
575 1861 594 1876 ’'
608 1861 727 1901 enim
744 1859 1000 1914 significant
1017 1861 1138 1901 bona
1152 1861 1258 1908 veri,
1274 1867 1322 1901 et
1340 1861 1668 1902 consessionem

187 1936 344 1964 eorum
378 1922 628 1963 secundum
668 1921 863 1974 cujusvis
902 1921 1171 1974 religionem
1212 1933 1371 1970 (videatur
1392 1942 1497 1970 supra,
1521 1942 1551 1962 n.
1578 1933 1670 1974 330.

185 1992 314 2036 455);
345 1989 392 2023 et
417 1987 587 2035 “reges
600 1981 619 1996 ”
638 1980 899 2034 significant
920 1995 1028 2021 vera
1049 1995 1164 2034 quae
1186 1995 1246 2022 ex
1268 1982 1405 2029 bono,
1428 1988 1475 2022 et
1500 1986 1669 2035 “reges

72 2039 83 2085 ‚'
118 2053 127 2056 ’
187 2043 349 2085 multi”
379 2044 501 2084 varia
532 2056 639 2084 vera
670 2056 784 2096 quae
821 2056 881 2083 ex
916 2043 1052 2091 bono,
1087 2042 1166 2083 sed
1198 2043 1446 2083 secundum
1478 2043 1669 2096 cujusvis

186 2096 470 2158 feligionem.
528 2114 641 2150 (Quod
656 2111 673 2121 '⁴
685 2122 775 2151 reges
789 2113 806 2123 ''
822 2113 999 2151 significent
1018 2123 1093 2143 vera
1111 2123 1150 2142 ex
1161 2114 1260 2147 bono,
1275 2114 1420 2143 videatur
1434 2123 1540 2151 supra,
1556 2123 1587 2143 n.
1606 2115 1670 2155 31.

190 2168 298 2216 553.)
354 2162 489 2216 Quod
517 2168 688 2215 “reges
714 2162 878 2203 multi”
903 2161 1161 2215 significent
1186 2163 1312 2203 varia
1337 2177 1445 2203 vera
1469 2177 1585 2216 quae
1610 2177 1669 2203 ex

187 2224 324 2272 bono,
351 2230 421 2265 est
453 2224 563 2277 quia·
587 2223 740 2277 populi
772 2229 818 2264 et
850 2230 1013 2276 gentes
1040 2230 1171 2264 extra
1203 2224 1442 2264 ecclesiam
1470 2224 1669 2278 plerique

188 2285 365 2328 fuerunt
389 2286 435 2326 in
464 2286 588 2326 salsis
613 2285 762 2339 quoad
789 2284 1068 2336 doctrinam;
1106 2287 1185 2327 sed
1218 2300 1370 2339 usque,
1398 2287 1502 2340 quia
1527 2287 1668 2327 vitam

188 2349 354 2390 amoris
390 2349 434 2389 in
472 2348 618 2389 Deum
655 2355 702 2389 et
739 2348 975 2389 charitatis
1011 2362 1120 2401 erga
1150 2349 1405 2402 proximum
1437 2350 1665 2396 vixerunt,

188 2409 302 2451 falsa
330 2410 560 2463 religionis
592 2424 745 2451 eorum
777 2424 803 2451 a
841 2411 1039 2451 Domino
1070 2418 1313 2464 acceptata
1343 2411 1518 2452 fuerunt
1551 2412 1667 2452 sicut

188 2486 309 2522 vera,
337 2487 396 2514 ex
422 2486 559 2514 causa
584 2474 687 2526 quia
713 2474 834 2514 intus
859 2474 902 2513 in
925 2473 1047 2514 falsis
1069 2487 1223 2514 eorum
1246 2474 1326 2515 fuit
1351 2475 1520 2514 bonum
1544 2487 1670 2514 amo-

188 2535 261 2584 ris,
279 2542 327 2576 et
343 2536 511 2576 bonum
530 2537 693 2576 amoris
710 2535 940 2589 qualificat
958 2549 1092 2577 omne
1109 2551 1262 2577 verum
1280 2551 1289 2587 ;
1317 2544 1363 2578 et
1382 2544 1488 2577 tunc
1509 2536 1670 2577 falsum

189 2598 311 2652 quod
341 2611 368 2638 a
398 2597 566 2638 talibus
601 2599 799 2639 creditur
835 2612 933 2639 esse
969 2612 1138 2647 verum,
1172 2601 1310 2640 etiam
1350 2600 1519 2640 bonum
1551 2600 1671 2639 intus

189 2659 339 2701 latens
363 2659 485 2708 facit,
514 2666 562 2701 ut
594 2660 671 2710 illi,
699 2661 804 2702 dum
831 2662 875 2702 in
907 2661 1265 2702 alteram'vitam
1298 2663 1499 2709 veniunt,
1528 2662 1670 2714 perci-

190 2722 315 2776 piant
337 2723 533 2776 genuina
555 2737 674 2772 vera,
700 2731 746 2764 et
772 2725 992 2777 recipiant
1019 2723 1108 2764 illa.
1170 2725 1408 2765 Praeterea
1434 2732 1539 2765 sunt
1565 2738 1671 2765 vera

191 2798 304 2838 quae
340 2785 486 2826 solum
522 2787 815 2839 apparentiae
849 2787 941 2827 veri
979 2793 1097 2835 sunt,
1137 2794 1268 2840 prout
1306 2794 1410 2828 sunt
1451 2787 1528 2827 illa
1565 2801 1670 2828 vera

189 2860 304 2900 quae
334 2848 377 2888 in
409 2862 542 2888 sensu
569 2849 748 2889 litterae
774 2849 915 2890 Verbi
947 2855 1079 2899 sunt;
1121 2849 1224 2890 illae
1251 2851 1342 2890 veri
1374 2851 1669 2903 apparentiae

190 2909 328 2951 etiam
359 2923 385 2951 a
416 2910 613 2952 Domino
639 2917 936 2965 acceptantur
961 2911 1076 2953 sicut
1107 2913 1303 2965 genuina
1335 2927 1455 2961 vera,
1489 2914 1668 2967 quando
