1962 3334
606 271 713 304 CAP.
736 270 819 311 XL,
842 268 980 302 VERs.
1003 267 1152 313 7.—N.
1173 255 1335 311 650[c].
1369 268 1375 270 -
1446 297 1450 299 ,
1613 253 1717 307 1683

226 400 307 442 per
333 389 535 427 “vocare
566 383 766 426 nomen”
791 383 837 424 in
867 395 1003 424 sensu
1028 380 1249 435 spirituali
1275 378 1557 433 significatur
1582 391 1718 418 nosse

220 449 362 505 [quale
396 449 474 498 rei,
512 462 591 489 seu
613 446 771 501 „qualis
808 453 905 496 est;
948 446 1012 486 ita
1047 445 1136 493 hic,
1173 443 1330 498 quales
1366 448 1521 483 essent
1558 454 1718 482 omnes

227 510 501 563 affectiones,
533 511 824 564 cupiditates,
856 508 1137 562 voluptates,
1169 507 1416 560 appetitus,
1456 511 1554 557 tum
1590 505 1717 557 cogi-

229 576 430 616 tationes
465 580 512 615 et
548 573 867 625 inclinationes
905 571 1124 612 naturalis
1154 570 1364 617 hominis,
1402 574 1451 610 et
1487 567 1718 622 quomodo

226 638 559 680 concordarent
590 643 638 677 et
669 635 1082 688 corresponderent
1108 631 1419 674 affectionibus
1450 638 1498 672 et
1530 643 1717 685 percep-

190 688 193 699 (
226 701 424 743 tionibus
455 698 699 753 spiritualis
731 698 956 739 hominis:
996 710 1101 737 nam
1133 710 1160 737 a
1191 696 1424 736 creatione
1456 694 1616 735 datum
1646 699 1718 734 est

217 763 446 818 spirituali
471 763 643 803 homini
667 762 819 802 videre
845 762 998 802 omnia
1024 759 1242 801 naturalis
1268 759 1479 806 hominis,
1506 764 1554 799 et
1585 756 1719 798 simul

226 827 454 881 percipere
480 825 854 866 concordantiam
880 831 927 865 et
953 823 1313 864 discordantiam
1339 821 1434 874 ejus
1459 834 1561 862 cum
1588 821 1717 874 spiri—

227 889 352 938 tuali,
376 889 436 930 ob
461 901 643 929 causam
670 895 718 929 ut
744 888 888 942 possit
909 901 1068 940 regere
1093 886 1235 934 illum,
1260 892 1307 926 et
1333 885 1579 926 admittere
1606 878 1718 925 con-¹

226 952 462 994 cordantia
492 958 539 992 et
571 951 753 1004 rejicere
785 950 1110 998 discordantia,
1144 956 1191 990 et
1228 950 1291 990 sic
1329 948 1422 989 fieri
1458 946 1716 1001 spiritualis,

225 1016 364 1057 etiam
400 1015 550 1069 quoad
589 1012 788 1062 effectus,
828 1014 902 1067 qui
941 1013 1055 1054 fiunt
1095 1013 1247 1053 medio
1287 1011 1483 1053 naturali
1519 1011 1716 1051 homine.

227 1087 308 1125 (Sed
320 1088 400 1116 hacc
414 1087 550 1124 amplius
562 1087 719 1124 explicata
730 1086 898 1114 videantur
909 1086 941 1114 in
955 1085 1095 1114 Arcanis
1111 1085 1306 1118 Caelestibus,
1319 1093 1351 1114 n.
1366 1084 1531 1121 142-146.)
1588 1071 1717 1125 QUO-

74 1130 84 1140 ”’
105 1142 116 1147 ’
170 1179 179 1182 ,
214 1139 347 1194 'niam
378 1152 458 1191 per
485 1137 755 1178 “hominem
767 1136 786 1151 '⁸
811 1138 856 1177 in
882 1136 1039 1177 Verbo
1071 1137 1248 1190 proprie
1274 1134 1554 1188 significatur
1579 1134 1719 1174 homo

225 1202 430 1242 internus
469 1215 548 1242 seu
584 1200 841 1254 spiritualis,
880 1206 927 1240 et
965 1214 1045 1253 per
1083 1198 1347 1240 “bestiam'‘
1384 1204 1603 1239 externus
1640 1211 1719 1238 seu

59 1255 72 1312 ⁶,
143 1258 146 1259 ⁷
198 1264 458 1315 7naturalis,
498 1264 600 1305 ideo
640 1278 700 1304 ex
742 1264 961 1304 mandato
1002 1263 1088 1304 Dei
1129 1276 1287 1303 omnes
1319 1262 1493 1303 bestiae
1531 1268 1579 1302 et
1611 1276 1718 1302 aves

226 1341 329 1368 cum
354 1327 547 1369 Noacho
573 1325 860 1385 introductae
886 1333 992 1367 sunt
1023 1327 1069 1366 in
1095 1335 1263 1374 arcam,
1290 1326 1348 1366 de
1380 1339 1468 1379 qua
1499 1339 1546 1366 re
1577 1326 1643 1366 ita
1673 1326 1718 1366 in

232 1390 400 1440 Genesi,

291 1493 311 1506 ‘⁸
321 1491 418 1523 Dixit
430 1491 592 1534 Jehovah
608 1491 783 1528 Noacho,.
798 1516 805 1522 .
819 1516 827 1522 .
841 1516 849 1522 .
859 1490 913 1522 De
931 1490 1029 1522 omni
1046 1490 1161 1521 bestia
1174 1490 1309 1522 munda
1320 1490 1475 1530 accipias
1493 1490 1555 1521 tibi
1570 1496 1721 1530 septena

398 1542 557 1576 septena,
578 1545 713 1566 marem
737 1542 773 1566 et
791 1535 975 1571 feminam,
998 1541 1033 1565 et
1056 1535 1100 1565 de
1125 1535 1239 1565 bestia
1262 1544 1352 1574 quae
1376 1544 1450 1564 non
1471 1534 1605 1564 munda
1625 1534 1718 1569 bina,

400 1589 535 1611 marem
555 1585 590 1610 et
610 1579 799 1610 feminam.
813 1597 821 1610 .
833 1577 864 1610 :’'
888 1584 923 1609 et
942 1578 1078 1618 accepit
1098 1578 1172 1609 “de
1192 1578 1308 1609 bestia
1326 1578 1463 1608 munda
1481 1584 1516 1609 et
1540 1578 1584 1608 de
1603 1578 1721 1608 bestia

399 1632 473 1654 non
492 1623 636 1659 munda,
656 1629 692 1653 et
710 1622 754 1653 de
774 1631 851 1659 ave,
871 1628 906 1652 et
929 1622 973 1652 de
993 1622 1092 1652 omni
1113 1622 1208 1662 quod
1228 1627 1344 1661 reptat
1363 1631 1471 1661 super
1490 1627 1605 1656 terra:
1635 1621 1720 1652 bina

399 1666 486 1697 bina
507 1666 686 1697 intrarunt
709 1665 754 1696 ad
779 1665 966 1696 Noachum
991 1666 1027 1696 in
1052 1674 1181 1703 arcam,
1203 1665 1382 1696 masculus
1402 1672 1438 1696 et
1461 1664 1625 1696 femina”
1645 1664 1718 1704 (vii.

401 1710 476 1750 1-9)
489 1721 496 1741 z

225 1825 306 1866 per
332 1810 621 1852 “diluvium'’
648 1811 932 1851 Noachicum
958 1811 1003 1850 in
1035 1824 1171 1851 sensu
1197 1810 1417 1864 spirituali
1448 1811 1719 1852 describitur

225 1875 417 1916 exitium
441 1874 801 1928 Antiquissimae
825 1874 1077 1919 Ecclesiae,
1102 1880 1149 1914 et
1171 1887 1350 1927 quoque
1372 1874 1580 1915 ultimum
1598 1874 1717 1927 judi-

229 1938 347 1979 cium
372 1952 506 1992 super
526 1937 735 1978 homines
761 1938 888 1978 istius
910 1937 1156 1987 ecclesiae;
1189 1943 1235 1978 et
1262 1951 1341 1990 per
1365 1937 1643 1979 “Noachum
1670 1945 1717 1979 et

226 2001 319 2055 ejus
341 2000 455 2042 filios
466 2001 486 2016 ’'
503 2002 549 2047 in
571 2001 732 2042 eodem
755 2014 890 2041 sensu
911 2000 1184 2053 intelligitur
1205 2007 1251 2041 et
1274 2000 1544 2042 describitur
1565 2001 1714 2042 eccle·

222 2065 292 2115 ,sia
321 2064 587 2112 succedens,
612 2077 726 2117 quae
753 2063 964 2104 Ecclesia
996 2063 1203 2116 Antiqua
1234 2064 1444 2104 vocanda
1474 2071 1571 2104 est:
1610 2065 1716 2105 inde

225 2129 427 2182 sequitur
463 2127 583 2181 quod
624 2141 702 2181 per
741 2124 981 2167 “bestias'’
1019 2125 1300 2167 introdusitas
1339 2127 1383 2167 in
1420 2141 1571 2168 arcam
1613 2141 1715 2168 cum

229 2190 422 2232 Noacho
447 2190 764 2243 intelligantur
794 2187 1055 2230 affectiones
1086 2188 1305 2229 naturalis
1335 2188 1530 2229 hominis
1564 2202 1713 2230 corre-

227 2254 509 2307 spondentes
548 2252 774 2295 affecfioni
811 2252 1046 2306 spirituali,
1085 2266 1199 2306 quae
1239 2252 1417 2293 fuerunt
1458 2252 1716 2294 hominibus

226 2315 355 2370 istius
376 2315 610 2356 ecelesiae.
658 2326 737 2363 (Sed
752 2326 831 2354 haec
843 2325 938 2353 etiam
951 2325 1117 2353 videantur
1132 2324 1289 2362 explicata
1303 2325 1335 2352 in
1350 2325 1489 2353 Arcanis
1504 2325 1714 2360 Caeles-tibus.)

228 2374 453 2429 Quoniam
485 2390 564 2430 per
592 2376 860 2417 “hominem
878 2375 897 2390 '’
923 2374 1204 2428 significatur
1234 2375 1438 2415 internus
1470 2375 1715 2429 spiritualis

227 2438 381 2487 homo,
414 2446 460 2480 et
497 2453 576 2492 per
615 2438 880 2479 “bestiam’'
912 2445 1129 2478 externus
1166 2452 1244 2478 seu
1282 2438 1514 2486 naturalis,
1553 2445 1599 2479 et
1637 2452 1716 2492 per

226 2501 536 2555 “Aegyptum
550 2502 570 2516 ”
602 2501 821 2543 naturalis
859 2501 996 2542 homo
1034 2507 1270 2554 separatus
1306 2515 1332 2541 a
1368 2501 1601 2554 spirituali,
1641 2503 1714 2555 qui

229 2578 408 2618 prorsus
439 2572 510 2606 est
541 2565 815 2619 deperditus,
844 2571 890 2605 et
923 2578 1012 2604 non
1045 2564 1237 2618 amplius
1268 2564 1407 2605 homo
1438 2565 1518 2605 sed
1550 2565 1711 2612 bestia,

167 2655 173 2666 f
226 2628 329 2670 ideo
354 2628 427 2669 ubi
453 2629 601 2682 agitur
626 2629 682 2669 de
708 2628 853 2669 exitio
879 2627 1102 2681 Aegypti,
1127 2635 1404 2669 memoratur

300 2732 404 2774 Quod
421 2733 582 2774 Jehovah
600 2733 720 2774 pluere
734 2733 856 2764 fecerit
872 2733 1094 2772 grandinem,
1107 2733 1162 2764 cui
1180 2733 1274 2773 ignis
1291 2733 1356 2764 fuit
1374 2734 1566 2771 immixtus,
1585 2740 1619 2765 et
1637 2744 1715 2774 per·

399 2777 548 2827 casserit
567 2787 674 2858 ‹)>mne
694 2777 787 2818 quod
812 2777 848 2807 in
872 2777 968 2816 agris
987 2778 1032 2807 ab
1051 2777 1196 2808 homine
1216 2787 1327 2818 usque
1346 2778 1391 2808 ad
1412 2778 1563 2809 bestiam
1588 2778 1713 2817 (Exod.

400 2830 444 2852 xx.
462 2828 567 2859 22-25
585 2845 593 2852 .

228 2922 295 2961 (De
308 2931 373 2960 qua
391 2932 424 2952 re
437 2923 603 2952 videantur
617 2924 711 2952 etiam
728 2923 858 2953 Arcana
877 2924 1054 2962 Caelestia.)
1103 2913 1295 2968 Propter
1317 2914 1711 2968 repraesentatio·
