1962 3334
277 263 382 305 1618
689 273 1023 308 APOCALYPSIS
1055 275 1354 308 EXPLICATA.

269 386 708 438 repraesentabatur
738 387 916 428 caelum
947 388 1156 429 ultimum
1194 403 1272 429 seu
1302 388 1511 442 primum.
1571 399 1684 438 (Quod
1703 403 1767 430 tres

269 445 347 473 caeli
369 454 426 482 per
447 446 635 474 Tentorium
659 446 737 475 illud
759 448 982 484 repraesentati
1005 448 1127 482 fuerint,
1144 449 1288 477 videatur
1308 449 1340 477 in
1362 448 1503 477 Arcanis
1522 449 1718 483 Caelestibus,
1734 457 1765 477 n.

269 491 359 526 3478,
382 497 471 527 9457,
494 493 584 528 9481,
607 493 703 528 9485;
734 493 811 529 quid
832 498 939 521 autem
962 493 994 522 in
1016 494 1122 531 specie
1145 503 1203 531 per
1223 494 1349 527 atrium,
1372 498 1402 522 et
1427 503 1484 531 per
1505 494 1612 522 omnia
1633 494 1711 531 ejus,
1734 502 1766 524 n.

268 544 476 583 9741-9775·)
535 534 654 588 Quia
694 536 860 576 atrium
897 537 1278 590 repraesentabat
1318 537 1496 578 caelum
1537 537 1763 584 ultimum,

270 601 316 635 et
342 595 446 636 inde
474 610 650 649 quoque
676 604 915 638 externum
942 598 1175 647 ecclesiae,
1199 598 1354 647 Verbi,
1379 604 1425 639 et
1451 598 1612 648 cultus,
1635 598 1738 638 ideo

345 691 501 723 Residua
519 702 563 723 ex
580 693 731 724 minchis
751 699 786 725 et
805 703 849 725 ex
865 694 1044 725 sacrificiis
1065 695 1197 734 peccati
1217 695 1263 725 ab
1283 694 1452 726 Aharone
1472 700 1507 726 et
1527 694 1608 726 filiis
1628 693 1706 734 ejus
1726 693 1764 725 in

444 735 534 766 atrio
551 737 831 769 comedebantur
847 737 967 778 (Lavit.
987 736 1066 770 [¹]vi.
1083 748 1114 778 9,
1135 747 1174 778 19
1193 736 1252 780 [B.
1269 739 1315 772 A.
1335 738 1383 776 16,
1402 736 1493 779 26]):

272 836 352 876 per
393 825 671 865 “comedere
716 826 760 866 in
790 825 949 876 ‚atrio''
988 825 1066 866 illa
1110 824 1392 867 sanctificata
1431 825 1767 879 significabatur

269 888 558 939 appropriare
599 889 681 929 sibi
718 889 837 929 bona
873 889 1091 930 ecclesiae
1129 903 1242 943 quae
1280 888 1649 942 significabantur
1686 901 1765 941 per

272 950 542 990 “minchas’'
573 958 619 992 et
653 965 730 1004 per
764 951 1049 992 “sacrificia''
1075 952 1178 1002 illa;
1215 958 1261 993 et
1293 952 1599 1004 appropriatio
1630 964 1761 991 sanc·

270 1018 419 1053 torum
441 1014 586 1054 omnis
609 1013 658 1055 fit
682 1028 760 1067 per
781 1014 953 1063 ultima,
973 1027 1077 1055 nam
1100 1015 1182 1055 nisi
1205 1028 1283 1067 per
1305 1014 1464 1055 ultima
1486 1027 1763 1067 non-appro-

270 1076 400 1129 priari
423 1076 635 1118 interiora
654 1075 809 1118 sancta
833 1084 1035 1130 possunt.
1097 1078 1166 1118 De
1189 1079 1312 1118 atriis
1335 1084 1486 1119 autem
1506 1077 1685 1130 Templi
1702 1077 1766 1118 ita

270 1146 544 1181 memoratur
569 1141 614 1181 in
639 1141 775 1181 Libro
799 1141 957 1182 Primo
981 1141 1169 1194 Regum,

350 1229 495 1261 salomo
516 1230 599 1262 fecit
622 1231 779 1262 “atrium
804 1237 887 1262 ante
912 1231 1020 1263 facies
1042 1231 1183 1271 Templi
1203 1231 1331 1262 domus
1345 1240 1368 1268 ;.
1384 1256 1391 1263 .
1405 1256 1412 1263 .
1428 1237 1478 1263 .et
1497 1230 1627 1262 deinde
1647 1230 1766 1262 aedifi-

445 1275 537 1305 cavit
554 1275 683 1305 atrium
701 1275 860 1313 interius,
879 1281 950 1306 tres
968 1275 1114 1306 ordines
1131 1284 1317 1306 caesorum
1335 1275 1503 1315 lapidum,
1521 1284 1562 1306 ac
1581 1274 1670 1306 ordo
1689 1284 1767 1306 cae-

445 1327 506 1349 sae
526 1317 649 1349 cedri”
667 1318 725 1358 (vi.
745 1327 773 1358 3,
793 1318 869 1359 36):

270 1419 350 1459 per
376 1405 617 1459 Templum
645 1406 849 1447 similiter
874 1407 1301 1460 repraesentabatur
1332 1406 1507 1448 caelum
1539 1413 1585 1448 et
1617 1405 1765 1447 eccle-

270 1469 363 1520 sia;
406 1482 484 1522 per
515 1469 717 1522 adytum,
745 1470 818 1510 ubi
849 1483 966 1518 arca,
993 1471 1419 1522 repraesentabatur
1451 1470 1626 1511 caelum
1658 1470 1764 1511 inti-

270 1545 501 1572 mum-seu
533 1533 730 1580 tertium,
764 1539 859 1573 tum
892 1532 1083 1573 ecclesia
1114 1533 1232 1585 apud
1271 1533 1372 1573 illos
1408 1533 1480 1586 qui
1517 1533 1561 1573 in
1597 1533 1765 1573 intimis

271 1602 389 1644 sunt,
409 1609 522 1649 quae
540 1595 731 1636 ecclesia
752 1603 940 1637 vocatur
957 1596 1148 1637 ecclesia
1170 1596 1380 1637 caelestis
1402 1611 1410 1647 ;
1444 1610 1522 1649 per
1543 1596 1765 1649 templum

271 1665 404 1699 extra
439 1658 549 1699 illud
587 1660 1010 1711 repraesentabatur
1047 1659 1221 1699 caelum
1258 1659 1454 1700 medium
1491 1673 1570 1700 seu
1605 1672 1765 1700 secun-

271 1723 391 1771 dum,
420 1729 516 1764 tum
548 1723 739 1764 ecclesia
765 1724 883 1776 apud
915 1723 1017 1764 illos
1049 1724 1122 1776 qui
1154 1724 1195 1763 in
1230 1723 1379 1763 medio
1405 1730 1523 1772 sunt,
1550 1737 1664 1776 quae
1691 1736 1765 1764 ec-

271 1786 408 1827 clesia
430 1793 618 1827 vocatur
640 1787 832 1827 ecclesia
854 1787 1032 1827 interna
1058 1786 1299 1840 spiritualis
1320 1800 1329 1836 ;
1362 1799 1440 1838 per
1465 1787 1625 1827 atrium
1649 1787 1765 1827 inte·

271 1850 359 1890 rius
396 1850 822 1903 repraesentabatur
859 1849 1033 1890 caelum
1074 1850 1279 1890 ultimum
1317 1863 1394 1890 seu
1431 1850 1634 1902 primum,
1670 1856 1766 1890 turn

272 1912 464 1954 ecclesia
481 1914 598 1966 apud
621 1913 723 1954 illos
745 1913 818 1966 qui
840 1913 884 1953 in
908 1912 1076 1953 ultimis
1097 1919 1215 1961 sunt,
1235 1926 1348 1966 quae
1372 1912 1563 1953 ecclesia
1580 1919 1767 1953 vocatur

272 1975 463 2016 ecclesia
489 1976 667 2016 interna
693 1975 936 2026 naturalis;
976 1989 1053 2028 per
1085 1976 1248 2016 atrium
1281 1976 1481 2016 exterius
1513 1981 1663 2016 autem
1696 1989 1765 2016 re-

273 2039 648 2092 praesentabatur
662 2039 872 2080 introitus
890 2040 933 2079 in
954 2038 1127 2079 caelum
1145 2051 1153 2078 :
1185 2045 1231 2079 et
1247 2039 1348 2091 quia
1366 2042 1481 2090 per“
1495 2037 1766 2090 Templum”

275 2103 319 2142 in
361 2115 570 2155 supremo
612 2115 744 2142 sensu
785 2101 1063 2154 significatur
1104 2101 1325 2141 Dominus
1365 2101 1512 2154 quoad
1554 2101 1766 2141 Divinum

276 2165 552 2213 Humanum,
585 2171 681 2205 tum
718 2165 867 2218 quoad
904 2164 1116 2204 Divinum
1154 2163 1339 2212 Verum,
1373 2164 1475 2204 inde
1513 2164 1651 2204 etiarn
1689 2176 1768 2216 per

276 2227 535 2281 “templum
548 2227 567 2243 ”
593 2227 871 2281 significatur
898 2227 1110 2268 Divinum
1134 2227 1306 2268 Verum
1333 2227 1583 2279 procedens
1614 2240 1640 2267 a
1672 2226 1767 2267 Do-

274 2292 410 2339 mino,
445 2291 630 2343 proinde
663 2290 879 2339 Verbum,
914 2303 1018 2331 nam
1050 2291 1135 2331 hoc
1175 2296 1245 2330 est
1278 2289 1488 2330 Divinum
1521 2289 1691 2330 Verum
1723 2291 1767 2330 in

275 2354 478 2395 ecclesia.
542 2353 675 2406 Quod
714 2353 925 2394 Divinum
959 2353 1220 2393 Humanum
1258 2352 1441 2392 Domini
1478 2365 1557 2404 per
1590 2352 1764 2393 “Tem-

276 2417 399 2471 plum
414 2417 433 2432 ”
459 2417 750 2470 significetur,
779 2423 963 2458 constat
989 2430 1048 2457 ex
1076 2416 1258 2456 Domini
1284 2416 1445 2464 verbis,
1473 2416 1545 2456 ubi
1571 2415 1694 2465 dicit,

342 2513 507 2545 “Solvite
532 2513 723 2553 Templum
748 2513 824 2551 hoc,
850 2513 887 2544 in
912 2513 1024 2544 tribus
1049 2518 1167 2543 autem
1193 2512 1318 2543 diebus
1342 2511 1568 2543 exsuscitabo
1593 2512 1701 2550 illud;
1732 2518 1768 2544 et

451 2557 533 2598 Ipse
551 2558 760 2598 loquebatur
777 2558 820 2588 de
842 2557 994 2597 Templo
1014 2556 1172 2596 corporis
1191 2556 1245 2587 sui
1257 2554 1275 2566 '¹
1292 2555 1391 2597 (Jolz.
1409 2555 1442 2587 ii.
1463 2556 1593 2596 18-23).

277 2642 411 2697 Quod
438 2657 516 2696 per
540 2642 830 2696 “templum''
856 2641 1132 2696 significetur
1155 2641 1360 2690 ecclesia,
1384 2647 1564 2682 constat
1591 2655 1650 2682 ex
1676 2641 1745 2682 his

277 2707 458 2748 Domini
485 2706 646 2755 verbis,

350 2787 454 2829 Quod
473 2787 572 2818 “non
600 2787 791 2828 reliquetur
811 2787 900 2827 lapis
925 2796 1032 2827 super
1051 2784 1198 2827 lapide'’
1218 2785 1261 2817 de
1286 2785 1419 2826 templo
1438 2785 1524 2826 “qui
1545 2794 1618 2816 non
1641 2784 1768 2816 dissol-

450 2830 581 2862 vetur''
598 2830 740 2870 (Matth.
758 2831 851 2862 xxiv.
873 2839 899 2868 1,
918 2838 936 2861 2
952 2840 958 2868 ;
990 2830 1073 2862 Luc.
1090 2830 1159 2861 xxi.
1179 2829 1273 2869 5—7):

277 2933 357 2974 per
392 2933 505 2974 quae
538 2919 674 2960 verba
705 2918 972 2972 intelligitur
1008 2918 1127 2972 quod
1165 2931 1298 2959 omne
1338 2917 1549 2958 Divinum
1580 2916 1765 2964 Verum,
