1962 3334
565 266 670 299 CAP.
693 266 777 306 XL,
799 266 937 299 VERS.
965 236 1135 321 13.-ss-N.
1157 254 1324 310 675[b].
1488 284 1492 287 -
1581 264 1684 309 1795

207 394 266 422 ex
291 380 378 421 hoc
405 380 599 431 mundo;
631 386 678 421 at
704 380 778 433 qui
801 393 908 420 vera
930 378 1165 433 possident
1192 385 1287 420 tam
1310 378 1526 419 memoria
1552 391 1686 431 quam

204 444 314 490 vita,
351 442 415 483 illi
454 443 498 483 in
539 457 586 483 se
627 442 911 495 locupletant
947 441 1300 494 intelligentiam
1339 442 1384 481 in
1423 447 1685 490 aeternum;

203 505 307 546 ideo
338 505 499 545 dicitur
529 505 649 558 quod
679 504 933 545 “tollerent
965 505 1132 544 minam
1164 504 1222 544 ab
1252 503 1331 544 illo
1362 504 1435 557 qui
1466 502 1576 543 nihil
1608 516 1688 556 per

205 567 374 607 minam
405 567 603 608 lucratus
635 573 720 616 est,
753 573 800 608 et
837 567 966 608 daret
1002 567 1126 607 illam
1164 567 1204 607 ei
1240 567 1314 620 qui
1350 566 1509 606 decem
1542 566 1686 606 minas

198 628 383 670 ‘habetff’
442 629 608 670 Similis
634 643 704 670 res
730 635 800 670 est
826 642 927 670 cum
949 629 1035 669 illis

275 716 412 759 Quibus
433 718 515 748 data
534 724 617 749 sunt
634 717 776 755 talenta,
793 717 854 748 uni
873 718 1036 758 quinque,
1053 717 1155 748 alteri
1171 717 1251 755 duo,
1269 722 1304 748 et
1323 717 1428 748 tertio
1443 726 1576 754 unum;
1601 726 1686 757 quo-

378 770 454 791 rum
474 761 610 801 primus
630 771 674 792 ex
692 761 846 801 quinque
865 761 1010 792 talentis
1029 761 1181 791 lucratus
1201 766 1255 791 est
1273 760 1345 791 alia
1362 761 1526 800 quinque,
1544 766 1579 791 et
1597 761 1687 791 alter

378 814 421 834 ex
437 804 575 835 duobus
593 805 746 835 lucratus
761 810 816 835 est
834 805 905 835 alia
922 805 993 835 duo
1009 813 1016 840 ;
1040 810 1075 835 et
1094 804 1218 834 tertius
1234 804 1393 843 reposuit
1409 804 1494 834 illud
1513 804 1549 834 in
1569 810 1663 834 terra
1677 813 1684 840 ;

378 848 422 878 de
438 857 508 888 quo
526 847 703 879 Dominus
715 847 813 885 dixit,
825 847 956 878 Tollite
968 848 1013 878 ab
1029 847 1090 878 illo
1103 847 1161 888 qui
1179 857 1251 878 non
1264 848 1465 886 negotiatus
1478 853 1513 877 et
1529 847 1683 878 lucratus

379 896 444 930 est,
464 898 499 921 et
521 891 603 922 date
625 891 771 922 habenti
794 891 915 922 decem
934 891 1078 924 talenta.
1096 890 1177 931 quia
1196 890 1341 922 habenti
1366 890 1464 921 omni
1488 890 1627 921 dabitur
1646 897 1685 921 ut

378 934 544 971 abundet,
556 941 590 965 et
602 935 647 965 ab
660 944 703 966 eo
713 934 772 974 qui
785 944 858 965 non
871 934 987 972 habet,
999 934 1103 965 etiam
1118 934 1212 975 quod
1224 933 1332 965 habet
1343 933 1524 964 auferetur
1539 934 1683 974 (Matth.

372 986 454 1009 xxv‚
474 978 590 1017 14-30)
603 989 609 1009 :

199 1084 280 1124 per
317 1072 579 1125 “quinque’‘
616 1079 662 1113 et
702 1086 781 1126 per
822 1072 1051 1114 “decem‘’
1084 1074 1222 1114 etiam
1261 1074 1333 1115 hic
1373 1073 1683 1127 significantur

200 1133 366 1187 aliquid
392 1141 437 1174 et
464 1134 683 1185 multum;
715 1137 779 1176 ita
801 1136 920 1189 quod
942 1135 1108 1189 primus
1131 1150 1190 1176 ex
1212 1136 1431 1190 aliquibus
1455 1137 1681 1189 cognitio-

197 1195 326 1236 nibus
356 1197 448 1236 veri
478 1203 524 1237 et
558 1197 665 1237 boni
697 1199 1025 1251 comparaverit
1051 1198 1133 1239 sibi
1159 1199 1349 1239 multam
1384 1200 1678 1253 sapientiam:

197 1259 317 1311 quod
343 1259 565 1300 auferetur
590 1260 647 1300 ab
678 1259 756 1300 illo
790 1261 863 1313 qui
894 1260 1003 1300 nihil
1030 1261 1362 1315 intelligentiae
1387 1263 1469 1302 sibi
1494 1275 1679 1315 compa-

195 1321 326 1369 ravit,
350 1327 397 1362 et
422 1322 603 1362 daretur
628 1322 691 1362 illi
716 1323 1018 1376 qui‚multum,
1044 1331 1114 1364 est
1141 1325 1243 1377 quia
1264 1325 1403 1365 homo
1425 1332 1529 1378 post
1556 1338 1676 1366 mor-

194 1387 302 1431 tem,
335 1396 436 1423 cum
467 1383 517 1424 fit
548 1385 743 1437 spiritus,
777 1398 930 1425 secum
960 1385 1045 1426 fert
1086 1387 1238 1427 omnia
1274 1394 1320 1427 et
1353 1387 1530 1440 singula
1561 1401 1677 1440 quae

194 1458 253 1484 ex
279 1444 434 1485 Verbo
465 1452 511 1486 et
543 1460 602 1486 ex
634 1445 838 1487 doctrina
869 1447 1090 1488 ecclesiae
1122 1448 1362 1499 hauserat;
1399 1450 1479 1490 sed
1511 1449 1574 1489 illi
1605 1451 1678 1503 qui

194 1506 304 1546 nihil
329 1507 662 1560 intelligentiae
688 1522 767 1562 per
796 1509 873 1549 illa
899 1510 980 1550 sibi
1006 1519 1399 1563 comparaverunt,
1427 1519 1532 1553 sunt
1559 1514 1677 1553 inte-

192 1569 280 1608 rius
311 1569 430 1618 mali,
465 1577 511 1611 et
543 1571 644 1611 ideo
676 1572 792 1611 veris
830 1578 876 1612 et
907 1573 1037 1612 bonis
1069 1573 1182 1613 caeli
1214 1580 1260 1614 et
1292 1574 1527 1623 ecclesiae,
1561 1589 1675 1628 quae

192 1633 408 1672 memoria
429 1638 562 1673 tenus
583 1633 728 1673 solum
751 1635 1063 1687 possederunt,
1089 1636 1336 1677 abutuntur
1358 1637 1415 1677 ad
1438 1637 1676 1678 dominan-

192 1693 312 1742 dum,
351 1700 398 1734 et
438 1695 494 1735 ad
536 1695 703 1735 malum
746 1697 998 1737 faciendum
1038 1698 1314 1751 simplicibus
1351 1700 1480 1740 bonis
1519 1702 1591 1753 qui
1631 1702 1676 1741 in

192 1755 350 1797 ultimo
381 1757 534 1807 cae10;
576 1772 629 1798 ea
664 1771 800 1798 causa
837 1765 907 1799 est
944 1760 1065 1813 quod
1096 1774 1201 1800 vera
1239 1768 1285 1801 et
1317 1761 1436 1802 bona
1473 1763 1560 1803 ista
1590 1762 1677 1803 illis

191 1817 460 1867 auferantur,
493 1826 539 1860 et
571 1820 734 1860 dentur
763 1820 851 1861 illis
882 1822 954 1874 qui
987 1822 1130 1863 multa
1161 1823 1349 1872 habent,
1383 1826 1596 1878 quoniam
1628 1825 1675 1866 hi

191 1893 282 1920 non
312 1880 398 1921 illis
429 1882 689 1930 abutuntur,
719 1883 798 1923 sed
831 1897 891 1923 ex
923 1884 1010 1924 illis
1041 1899 1167 1925 usum
1198 1886 1380 1927 faciunt.
1442 1886 1576 1940 Quod
1607 1888 1672 1928 illi

190 1944 265 1996 qui
295 1944 339 1984 in
365 1945 532 1985 mundo
558 1959 636 1998 per
662 1947 949 1998 cognitiones
975 1948 1067 1987 veri
1098 1954 1144 1988 et
1175 1949 1281 1989 boni
1313 1963 1372 1989 ex
1399 1949 1555 1990 Verbo
1581 1964 1673 1991 non

190 2005 273 2046 sibi
299 2015 565 2060 comparant
591 2009 941 2061 intelligentiam
973 2011 1264 2063 spiritualem,
1294 2012 1398 2052 mali
1430 2014 1534 2061 sint,
1564 2027 1674 2054 con-

190 2074 284 2108 stat
310 2082 369 2109 ex
397 2083 465 2117 eo,
490 2071 610 2123 quod
637 2084 795 2111 omnes
820 2073 863 2111 in
891 2073 1009 2112 mala
1036 2075 1181 2113 omnis
1206 2076 1384 2127 generis
1410 2083 1671 2125 nascantur,

189 2137 236 2171 et
267 2132 387 2184 quod
418 2132 494 2172 illa
526 2146 616 2172 non
642 2141 963 2175 removeantur
993 2136 1076 2176 nisi
1107 2150 1240 2189 quam
1273 2151 1351 2190 per
1377 2138 1541 2178 Divina
1566 2153 1674 2179 vera

190 2206 249 2232 ex
274 2193 454 2244 Verbo;
493 2208 655 2248 nempe
688 2209 766 2248 per
796 2196 972 2237 illorum
1004 2198 1356 2251 applicationem
1388 2201 1445 2240 ad
1477 2215 1595 2249 usus,
1623 2208 1671 2242 et

190 2256 252 2296 sic
278 2258 585 2310 receptionem
611 2259 802 2304 in‘vita:
835 2273 971 2312 quare
997 2260 1097 2309 illis,
1121 2262 1194 2314 qui
1221 2261 1382 2302 lucrati
1408 2270 1529 2312 sunt,
1558 2265 1669 2304 dici-

189 2323 274 2367 tur,

262 2407 363 2439 Servi
385 2408 471 2440 boni
494 2415 529 2440 et
553 2409 685 2447 fideles,
707 2410 789 2450 quia
812 2420 917 2451 super
936 2421 1045 2452 parva
1067 2413 1174 2444 eratis
1195 2413 1325 2452 fideles,
1346 2424 1452 2455 super
1476 2405 1587 2446 multa
1607 2425 1671 2447 vos

360 2453 572 2483 constituam
589 2463 595 2491 ;
620 2454 846 2493 ingredimini
863 2455 898 2485 in
914 2456 1081 2495 gaudium
1101 2455 1245 2488 Domini
1262 2458 1312 2488 tui
1328 2457 1432 2498 (vers.
1451 2466 1502 2496 21,
1521 2460 1593 2498 23):

188 2541 235 2577 et
261 2537 316 2576 ad
342 2536 467 2577 illum
494 2538 566 2591 qui
592 2538 700 2578 nihil
728 2538 925 2580 lucratus
952 2546 1036 2589 est,

254 2625 273 2639 ‘⁴
283 2624 430 2656 Servum
448 2626 607 2657 inutilem
626 2626 740 2666 ejicite
758 2627 792 2658 in
811 2629 974 2659 tenebras
992 2629 1194 2668 exteriores,
1212 2630 1258 2661 ibi
1276 2631 1341 2663 erit
1358 2630 1521 2672 plancius
1538 2639 1572 2664 et
1590 2633 1671 2664 stri-

359 2669 424 2700 dor
440 2669 598 2700 dentium
609 2669 627 2680 ’'
644 2674 748 2709 (vers.
766 2673 832 2710 30).

271 2761 354 2814 [b.]
397 2761 624 2814 Quoniam
658 2763 888 2804 “decem''
918 2765 1177 2820 significant
1207 2781 1342 2809 omne
1377 2775 1423 2810 et
1455 2769 1664 2818 multum,

186 2822 288 2863 ideo
314 2822 388 2863 ille
415 2836 621 2864 numerus
646 2825 783 2865 etiam
810 2825 915 2866 alibi
946 2827 1106 2868 dicitur
1137 2842 1162 2868 a
1189 2828 1400 2879 Domino,
1429 2831 1501 2871 ubi
1528 2844 1662 2872 omne

186 2891 233 2926 et
259 2885 448 2926 multum
475 2886 820 2940 intelligendum
846 2895 930 2939 est,
958 2890 1073 2931 sicut
