<?xml version="1.0" encoding="UTF-8"?>
<!DOCTYPE html PUBLIC "-//W3C//DTD XHTML 1.0 Transitional//EN"
    "http://www.w3.org/TR/xhtml1/DTD/xhtml1-transitional.dtd">
<html xmlns="http://www.w3.org/1999/xhtml" xml:lang="en" lang="en">
 <head>
  <title>
</title>
<meta http-equiv="Content-Type" content="text/html;charset=utf-8" />
  <meta name='ocr-system' content='tesseract 3.04.00' />
  <meta name='ocr-capabilities' content='ocr_page ocr_carea ocr_par ocr_line ocrx_word'/>
</head>
<body>
  <div class='ocr_page' id='page_1' title='image "apocalypsisexpli03sweduoft_0505.png"; bbox 0 0 1962 3334; ppageno 0'>
   <div class='ocr_carea' id='block_1_1' title="bbox 0 530 77 3334">
    <p class='ocr_par' dir='ltr' id='par_1_1' title="bbox 0 530 77 3334">
     <span class='ocr_line' id='line_1_1' title="bbox 0 530 77 3334; baseline 0 0"><span class='ocrx_word' id='word_1_1' title='bbox 0 530 77 3334; x_wconf 95' lang='lat' dir='ltr'> </span> 
     </span>
    </p>
   </div>
   <div class='ocr_carea' id='block_1_2' title="bbox 0 0 223 332">
    <p class='ocr_par' dir='ltr' id='par_1_2' title="bbox 0 0 223 332">
     <span class='ocr_line' id='line_1_2' title="bbox 0 0 223 332; baseline 0 3002"><span class='ocrx_word' id='word_1_2' title='bbox 0 0 223 332; x_wconf 95' lang='lat' dir='ltr'> </span> 
     </span>
    </p>
   </div>
   <div class='ocr_carea' id='block_1_3' title="bbox 551 256 1676 328">
    <p class='ocr_par' dir='ltr' id='par_1_3' title="bbox 551 256 1676 328">
     <span class='ocr_line' id='line_1_3' title="bbox 551 256 1676 328; baseline -0.006 -8"><span class='ocrx_word' id='word_1_3' title='bbox 551 287 657 320; x_wconf 80' lang='lat' dir='ltr'>CAP.</span> <span class='ocrx_word' id='word_1_4' title='bbox 680 285 763 326; x_wconf 85' lang='lat' dir='ltr'>x1.‚</span> <span class='ocrx_word' id='word_1_5' title='bbox 786 285 925 321; x_wconf 62' lang='lat' dir='ltr'>vans.</span> <span class='ocrx_word' id='word_1_6' title='bbox 953 283 1121 328; x_wconf 76' lang='lat' dir='ltr'>15.—-N.</span> <span class='ocrx_word' id='word_1_7' title='bbox 1144 273 1305 328; x_wconf 61' lang='lat' dir='ltr'><strong>6842[c].</strong></span> <span class='ocrx_word' id='word_1_8' title='bbox 1330 280 1334 282; x_wconf 67' lang='grc'>’</span> <span class='ocrx_word' id='word_1_9' title='bbox 1469 256 1472 259; x_wconf 54' lang='grc'>’</span> <span class='ocrx_word' id='word_1_10' title='bbox 1568 274 1676 326; x_wconf 85' lang='lat'>1819</span> 
     </span>
    </p>
   </div>
   <div class='ocr_carea' id='block_1_4' title="bbox 188 395 1701 1640">
    <p class='ocr_par' dir='ltr' id='par_1_4' title="bbox 188 395 1701 1640">
     <span class='ocr_line' id='line_1_4' title="bbox 192 395 1674 446; baseline -0.005 -4"><span class='ocrx_word' id='word_1_11' title='bbox 192 414 297 442; x_wconf 87' lang='lat' dir='ltr'>num</span> <span class='ocrx_word' id='word_1_12' title='bbox 322 400 493 441; x_wconf 87' lang='lat' dir='ltr'>Verum</span> <span class='ocrx_word' id='word_1_13' title='bbox 518 413 570 440; x_wconf 89' lang='lat' dir='ltr'>ac</span> <span class='ocrx_word' id='word_1_14' title='bbox 597 399 761 439; x_wconf 91' lang='lat' dir='ltr'>Divina</span> <span class='ocrx_word' id='word_1_15' title='bbox 787 398 1010 446; x_wconf 87' lang='lat' dir='ltr'>Potentia,</span> <span class='ocrx_word' id='word_1_16' title='bbox 1034 403 1224 438; x_wconf 88' lang='lat' dir='ltr'>vocatur</span> <span class='ocrx_word' id='word_1_17' title='bbox 1245 397 1383 437; x_wconf 90' lang='lat' dir='ltr'>etiam</span> <span class='ocrx_word' id='word_1_18' title='bbox 1403 395 1569 436; x_wconf 85' lang='lat' dir='ltr'>“Deus</span> <span class='ocrx_word' id='word_1_19' title='bbox 1581 395 1601 411; x_wconf 90' lang='lat'>’&#39;</span> <span class='ocrx_word' id='word_1_20' title='bbox 1626 402 1674 436; x_wconf 91' lang='lat' dir='ltr'>et</span> 
     </span>
     <span class='ocr_line' id='line_1_5' title="bbox 192 458 1701 513; baseline -0.005 -8"><span class='ocrx_word' id='word_1_21' title='bbox 192 465 364 505; x_wconf 82' lang='lat' dir='ltr'>“Petra</span> <span class='ocrx_word' id='word_1_22' title='bbox 389 463 544 503; x_wconf 90' lang='lat' dir='ltr'>salutis</span> <span class='ocrx_word' id='word_1_23' title='bbox 559 462 594 502; x_wconf 86' lang='lat'>:”</span> <span class='ocrx_word' id='word_1_24' title='bbox 628 463 805 502; x_wconf 86' lang='lat' dir='ltr'>“etiam</span> <span class='ocrx_word' id='word_1_25' title='bbox 838 461 941 513; x_wconf 87' lang='lat' dir='ltr'>Ego</span> <span class='ocrx_word' id='word_1_26' title='bbox 967 460 1322 512; x_wconf 84' lang='lat' dir='ltr'>Primogenitum</span> <span class='ocrx_word' id='word_1_27' title='bbox 1353 458 1472 499; x_wconf 90' lang='lat' dir='ltr'>dabo</span> <span class='ocrx_word' id='word_1_28' title='bbox 1504 458 1672 510; x_wconf 89' lang='lat' dir='ltr'>Ipsum,</span> <span class='ocrx_word' id='word_1_29' title='bbox 1696 462 1701 469; x_wconf 94' lang='grc'><strong>“</strong></span> 
     </span>
     <span class='ocr_line' id='line_1_6' title="bbox 188 521 1673 578; baseline -0.005 -11"><span class='ocrx_word' id='word_1_30' title='bbox 188 526 331 567; x_wconf 88' lang='lat' dir='ltr'>altum</span> <span class='ocrx_word' id='word_1_31' title='bbox 347 525 526 578; x_wconf 86' lang='lat' dir='ltr'>regibus</span> <span class='ocrx_word' id='word_1_32' title='bbox 543 523 729 571; x_wconf 89' lang='lat' dir='ltr'>terrae,”</span> <span class='ocrx_word' id='word_1_33' title='bbox 746 522 972 575; x_wconf 82' lang='lat' dir='ltr'>significat</span> <span class='ocrx_word' id='word_1_34' title='bbox 990 522 1111 575; x_wconf 90' lang='lat' dir='ltr'>quod</span> <span class='ocrx_word' id='word_1_35' title='bbox 1130 523 1188 562; x_wconf 87' lang='lat' dir='ltr'>sit</span> <span class='ocrx_word' id='word_1_36' title='bbox 1206 535 1339 574; x_wconf 87' lang='lat' dir='ltr'>supra</span> <span class='ocrx_word' id='word_1_37' title='bbox 1354 534 1487 562; x_wconf 90' lang='lat' dir='ltr'>omne</span> <span class='ocrx_word' id='word_1_38' title='bbox 1506 521 1673 560; x_wconf 91' lang='lat' dir='ltr'>bonum</span> 
     </span>
     <span class='ocr_line' id='line_1_7' title="bbox 189 583 1675 638; baseline -0.004 -9"><span class='ocrx_word' id='word_1_39' title='bbox 189 596 236 630; x_wconf 91' lang='lat' dir='ltr'>et</span> <span class='ocrx_word' id='word_1_40' title='bbox 261 601 416 629; x_wconf 90' lang='lat' dir='ltr'>verum</span> <span class='ocrx_word' id='word_1_41' title='bbox 441 587 553 628; x_wconf 89' lang='lat' dir='ltr'>caeli</span> <span class='ocrx_word' id='word_1_42' title='bbox 578 593 624 627; x_wconf 91' lang='lat' dir='ltr'>et</span> <span class='ocrx_word' id='word_1_43' title='bbox 651 586 882 632; x_wconf 86' lang='lat' dir='ltr'>ecclesiae,</span> <span class='ocrx_word' id='word_1_44' title='bbox 910 586 1013 638; x_wconf 90' lang='lat' dir='ltr'>quia</span> <span class='ocrx_word' id='word_1_45' title='bbox 1038 585 1157 625; x_wconf 90' lang='lat' dir='ltr'>bona</span> <span class='ocrx_word' id='word_1_46' title='bbox 1182 591 1229 625; x_wconf 91' lang='lat' dir='ltr'>et</span> <span class='ocrx_word' id='word_1_47' title='bbox 1254 598 1360 624; x_wconf 89' lang='lat' dir='ltr'>vera</span> <span class='ocrx_word' id='word_1_48' title='bbox 1390 584 1451 624; x_wconf 87' lang='lat' dir='ltr'>ibi</span> <span class='ocrx_word' id='word_1_49' title='bbox 1481 590 1585 623; x_wconf 88' lang='lat' dir='ltr'>sunt</span> <span class='ocrx_word' id='word_1_50' title='bbox 1616 583 1675 622; x_wconf 91' lang='lat' dir='ltr'>ab</span> 
     </span>
     <span class='ocr_line' id='line_1_8' title="bbox 192 646 1675 704; baseline -0.004 -12"><span class='ocrx_word' id='word_1_51' title='bbox 192 652 322 704; x_wconf 90' lang='lat' dir='ltr'>Ipso:</span> <span class='ocrx_word' id='word_1_52' title='bbox 357 655 441 691; x_wconf 91' lang='lat' dir='ltr'>“et</span> <span class='ocrx_word' id='word_1_53' title='bbox 478 650 634 691; x_wconf 88' lang='lat' dir='ltr'>foedus</span> <span class='ocrx_word' id='word_1_54' title='bbox 665 662 814 689; x_wconf 90' lang='lat' dir='ltr'>meum</span> <span class='ocrx_word' id='word_1_55' title='bbox 850 648 1012 688; x_wconf 89' lang='lat' dir='ltr'>stabile</span> <span class='ocrx_word' id='word_1_56' title='bbox 1048 648 1138 700; x_wconf 88' lang='lat' dir='ltr'>Ipsi</span> <span class='ocrx_word' id='word_1_57' title='bbox 1152 648 1170 662; x_wconf 91' lang='lat'>”</span> <span class='ocrx_word' id='word_1_58' title='bbox 1202 646 1426 700; x_wconf 85' lang='lat' dir='ltr'>significat</span> <span class='ocrx_word' id='word_1_59' title='bbox 1462 647 1675 686; x_wconf 84' lang='lat' dir='ltr'>unionem</span> 
     </span>
     <span class='ocr_line' id='line_1_9' title="bbox 190 709 1675 762; baseline -0.003 -8"><span class='ocrx_word' id='word_1_60' title='bbox 190 722 447 754; x_wconf 81' lang='lat' dir='ltr'>aeternam:</span> <span class='ocrx_word' id='word_1_61' title='bbox 483 713 689 752; x_wconf 87' lang='lat' dir='ltr'>“Ponam</span> <span class='ocrx_word' id='word_1_62' title='bbox 712 713 755 751; x_wconf 89' lang='lat' dir='ltr'>in</span> <span class='ocrx_word' id='word_1_63' title='bbox 777 719 1011 751; x_wconf 88' lang='lat' dir='ltr'>aeternum</span> <span class='ocrx_word' id='word_1_64' title='bbox 1033 724 1188 751; x_wconf 89' lang='lat' dir='ltr'>semen</span> <span class='ocrx_word' id='word_1_65' title='bbox 1212 710 1370 762; x_wconf 85' lang='lat' dir='ltr'><strong>Ipsius,</strong></span> <span class='ocrx_word' id='word_1_66' title='bbox 1390 716 1437 750; x_wconf 89' lang='lat' dir='ltr'>et</span> <span class='ocrx_word' id='word_1_67' title='bbox 1460 709 1675 750; x_wconf 89' lang='lat' dir='ltr'>thronum</span> 
     </span>
     <span class='ocr_line' id='line_1_10' title="bbox 192 770 1675 828; baseline -0.003 -12"><span class='ocrx_word' id='word_1_68' title='bbox 192 776 335 828; x_wconf 87' lang='lat' dir='ltr'>Ipsius</span> <span class='ocrx_word' id='word_1_69' title='bbox 357 777 471 816; x_wconf 89' lang='lat' dir='ltr'>sicut</span> <span class='ocrx_word' id='word_1_70' title='bbox 493 775 587 814; x_wconf 91' lang='lat' dir='ltr'>dies</span> <span class='ocrx_word' id='word_1_71' title='bbox 610 773 875 819; x_wconf 84' lang='lat' dir='ltr'>caelorum,”</span> <span class='ocrx_word' id='word_1_72' title='bbox 897 770 1156 825; x_wconf 76' lang='lat' dir='ltr'>1¹¹significat</span> <span class='ocrx_word' id='word_1_73' title='bbox 1182 772 1252 812; x_wconf 92' lang='lat' dir='ltr'>hic</span> <span class='ocrx_word' id='word_1_74' title='bbox 1276 779 1323 812; x_wconf 89' lang='lat' dir='ltr'>ut</span> <span class='ocrx_word' id='word_1_75' title='bbox 1342 784 1475 823; x_wconf 87' lang='lat' dir='ltr'>supra</span> <span class='ocrx_word' id='word_1_76' title='bbox 1493 785 1504 822; x_wconf 90' lang='lat'><em>;</em></span> <span class='ocrx_word' id='word_1_77' title='bbox 1539 775 1564 791; x_wconf 85' lang='lat'><strong>“</strong></span> <span class='ocrx_word' id='word_1_78' title='bbox 1578 771 1675 811; x_wconf 88' lang='lat' dir='ltr'>dies</span> 
     </span>
     <span class='ocr_line' id='line_1_11' title="bbox 191 834 1672 888; baseline -0.003 -9"><span class='ocrx_word' id='word_1_79' title='bbox 191 837 446 879; x_wconf 89' lang='lat' dir='ltr'>caelorum”</span> <span class='ocrx_word' id='word_1_80' title='bbox 473 844 576 877; x_wconf 88' lang='lat' dir='ltr'>sunt</span> <span class='ocrx_word' id='word_1_81' title='bbox 607 844 753 877; x_wconf 88' lang='lat' dir='ltr'>status</span> <span class='ocrx_word' id='word_1_82' title='bbox 784 836 925 876; x_wconf 87' lang='lat' dir='ltr'>totius</span> <span class='ocrx_word' id='word_1_83' title='bbox 951 835 1079 883; x_wconf 89' lang='lat' dir='ltr'>caeli,</span> <span class='ocrx_word' id='word_1_84' title='bbox 1108 835 1181 888; x_wconf 92' lang='lat' dir='ltr'>qui</span> <span class='ocrx_word' id='word_1_85' title='bbox 1213 849 1271 875; x_wconf 85' lang='lat' dir='ltr'>ex</span> <span class='ocrx_word' id='word_1_86' title='bbox 1305 834 1471 875; x_wconf 88' lang='lat' dir='ltr'>Divino</span> <span class='ocrx_word' id='word_1_87' title='bbox 1503 834 1672 886; x_wconf 86' lang='lat' dir='ltr'>Ipsius:</span> 
     </span>
     <span class='ocr_line' id='line_1_12' title="bbox 194 892 1676 952; baseline -0.003 -11"><span class='ocrx_word' id='word_1_88' title='bbox 194 899 382 941; x_wconf 84' lang='lat' dir='ltr'>“Semel</span> <span class='ocrx_word' id='word_1_89' title='bbox 408 899 548 952; x_wconf 88' lang='lat' dir='ltr'>juravi</span> <span class='ocrx_word' id='word_1_90' title='bbox 579 913 658 952; x_wconf 90' lang='lat' dir='ltr'>per</span> <span class='ocrx_word' id='word_1_91' title='bbox 682 897 973 939; x_wconf 61' lang='lat' dir='ltr'>sanctitatem</span> <span class='ocrx_word' id='word_1_92' title='bbox 999 911 1160 945; x_wconf 89' lang='lat' dir='ltr'>meam,</span> <span class='ocrx_word' id='word_1_93' title='bbox 1188 898 1223 937; x_wconf 89' lang='lat' dir='ltr'>si</span> <span class='ocrx_word' id='word_1_94' title='bbox 1257 892 1419 938; x_wconf 88' lang='lat' dir='ltr'>Davidi</span> <span class='ocrx_word' id='word_1_95' title='bbox 1444 896 1676 944; x_wconf 88' lang='lat' dir='ltr'>mentiar,”</span> 
     </span>
     <span class='ocr_line' id='line_1_13' title="bbox 188 959 1675 1015; baseline -0.002 -12"><span class='ocrx_word' id='word_1_96' title='bbox 188 962 410 1015; x_wconf 83' lang='lat' dir='ltr'>significat</span> <span class='ocrx_word' id='word_1_97' title='bbox 447 962 835 1002; x_wconf 87' lang='lat' dir='ltr'>confirmationem</span> <span class='ocrx_word' id='word_1_98' title='bbox 873 967 1122 1007; x_wconf 82' lang='lat' dir='ltr'>aeternam,</span> <span class='ocrx_word' id='word_1_99' title='bbox 1162 960 1264 1013; x_wconf 89' lang='lat' dir='ltr'>quia</span> <span class='ocrx_word' id='word_1_100' title='bbox 1303 974 1362 1000; x_wconf 85' lang='lat' dir='ltr'>ex</span> <span class='ocrx_word' id='word_1_101' title='bbox 1404 960 1584 1007; x_wconf 88' lang='lat' dir='ltr'>Divino,</span> <span class='ocrx_word' id='word_1_102' title='bbox 1618 959 1675 1000; x_wconf 91' lang='lat' dir='ltr'>de</span> 
     </span>
     <span class='ocr_line' id='line_1_14' title="bbox 191 1022 1675 1075; baseline -0.003 -9"><span class='ocrx_word' id='word_1_103' title='bbox 191 1025 402 1073; x_wconf 89' lang='lat' dir='ltr'>Domino,</span> <span class='ocrx_word' id='word_1_104' title='bbox 434 1031 482 1065; x_wconf 90' lang='lat' dir='ltr'>et</span> <span class='ocrx_word' id='word_1_105' title='bbox 520 1025 575 1064; x_wconf 91' lang='lat' dir='ltr'>de</span> <span class='ocrx_word' id='word_1_106' title='bbox 608 1025 770 1064; x_wconf 91' lang='lat' dir='ltr'>unione</span> <span class='ocrx_word' id='word_1_107' title='bbox 804 1023 1003 1063; x_wconf 85' lang='lat' dir='ltr'>Humani</span> <span class='ocrx_word' id='word_1_108' title='bbox 1035 1022 1180 1075; x_wconf 90' lang='lat' dir='ltr'>Ipsius</span> <span class='ocrx_word' id='word_1_109' title='bbox 1211 1035 1312 1062; x_wconf 89' lang='lat' dir='ltr'>cum</span> <span class='ocrx_word' id='word_1_110' title='bbox 1345 1022 1451 1075; x_wconf 88' lang='lat' dir='ltr'>Ipso</span> <span class='ocrx_word' id='word_1_111' title='bbox 1482 1022 1675 1072; x_wconf 87' lang='lat' dir='ltr'>Divino;</span> 
     </span>
     <span class='ocr_line' id='line_1_15' title="bbox 193 1084 1676 1139; baseline -0.002 -11"><span class='ocrx_word' id='word_1_112' title='bbox 193 1093 387 1128; x_wconf 81' lang='lat' dir='ltr'>“semen</span> <span class='ocrx_word' id='word_1_113' title='bbox 420 1087 563 1139; x_wconf 88' lang='lat' dir='ltr'>Ipsius</span> <span class='ocrx_word' id='word_1_114' title='bbox 599 1087 642 1126; x_wconf 90' lang='lat' dir='ltr'>in</span> <span class='ocrx_word' id='word_1_115' title='bbox 679 1094 914 1126; x_wconf 88' lang='lat' dir='ltr'>aeternum</span> <span class='ocrx_word' id='word_1_116' title='bbox 946 1086 1045 1133; x_wconf 90' lang='lat' dir='ltr'>erit,</span> <span class='ocrx_word' id='word_1_117' title='bbox 1079 1093 1126 1125; x_wconf 89' lang='lat' dir='ltr'>et</span> <span class='ocrx_word' id='word_1_118' title='bbox 1164 1084 1353 1125; x_wconf 84' lang='lat' dir='ltr'>thronus</span> <span class='ocrx_word' id='word_1_119' title='bbox 1386 1085 1529 1137; x_wconf 88' lang='lat' dir='ltr'>Ipsius</span> <span class='ocrx_word' id='word_1_120' title='bbox 1560 1086 1676 1125; x_wconf 81' lang='lat' dir='ltr'>sicut</span> 
     </span>
     <span class='ocr_line' id='line_1_16' title="bbox 190 1147 1678 1196; baseline -0.002 -6"><span class='ocrx_word' id='word_1_121' title='bbox 190 1150 258 1190; x_wconf 90' lang='lat' dir='ltr'>sol</span> <span class='ocrx_word' id='word_1_122' title='bbox 280 1163 432 1190; x_wconf 89' lang='lat' dir='ltr'>coram</span> <span class='ocrx_word' id='word_1_123' title='bbox 456 1149 545 1196; x_wconf 94' lang='lat' dir='ltr'>Me,</span> <span class='ocrx_word' id='word_1_124' title='bbox 568 1150 683 1189; x_wconf 86' lang='lat' dir='ltr'>sicut</span> <span class='ocrx_word' id='word_1_125' title='bbox 706 1149 812 1188; x_wconf 90' lang='lat' dir='ltr'>luna</span> <span class='ocrx_word' id='word_1_126' title='bbox 829 1147 980 1188; x_wconf 90' lang='lat' dir='ltr'>firmus</span> <span class='ocrx_word' id='word_1_127' title='bbox 1002 1148 1088 1188; x_wconf 87' lang='lat' dir='ltr'>erit</span> <span class='ocrx_word' id='word_1_128' title='bbox 1115 1148 1158 1188; x_wconf 87' lang='lat' dir='ltr'>in</span> <span class='ocrx_word' id='word_1_129' title='bbox 1180 1147 1454 1196; x_wconf 86' lang='lat' dir='ltr'>aeternum‚&#39;’</span> <span class='ocrx_word' id='word_1_130' title='bbox 1471 1148 1678 1188; x_wconf 86' lang='lat' dir='ltr'>similiter</span> 
     </span>
     <span class='ocr_line' id='line_1_17' title="bbox 191 1210 1677 1266; baseline -0.001 -13"><span class='ocrx_word' id='word_1_131' title='bbox 191 1220 239 1254; x_wconf 92' lang='lat' dir='ltr'>ut</span> <span class='ocrx_word' id='word_1_132' title='bbox 256 1226 389 1266; x_wconf 91' lang='lat' dir='ltr'>supra</span> <span class='ocrx_word' id='word_1_133' title='bbox 405 1213 478 1252; x_wconf 93' lang='lat' dir='ltr'>ubi</span> <span class='ocrx_word' id='word_1_134' title='bbox 496 1213 551 1252; x_wconf 92' lang='lat' dir='ltr'>de</span> <span class='ocrx_word' id='word_1_135' title='bbox 572 1216 597 1231; x_wconf 79' lang='lat'>‘⁶</span> <span class='ocrx_word' id='word_1_136' title='bbox 610 1213 779 1252; x_wconf 88' lang='lat' dir='ltr'>semine</span> <span class='ocrx_word' id='word_1_137' title='bbox 791 1211 870 1251; x_wconf 87' lang='lat' dir='ltr'>”et</span> <span class='ocrx_word' id='word_1_138' title='bbox 887 1211 942 1251; x_wconf 92' lang='lat' dir='ltr'>de</span> <span class='ocrx_word' id='word_1_139' title='bbox 960 1215 985 1230; x_wconf 86' lang='lat'><strong>“</strong></span> <span class='ocrx_word' id='word_1_140' title='bbox 1000 1210 1204 1258; x_wconf 88' lang='lat' dir='ltr'>thron0‚&#39;&#39;</span> <span class='ocrx_word' id='word_1_141' title='bbox 1221 1214 1246 1229; x_wconf 86' lang='lat'>“</span> <span class='ocrx_word' id='word_1_142' title='bbox 1260 1211 1374 1251; x_wconf 84' lang='lat' dir='ltr'>sicut</span> <span class='ocrx_word' id='word_1_143' title='bbox 1391 1210 1459 1251; x_wconf 88' lang='lat' dir='ltr'>sol</span> <span class='ocrx_word' id='word_1_144' title='bbox 1476 1218 1523 1251; x_wconf 88' lang='lat' dir='ltr'>et</span> <span class='ocrx_word' id='word_1_145' title='bbox 1541 1210 1677 1251; x_wconf 89' lang='lat' dir='ltr'>luna&#39;’</span> 
     </span>
     <span class='ocr_line' id='line_1_18' title="bbox 192 1274 1678 1328; baseline -0.001 -12"><span class='ocrx_word' id='word_1_146' title='bbox 192 1276 366 1324; x_wconf 89' lang='lat' dir='ltr'>dicitur,</span> <span class='ocrx_word' id='word_1_147' title='bbox 399 1276 609 1328; x_wconf 87' lang='lat' dir='ltr'>quoniam</span> <span class='ocrx_word' id='word_1_148' title='bbox 645 1288 704 1314; x_wconf 87' lang='lat' dir='ltr'>ex</span> <span class='ocrx_word' id='word_1_149' title='bbox 739 1274 871 1314; x_wconf 84' lang='lat' dir='ltr'>“sole</span> <span class='ocrx_word' id='word_1_150' title='bbox 884 1274 903 1288; x_wconf 87' lang='lat'>¹&#39;</span> <span class='ocrx_word' id='word_1_151' title='bbox 934 1274 1219 1327; x_wconf 90' lang='lat' dir='ltr'>praedicatur</span> <span class='ocrx_word' id='word_1_152' title='bbox 1250 1274 1496 1314; x_wconf 85' lang='lat' dir='ltr'>aeternitas</span> <span class='ocrx_word' id='word_1_153' title='bbox 1524 1274 1678 1327; x_wconf 90' lang='lat' dir='ltr'>quoad</span> 
     </span>
     <span class='ocr_line' id='line_1_19' title="bbox 193 1337 1676 1385; baseline -0.001 -7"><span class='ocrx_word' id='word_1_154' title='bbox 193 1338 403 1379; x_wconf 90' lang='lat' dir='ltr'>Divinum</span> <span class='ocrx_word' id='word_1_155' title='bbox 430 1337 619 1385; x_wconf 90' lang='lat' dir='ltr'>Bonum,</span> <span class='ocrx_word' id='word_1_156' title='bbox 647 1345 693 1383; x_wconf 85' lang='lat' dir='ltr'>et</span> <span class='ocrx_word' id='word_1_157' title='bbox 719 1351 779 1377; x_wconf 86' lang='lat' dir='ltr'>ex</span> <span class='ocrx_word' id='word_1_158' title='bbox 808 1337 981 1377; x_wconf 84' lang='lat' dir='ltr'>“luna”</span> <span class='ocrx_word' id='word_1_159' title='bbox 1005 1337 1217 1377; x_wconf 91' lang='lat' dir='ltr'>Divinum</span> <span class='ocrx_word' id='word_1_160' title='bbox 1245 1337 1430 1385; x_wconf 89' lang='lat' dir='ltr'>Verum,</span> <span class='ocrx_word' id='word_1_161' title='bbox 1454 1337 1532 1377; x_wconf 87' lang='lat' dir='ltr'>illa</span> <span class='ocrx_word' id='word_1_162' title='bbox 1556 1338 1676 1377; x_wconf 90' lang='lat' dir='ltr'>enim</span> 
     </span>
     <span class='ocr_line' id='line_1_20' title="bbox 193 1399 1677 1454; baseline -0.001 -13"><span class='ocrx_word' id='word_1_163' title='bbox 193 1414 271 1454; x_wconf 90' lang='lat' dir='ltr'>per</span> <span class='ocrx_word' id='word_1_164' title='bbox 298 1400 507 1441; x_wconf 89' lang='lat' dir='ltr'>“solem’&#39;</span> <span class='ocrx_word' id='word_1_165' title='bbox 529 1406 575 1440; x_wconf 89' lang='lat' dir='ltr'>et</span> <span class='ocrx_word' id='word_1_166' title='bbox 605 1400 794 1439; x_wconf 80' lang='lat' dir='ltr'>“lunam</span> <span class='ocrx_word' id='word_1_167' title='bbox 806 1399 824 1413; x_wconf 92' lang='lat'>”</span> <span class='ocrx_word' id='word_1_168' title='bbox 849 1399 1185 1452; x_wconf 86' lang='lat' dir='ltr'>significantur;</span> <span class='ocrx_word' id='word_1_169' title='bbox 1222 1401 1392 1441; x_wconf 88' lang='lat' dir='ltr'>“testis</span> <span class='ocrx_word' id='word_1_170' title='bbox 1414 1401 1458 1440; x_wconf 92' lang='lat' dir='ltr'>in</span> <span class='ocrx_word' id='word_1_171' title='bbox 1484 1400 1677 1440; x_wconf 87' lang='lat' dir='ltr'>nubibus</span> 
     </span>
     <span class='ocr_line' id='line_1_21' title="bbox 192 1462 1677 1516; baseline -0.001 -12"><span class='ocrx_word' id='word_1_172' title='bbox 192 1463 335 1504; x_wconf 88' lang='lat' dir='ltr'>fidelis</span> <span class='ocrx_word' id='word_1_173' title='bbox 348 1463 367 1478; x_wconf 93' lang='lat'>”</span> <span class='ocrx_word' id='word_1_174' title='bbox 388 1462 612 1516; x_wconf 86' lang='lat' dir='ltr'>significat</span> <span class='ocrx_word' id='word_1_175' title='bbox 634 1463 913 1515; x_wconf 86' lang='lat' dir='ltr'>agnitionem</span> <span class='ocrx_word' id='word_1_176' title='bbox 936 1470 982 1503; x_wconf 86' lang='lat' dir='ltr'>et</span> <span class='ocrx_word' id='word_1_177' title='bbox 1005 1463 1333 1504; x_wconf 87' lang='lat' dir='ltr'>confessionem</span> <span class='ocrx_word' id='word_1_178' title='bbox 1358 1477 1419 1503; x_wconf 84' lang='lat' dir='ltr'>ex</span> <span class='ocrx_word' id='word_1_179' title='bbox 1442 1462 1597 1503; x_wconf 88' lang='lat' dir='ltr'>Verbo</span> <span class='ocrx_word' id='word_1_180' title='bbox 1620 1463 1677 1503; x_wconf 90' lang='lat' dir='ltr'>de</span> 
     </span>
     <span class='ocr_line' id='line_1_22' title="bbox 192 1525 1678 1579; baseline -0.001 -12"><span class='ocrx_word' id='word_1_181' title='bbox 192 1526 356 1567; x_wconf 92' lang='lat' dir='ltr'>Divino</span> <span class='ocrx_word' id='word_1_182' title='bbox 378 1527 422 1566; x_wconf 93' lang='lat' dir='ltr'>in</span> <span class='ocrx_word' id='word_1_183' title='bbox 447 1526 659 1566; x_wconf 92' lang='lat' dir='ltr'>Humano</span> <span class='ocrx_word' id='word_1_184' title='bbox 677 1526 858 1566; x_wconf 90' lang='lat' dir='ltr'>Domini</span> <span class='ocrx_word' id='word_1_185' title='bbox 879 1540 887 1575; x_wconf 90' lang='lat'><em>;</em></span> <span class='ocrx_word' id='word_1_186' title='bbox 915 1526 1036 1579; x_wconf 89' lang='lat' dir='ltr'>quod</span> <span class='ocrx_word' id='word_1_187' title='bbox 1054 1526 1098 1566; x_wconf 93' lang='lat' dir='ltr'>id</span> <span class='ocrx_word' id='word_1_188' title='bbox 1115 1527 1172 1566; x_wconf 89' lang='lat' dir='ltr'>sit</span> <span class='ocrx_word' id='word_1_189' title='bbox 1193 1531 1218 1546; x_wconf 85' lang='lat'><em>“</em></span> <span class='ocrx_word' id='word_1_190' title='bbox 1232 1527 1363 1566; x_wconf 90' lang='lat' dir='ltr'>testis</span> <span class='ocrx_word' id='word_1_191' title='bbox 1384 1527 1428 1566; x_wconf 88' lang='lat' dir='ltr'>in</span> <span class='ocrx_word' id='word_1_192' title='bbox 1447 1525 1678 1574; x_wconf 89' lang='lat' dir='ltr'>nubibus‚”</span> 
     </span>
     <span class='ocr_line' id='line_1_23' title="bbox 191 1587 1683 1640; baseline -0.001 -12"><span class='ocrx_word' id='word_1_193' title='bbox 191 1588 401 1628; x_wconf 88' lang='lat' dir='ltr'>videatur</span> <span class='ocrx_word' id='word_1_194' title='bbox 424 1600 561 1639; x_wconf 87' lang='lat' dir='ltr'>supra</span> <span class='ocrx_word' id='word_1_195' title='bbox 582 1598 628 1634; x_wconf 87' lang='lat' dir='ltr'>(n.</span> <span class='ocrx_word' id='word_1_196' title='bbox 651 1597 712 1631; x_wconf 83' lang='grc' dir='ltr'>ιο,</span> <span class='ocrx_word' id='word_1_197' title='bbox 733 1597 798 1638; x_wconf 85' lang='lat'>27.</span> <span class='ocrx_word' id='word_1_198' title='bbox 819 1588 914 1631; x_wconf 87' lang='lat'>228,</span> <span class='ocrx_word' id='word_1_199' title='bbox 930 1597 1109 1639; x_wconf 70' lang='lat' dir='ltr'><em>392[b-²]=</em></span> <span class='ocrx_word' id='word_1_200' title='bbox 1124 1587 1238 1639; x_wconf 85' lang='lat'><strong>649).</strong></span> <span class='ocrx_word' id='word_1_201' title='bbox 1297 1587 1438 1640; x_wconf 89' lang='lat' dir='ltr'>Apud</span> <span class='ocrx_word' id='word_1_202' title='bbox 1463 1587 1683 1636; x_wconf 73' lang='lat' dir='ltr'>eundem,</span> 
     </span>
    </p>
   </div>
   <div class='ocr_carea' id='block_1_5' title="bbox 258 1692 1679 1822">
    <p class='ocr_par' dir='ltr' id='par_1_5' title="bbox 258 1692 1679 1822">
     <span class='ocr_line' id='line_1_24' title="bbox 258 1692 1677 1737; baseline 0 -11"><span class='ocrx_word' id='word_1_203' title='bbox 258 1695 278 1709; x_wconf 78' lang='lat'>‘⁸</span> <span class='ocrx_word' id='word_1_204' title='bbox 287 1694 482 1732; x_wconf 83' lang='lat' dir='ltr'>Memento,</span> <span class='ocrx_word' id='word_1_205' title='bbox 491 1694 663 1735; x_wconf 86' lang='lat' dir='ltr'>Jehovah,</span> <span class='ocrx_word' id='word_1_206' title='bbox 678 1694 837 1731; x_wconf 90' lang='lat' dir='ltr'>Davidis,</span> <span class='ocrx_word' id='word_1_207' title='bbox 848 1704 954 1725; x_wconf 92' lang='lat' dir='ltr'>omne</span> <span class='ocrx_word' id='word_1_208' title='bbox 966 1692 1163 1725; x_wconf 79' lang='lat' dir='ltr'>1²11aborare</span> <span class='ocrx_word' id='word_1_209' title='bbox 1175 1694 1252 1734; x_wconf 90' lang='lat' dir='ltr'>ejus</span> <span class='ocrx_word' id='word_1_210' title='bbox 1266 1706 1273 1727; x_wconf 77' lang='lat' dir='ltr'><em>z</em></span> <span class='ocrx_word' id='word_1_211' title='bbox 1297 1695 1356 1735; x_wconf 89' lang='lat' dir='ltr'>qui</span> <span class='ocrx_word' id='word_1_212' title='bbox 1365 1694 1497 1735; x_wconf 89' lang='lat' dir='ltr'>juravit</span> <span class='ocrx_word' id='word_1_213' title='bbox 1507 1695 1677 1737; x_wconf 80' lang='lat' dir='ltr'>jehovae,</span> 
     </span>
     <span class='ocr_line' id='line_1_25' title="bbox 368 1737 1679 1779; baseline 0.002 -11"><span class='ocrx_word' id='word_1_214' title='bbox 368 1739 466 1769; x_wconf 85' lang='lat' dir='ltr'>vovit</span> <span class='ocrx_word' id='word_1_215' title='bbox 493 1738 576 1768; x_wconf 76' lang='lat' dir='ltr'>forti</span> <span class='ocrx_word' id='word_1_216' title='bbox 602 1737 735 1779; x_wconf 88' lang='lat' dir='ltr'>Jacobi,</span> <span class='ocrx_word' id='word_1_217' title='bbox 754 1738 790 1769; x_wconf 89' lang='lat' dir='ltr'>Si</span> <span class='ocrx_word' id='word_1_218' title='bbox 817 1739 998 1768; x_wconf 81' lang='lat' dir='ltr'>intravero</span> <span class='ocrx_word' id='word_1_219' title='bbox 1023 1739 1118 1769; x_wconf 89' lang='lat' dir='ltr'>intra</span> <span class='ocrx_word' id='word_1_220' title='bbox 1143 1739 1335 1769; x_wconf 81' lang='lat' dir='ltr'>tentorium</span> <span class='ocrx_word' id='word_1_221' title='bbox 1357 1739 1489 1770; x_wconf 85' lang='lat' dir='ltr'>domus</span> <span class='ocrx_word' id='word_1_222' title='bbox 1516 1749 1627 1776; x_wconf 91' lang='lat' dir='ltr'>meae,</span> <span class='ocrx_word' id='word_1_223' title='bbox 1647 1739 1679 1771; x_wconf 84' lang='lat' dir='ltr'>si</span> 
     </span>
     <span class='ocr_line' id='line_1_26' title="bbox 366 1782 1677 1822; baseline 0.002 -10"><span class='ocrx_word' id='word_1_224' title='bbox 366 1782 560 1812; x_wconf 86' lang='lat' dir='ltr'>ascendero</span> <span class='ocrx_word' id='word_1_225' title='bbox 572 1791 677 1820; x_wconf 89' lang='lat' dir='ltr'>super</span> <span class='ocrx_word' id='word_1_226' title='bbox 690 1782 864 1820; x_wconf 88' lang='lat' dir='ltr'>spondam</span> <span class='ocrx_word' id='word_1_227' title='bbox 875 1782 977 1812; x_wconf 80' lang='lat' dir='ltr'>strati</span> <span class='ocrx_word' id='word_1_228' title='bbox 989 1782 1068 1819; x_wconf 89' lang='lat' dir='ltr'>mei,</span> <span class='ocrx_word' id='word_1_229' title='bbox 1077 1806 1085 1813; x_wconf 90' lang='lat'><strong>.</strong></span> <span class='ocrx_word' id='word_1_230' title='bbox 1100 1806 1107 1813; x_wconf 90' lang='lat'><strong>.</strong></span> <span class='ocrx_word' id='word_1_231' title='bbox 1121 1807 1128 1813; x_wconf 89' lang='lat'><strong><em>.</em></strong></span> <span class='ocrx_word' id='word_1_232' title='bbox 1143 1807 1150 1813; x_wconf 88' lang='lat'>.</span> <span class='ocrx_word' id='word_1_233' title='bbox 1159 1792 1270 1822; x_wconf 87' lang='lat' dir='ltr'>usque</span> <span class='ocrx_word' id='word_1_234' title='bbox 1281 1782 1365 1813; x_wconf 90' lang='lat' dir='ltr'>dum</span> <span class='ocrx_word' id='word_1_235' title='bbox 1378 1783 1549 1813; x_wconf 89' lang='lat' dir='ltr'>invenero</span> <span class='ocrx_word' id='word_1_236' title='bbox 1561 1783 1677 1814; x_wconf 90' lang='lat' dir='ltr'>locum</span> 
     </span>
    </p>
   </div>
   <div class='ocr_carea' id='block_1_6' title="bbox 366 1824 1729 1866">
    <p class='ocr_par' dir='ltr' id='par_1_6' title="bbox 366 1824 1729 1866">
     <span class='ocr_line' id='line_1_27' title="bbox 366 1824 1729 1866; baseline 0.001 -10"><span class='ocrx_word' id='word_1_237' title='bbox 366 1825 534 1866; x_wconf 88' lang='lat' dir='ltr'>Jehovae,</span> <span class='ocrx_word' id='word_1_238' title='bbox 543 1825 743 1856; x_wconf 86' lang='lat' dir='ltr'>habitacula</span> <span class='ocrx_word' id='word_1_239' title='bbox 753 1824 835 1855; x_wconf 80' lang='lat' dir='ltr'>forti</span> <span class='ocrx_word' id='word_1_240' title='bbox 849 1824 990 1866; x_wconf 84' lang='lat' dir='ltr'>Jacobi:</span> <span class='ocrx_word' id='word_1_241' title='bbox 1005 1835 1086 1856; x_wconf 91' lang='lat' dir='ltr'>ecce</span> <span class='ocrx_word' id='word_1_242' title='bbox 1098 1826 1297 1856; x_wconf 87' lang='lat' dir='ltr'>audivimus</span> <span class='ocrx_word' id='word_1_243' title='bbox 1308 1826 1351 1856; x_wconf 89' lang='lat' dir='ltr'>de</span> <span class='ocrx_word' id='word_1_244' title='bbox 1364 1825 1447 1865; x_wconf 89' lang='lat' dir='ltr'>Ipso</span> <span class='ocrx_word' id='word_1_245' title='bbox 1459 1827 1494 1856; x_wconf 90' lang='lat' dir='ltr'>in</span> <span class='ocrx_word' id='word_1_246' title='bbox 1508 1826 1677 1866; x_wconf 75' lang='lat' dir='ltr'>Ephrata,</span> <span class='ocrx_word' id='word_1_247' title='bbox 1723 1847 1729 1852; x_wconf 91' lang='lat'><em>-</em></span> 
     </span>
    </p>
   </div>
   <div class='ocr_carea' id='block_1_7' title="bbox 366 1867 1680 2172">
    <p class='ocr_par' dir='ltr' id='par_1_7' title="bbox 366 1867 1680 2172">
     <span class='ocr_line' id='line_1_28' title="bbox 368 1867 1678 1909; baseline 0.002 -11"><span class='ocrx_word' id='word_1_248' title='bbox 368 1868 570 1899; x_wconf 85' lang='lat' dir='ltr'>invenimus</span> <span class='ocrx_word' id='word_1_249' title='bbox 585 1867 707 1907; x_wconf 89' lang='lat' dir='ltr'>Ipsum</span> <span class='ocrx_word' id='word_1_250' title='bbox 725 1869 760 1898; x_wconf 92' lang='lat' dir='ltr'>in</span> <span class='ocrx_word' id='word_1_251' title='bbox 778 1869 873 1907; x_wconf 83' lang='lat' dir='ltr'>agris</span> <span class='ocrx_word' id='word_1_252' title='bbox 887 1868 998 1899; x_wconf 88' lang='lat' dir='ltr'>silvae</span> <span class='ocrx_word' id='word_1_253' title='bbox 1015 1878 1022 1903; x_wconf 86' lang='grc'>;</span> <span class='ocrx_word' id='word_1_254' title='bbox 1047 1869 1259 1900; x_wconf 86' lang='lat' dir='ltr'>intrabimus</span> <span class='ocrx_word' id='word_1_255' title='bbox 1276 1869 1311 1899; x_wconf 89' lang='lat' dir='ltr'>in</span> <span class='ocrx_word' id='word_1_256' title='bbox 1330 1869 1530 1900; x_wconf 85' lang='lat' dir='ltr'>habitacula</span> <span class='ocrx_word' id='word_1_257' title='bbox 1548 1869 1678 1909; x_wconf 83' lang='lat' dir='ltr'>Ipsius,</span> 
     </span>
     <span class='ocr_line' id='line_1_29' title="bbox 367 1911 1679 1954; baseline 0.002 -12"><span class='ocrx_word' id='word_1_258' title='bbox 367 1911 630 1942; x_wconf 90' lang='lat' dir='ltr'>incurvabimus</span> <span class='ocrx_word' id='word_1_259' title='bbox 657 1921 723 1942; x_wconf 83' lang='lat' dir='ltr'>nos</span> <span class='ocrx_word' id='word_1_260' title='bbox 751 1912 907 1942; x_wconf 88' lang='lat' dir='ltr'>scabello</span> <span class='ocrx_word' id='word_1_261' title='bbox 936 1912 1065 1951; x_wconf 87' lang='lat' dir='ltr'>pedum</span> <span class='ocrx_word' id='word_1_262' title='bbox 1096 1912 1222 1952; x_wconf 70' lang='lat' dir='ltr'>Ipsius,</span> <span class='ocrx_word' id='word_1_263' title='bbox 1277 1913 1399 1952; x_wconf 88' lang='lat' dir='ltr'>Surge,</span> <span class='ocrx_word' id='word_1_264' title='bbox 1430 1912 1604 1954; x_wconf 88' lang='lat' dir='ltr'>Jehovah,</span> <span class='ocrx_word' id='word_1_265' title='bbox 1632 1914 1679 1945; x_wconf 89' lang='lat' dir='ltr'>ad</span> 
     </span>
     <span class='ocr_line' id='line_1_30' title="bbox 367 1954 1680 1995; baseline 0.002 -10"><span class='ocrx_word' id='word_1_266' title='bbox 367 1955 523 1995; x_wconf 89' lang='lat' dir='ltr'>requiem</span> <span class='ocrx_word' id='word_1_267' title='bbox 540 1961 647 1991; x_wconf 90' lang='lat' dir='ltr'>tuam,</span> <span class='ocrx_word' id='word_1_268' title='bbox 662 1954 716 1985; x_wconf 89' lang='lat' dir='ltr'>Tu</span> <span class='ocrx_word' id='word_1_269' title='bbox 733 1962 767 1985; x_wconf 92' lang='lat' dir='ltr'>et</span> <span class='ocrx_word' id='word_1_270' title='bbox 784 1965 865 1985; x_wconf 89' lang='lat' dir='ltr'>arca</span> <span class='ocrx_word' id='word_1_271' title='bbox 882 1955 1101 1986; x_wconf 81' lang='lat' dir='ltr'>fortitudinis</span> <span class='ocrx_word' id='word_1_272' title='bbox 1116 1963 1214 1986; x_wconf 88' lang='lat' dir='ltr'>tuae:</span> <span class='ocrx_word' id='word_1_273' title='bbox 1241 1957 1445 1987; x_wconf 88' lang='lat' dir='ltr'>sacerdotes</span> <span class='ocrx_word' id='word_1_274' title='bbox 1459 1956 1509 1987; x_wconf 91' lang='lat' dir='ltr'>tui</span> <span class='ocrx_word' id='word_1_275' title='bbox 1527 1957 1680 1988; x_wconf 90' lang='lat' dir='ltr'>induan-</span> 
     </span>
     <span class='ocr_line' id='line_1_31' title="bbox 367 1996 1677 2039; baseline 0.002 -11"><span class='ocrx_word' id='word_1_276' title='bbox 367 2005 424 2029; x_wconf 85' lang='lat' dir='ltr'>tur</span> <span class='ocrx_word' id='word_1_277' title='bbox 440 1998 587 2038; x_wconf 87' lang='lat' dir='ltr'>J&#39;ustitia,</span> <span class='ocrx_word' id='word_1_278' title='bbox 605 2005 639 2028; x_wconf 91' lang='lat' dir='ltr'>et</span> <span class='ocrx_word' id='word_1_279' title='bbox 658 1996 772 2028; x_wconf 62' lang='lat' dir='ltr'>saneti</span> <span class='ocrx_word' id='word_1_280' title='bbox 793 1999 842 2029; x_wconf 83' lang='lat' dir='ltr'>tui</span> <span class='ocrx_word' id='word_1_281' title='bbox 863 1998 1024 2038; x_wconf 73' lang='lat' dir='ltr'>jubilent,</span> <span class='ocrx_word' id='word_1_282' title='bbox 1045 2006 1191 2038; x_wconf 88' lang='lat' dir='ltr'>propter</span> <span class='ocrx_word' id='word_1_283' title='bbox 1210 1999 1383 2030; x_wconf 88' lang='lat' dir='ltr'>Davidem</span> <span class='ocrx_word' id='word_1_284' title='bbox 1405 2009 1547 2030; x_wconf 88' lang='lat' dir='ltr'>servum</span> <span class='ocrx_word' id='word_1_285' title='bbox 1565 2006 1677 2039; x_wconf 88' lang='lat' dir='ltr'>tuum,</span> 
     </span>
     <span class='ocr_line' id='line_1_32' title="bbox 366 2040 1679 2082; baseline 0.002 -10"><span class='ocrx_word' id='word_1_286' title='bbox 366 2051 412 2072; x_wconf 87' lang='lat' dir='ltr'>ne</span> <span class='ocrx_word' id='word_1_287' title='bbox 424 2048 564 2072; x_wconf 85' lang='lat' dir='ltr'>avertas</span> <span class='ocrx_word' id='word_1_288' title='bbox 578 2041 686 2072; x_wconf 80' lang='lat' dir='ltr'>facies</span> <span class='ocrx_word' id='word_1_289' title='bbox 703 2040 809 2072; x_wconf 73' lang='lat' dir='ltr'>Unc‘ti</span> <span class='ocrx_word' id='word_1_290' title='bbox 825 2041 926 2073; x_wconf 83' lang='lat' dir='ltr'>tui.‘&#39;.</span> <span class='ocrx_word' id='word_1_291' title='bbox 942 2067 948 2073; x_wconf 92' lang='lat'><em>.</em></span> <span class='ocrx_word' id='word_1_292' title='bbox 962 2067 969 2073; x_wconf 90' lang='lat'>.</span> <span class='ocrx_word' id='word_1_293' title='bbox 984 2067 992 2073; x_wconf 89' lang='lat'><strong><em>.</em></strong></span> <span class='ocrx_word' id='word_1_294' title='bbox 1002 2042 1043 2073; x_wconf 90' lang='lat' dir='ltr'>In</span> <span class='ocrx_word' id='word_1_295' title='bbox 1058 2042 1168 2073; x_wconf 88' lang='lat' dir='ltr'>Zione</span> <span class='ocrx_word' id='word_1_296' title='bbox 1184 2043 1411 2082; x_wconf 85' lang='lat' dir='ltr'>“germinare</span> <span class='ocrx_word' id='word_1_297' title='bbox 1425 2043 1552 2074; x_wconf 76' lang='lat' dir='ltr'>faciam</span> <span class='ocrx_word' id='word_1_298' title='bbox 1566 2053 1679 2075; x_wconf 89' lang='lat' dir='ltr'>cornu</span> 
     </span>
     <span class='ocr_line' id='line_1_33' title="bbox 367 2084 1678 2126; baseline 0.002 -11"><span class='ocrx_word' id='word_1_299' title='bbox 367 2084 507 2122; x_wconf 84' lang='lat' dir='ltr'>Davidi,</span> <span class='ocrx_word' id='word_1_300' title='bbox 527 2085 715 2124; x_wconf 89' lang='lat' dir='ltr'>disponam</span> <span class='ocrx_word' id='word_1_301' title='bbox 745 2085 924 2116; x_wconf 90' lang='lat' dir='ltr'>lucernam</span> <span class='ocrx_word' id='word_1_302' title='bbox 951 2084 1070 2116; x_wconf 67' lang='lat' dir='ltr'>Uncto</span> <span class='ocrx_word' id='word_1_303' title='bbox 1099 2095 1179 2116; x_wconf 88' lang='lat' dir='ltr'>meo</span> <span class='ocrx_word' id='word_1_304' title='bbox 1193 2095 1199 2121; x_wconf 84' lang='lat'>:</span> <span class='ocrx_word' id='word_1_305' title='bbox 1233 2087 1354 2117; x_wconf 86' lang='lat' dir='ltr'>hostes</span> <span class='ocrx_word' id='word_1_306' title='bbox 1385 2086 1502 2126; x_wconf 87' lang='lat' dir='ltr'>Ipsius</span> <span class='ocrx_word' id='word_1_307' title='bbox 1532 2087 1678 2118; x_wconf 88' lang='lat' dir='ltr'>induam</span> 
     </span>
     <span class='ocr_line' id='line_1_34' title="bbox 366 2127 1679 2172; baseline 0.003 -14"><span class='ocrx_word' id='word_1_308' title='bbox 366 2128 520 2168; x_wconf 87' lang='lat' dir='ltr'>pudore;</span> <span class='ocrx_word' id='word_1_309' title='bbox 544 2128 606 2159; x_wconf 89' lang='lat' dir='ltr'>sed</span> <span class='ocrx_word' id='word_1_310' title='bbox 626 2138 733 2168; x_wconf 89' lang='lat' dir='ltr'>super</span> <span class='ocrx_word' id='word_1_311' title='bbox 754 2127 837 2168; x_wconf 92' lang='lat' dir='ltr'>Ipso</span> <span class='ocrx_word' id='word_1_312' title='bbox 857 2128 996 2160; x_wconf 89' lang='lat' dir='ltr'>florebit</span> <span class='ocrx_word' id='word_1_313' title='bbox 1015 2138 1147 2160; x_wconf 90' lang='lat' dir='ltr'>corona</span> <span class='ocrx_word' id='word_1_314' title='bbox 1168 2129 1285 2169; x_wconf 86' lang='lat' dir='ltr'>Ipsius</span> <span class='ocrx_word' id='word_1_315' title='bbox 1298 2129 1315 2140; x_wconf 79' lang='lat'>’¹</span> <span class='ocrx_word' id='word_1_316' title='bbox 1333 2129 1405 2169; x_wconf 91' lang='lat' dir='ltr'>(Ps.</span> <span class='ocrx_word' id='word_1_317' title='bbox 1422 2130 1549 2161; x_wconf 82' lang='lat' dir='ltr'>cxxxii.</span> <span class='ocrx_word' id='word_1_318' title='bbox 1570 2129 1633 2172; x_wconf 88' lang='lat'>[1,]</span> <span class='ocrx_word' id='word_1_319' title='bbox 1648 2139 1679 2169; x_wconf 85' lang='lat'>2,</span> 
     </span>
    </p>
   </div>
   <div class='ocr_carea' id='block_1_8' title="bbox 366 2172 667 2210">
    <p class='ocr_par' dir='ltr' id='par_1_8' title="bbox 366 2172 667 2210">
     <span class='ocr_line' id='line_1_35' title="bbox 366 2172 667 2210; baseline 0 -8"><span class='ocrx_word' id='word_1_320' title='bbox 366 2180 396 2210; x_wconf 84' lang='lat'>3,</span> <span class='ocrx_word' id='word_1_321' title='bbox 415 2179 509 2210; x_wconf 83' lang='lat'>5-10,</span> <span class='ocrx_word' id='word_1_322' title='bbox 529 2179 578 2210; x_wconf 91' lang='lat'>17,</span> <span class='ocrx_word' id='word_1_323' title='bbox 598 2172 667 2210; x_wconf 85' lang='lat'>18):</span> 
     </span>
    </p>
   </div>
   <div class='ocr_carea' id='block_1_9' title="bbox 194 2280 1680 2964">
    <p class='ocr_par' dir='ltr' id='par_1_9' title="bbox 194 2280 1680 2964">
     <span class='ocr_line' id='line_1_36' title="bbox 194 2280 1679 2336; baseline 0.001 -12"><span class='ocrx_word' id='word_1_324' title='bbox 194 2297 274 2336; x_wconf 86' lang='lat' dir='ltr'>per</span> <span class='ocrx_word' id='word_1_325' title='bbox 297 2286 322 2303; x_wconf 91' lang='lat'>“</span> <span class='ocrx_word' id='word_1_326' title='bbox 339 2281 591 2322; x_wconf 88' lang='lat' dir='ltr'>Davidem‘&#39;</span> <span class='ocrx_word' id='word_1_327' title='bbox 614 2289 659 2322; x_wconf 91' lang='lat' dir='ltr'>et</span> <span class='ocrx_word' id='word_1_328' title='bbox 685 2280 955 2323; x_wconf 60' lang='lat' dir='ltr'>“metum’‘</span> <span class='ocrx_word' id='word_1_329' title='bbox 978 2296 1054 2323; x_wconf 87' lang='lat' dir='ltr'>seu</span> <span class='ocrx_word' id='word_1_330' title='bbox 1077 2282 1304 2324; x_wconf 88' lang='lat' dir='ltr'>Christum</span> <span class='ocrx_word' id='word_1_331' title='bbox 1326 2284 1464 2325; x_wconf 91' lang='lat' dir='ltr'>etiam</span> <span class='ocrx_word' id='word_1_332' title='bbox 1490 2284 1560 2325; x_wconf 91' lang='lat' dir='ltr'>hic</span> <span class='ocrx_word' id='word_1_333' title='bbox 1588 2298 1679 2326; x_wconf 91' lang='lat' dir='ltr'>non</span> 
     </span>
     <span class='ocr_line' id='line_1_37' title="bbox 194 2345 1678 2399; baseline 0.001 -13"><span class='ocrx_word' id='word_1_334' title='bbox 194 2345 460 2398; x_wconf 86' lang='lat' dir='ltr'>intelligitur</span> <span class='ocrx_word' id='word_1_335' title='bbox 478 2345 637 2393; x_wconf 90' lang='lat' dir='ltr'>David,</span> <span class='ocrx_word' id='word_1_336' title='bbox 658 2346 736 2385; x_wconf 91' lang='lat' dir='ltr'>sed</span> <span class='ocrx_word' id='word_1_337' title='bbox 756 2345 974 2385; x_wconf 85' lang='lat' dir='ltr'>Dominus</span> <span class='ocrx_word' id='word_1_338' title='bbox 992 2347 1139 2399; x_wconf 90' lang='lat' dir='ltr'>quoad</span> <span class='ocrx_word' id='word_1_339' title='bbox 1159 2347 1369 2387; x_wconf 89' lang='lat' dir='ltr'>Divinum</span> <span class='ocrx_word' id='word_1_340' title='bbox 1389 2347 1649 2388; x_wconf 90' lang='lat' dir='ltr'>Humanum</span> <span class='ocrx_word' id='word_1_341' title='bbox 1667 2362 1678 2398; x_wconf 87' lang='lat'><strong>;</strong></span> 
     </span>
     <span class='ocr_line' id='line_1_38' title="bbox 197 2408 1678 2463; baseline 0.002 -15"><span class='ocrx_word' id='word_1_342' title='bbox 197 2421 301 2448; x_wconf 90' lang='lat' dir='ltr'>nam</span> <span class='ocrx_word' id='word_1_343' title='bbox 327 2408 487 2448; x_wconf 89' lang='lat' dir='ltr'>dicitur</span> <span class='ocrx_word' id='word_1_344' title='bbox 508 2408 627 2461; x_wconf 91' lang='lat' dir='ltr'>quod</span> <span class='ocrx_word' id='word_1_345' title='bbox 653 2408 949 2448; x_wconf 85' lang='lat' dir='ltr'>“habitacula</span> <span class='ocrx_word' id='word_1_346' title='bbox 972 2409 1153 2461; x_wconf 79' lang='lat' dir='ltr'>Ipsius,&#39;’</span> <span class='ocrx_word' id='word_1_347' title='bbox 1176 2423 1336 2463; x_wconf 84' lang='lat' dir='ltr'>nempe</span> <span class='ocrx_word' id='word_1_348' title='bbox 1359 2410 1485 2451; x_wconf 84' lang='lat' dir='ltr'>fortis</span> <span class='ocrx_word' id='word_1_349' title='bbox 1506 2411 1678 2463; x_wconf 81' lang='lat' dir='ltr'>jacobi,</span> 
     </span>
     <span class='ocr_line' id='line_1_39' title="bbox 197 2470 1679 2526; baseline 0.003 -17"><span class='ocrx_word' id='word_1_350' title='bbox 197 2471 519 2510; x_wconf 83' lang='lat' dir='ltr'>“inveniantur</span> <span class='ocrx_word' id='word_1_351' title='bbox 551 2471 594 2510; x_wconf 92' lang='lat' dir='ltr'>in</span> <span class='ocrx_word' id='word_1_352' title='bbox 627 2470 868 2522; x_wconf 82' lang='lat' dir='ltr'>Ephrata,”</span> <span class='ocrx_word' id='word_1_353' title='bbox 894 2485 1007 2524; x_wconf 89' lang='lat' dir='ltr'>quae</span> <span class='ocrx_word' id='word_1_354' title='bbox 1033 2479 1103 2512; x_wconf 87' lang='lat' dir='ltr'>est</span> <span class='ocrx_word' id='word_1_355' title='bbox 1137 2471 1446 2520; x_wconf 91' lang='lat' dir='ltr'>Bethlechem,</span> <span class='ocrx_word' id='word_1_356' title='bbox 1480 2481 1526 2514; x_wconf 90' lang='lat' dir='ltr'>et</span> <span class='ocrx_word' id='word_1_357' title='bbox 1557 2473 1679 2526; x_wconf 92' lang='lat' dir='ltr'>quod</span> 
     </span>
     <span class='ocr_line' id='line_1_40' title="bbox 198 2533 1680 2589; baseline 0.003 -17"><span class='ocrx_word' id='word_1_358' title='bbox 198 2537 283 2573; x_wconf 83' lang='lat' dir='ltr'>“se</span> <span class='ocrx_word' id='word_1_359' title='bbox 308 2533 580 2573; x_wconf 85' lang='lat' dir='ltr'>incurvaturi</span> <span class='ocrx_word' id='word_1_360' title='bbox 606 2534 695 2574; x_wconf 87' lang='lat' dir='ltr'>sint</span> <span class='ocrx_word' id='word_1_361' title='bbox 723 2533 923 2574; x_wconf 90' lang='lat' dir='ltr'>scabello</span> <span class='ocrx_word' id='word_1_362' title='bbox 946 2534 1110 2586; x_wconf 92' lang='lat' dir='ltr'>pedum</span> <span class='ocrx_word' id='word_1_363' title='bbox 1138 2535 1281 2587; x_wconf 87' lang='lat' dir='ltr'>Ipsius</span> <span class='ocrx_word' id='word_1_364' title='bbox 1298 2535 1332 2585; x_wconf 86' lang='lat'>;&#39;’</span> <span class='ocrx_word' id='word_1_365' title='bbox 1363 2536 1442 2577; x_wconf 91' lang='lat' dir='ltr'>sed</span> <span class='ocrx_word' id='word_1_366' title='bbox 1469 2537 1589 2589; x_wconf 93' lang='lat' dir='ltr'>quod</span> <span class='ocrx_word' id='word_1_367' title='bbox 1616 2538 1680 2576; x_wconf 88' lang='lat' dir='ltr'>ita</span> 
     </span>
     <span class='ocr_line' id='line_1_41' title="bbox 196 2595 1678 2652; baseline 0.003 -17"><span class='ocrx_word' id='word_1_368' title='bbox 196 2595 266 2643; x_wconf 83' lang='lat' dir='ltr'>sit,</span> <span class='ocrx_word' id='word_1_369' title='bbox 287 2609 346 2635; x_wconf 86' lang='lat' dir='ltr'>ex</span> <span class='ocrx_word' id='word_1_370' title='bbox 369 2595 555 2647; x_wconf 85' lang='lat' dir='ltr'>singulis</span> <span class='ocrx_word' id='word_1_371' title='bbox 577 2596 731 2636; x_wconf 91' lang='lat' dir='ltr'>ordine</span> <span class='ocrx_word' id='word_1_372' title='bbox 755 2595 994 2647; x_wconf 87' lang='lat' dir='ltr'>explicatis</span> <span class='ocrx_word' id='word_1_373' title='bbox 1018 2597 1174 2637; x_wconf 85' lang='lat' dir='ltr'>melius</span> <span class='ocrx_word' id='word_1_374' title='bbox 1191 2605 1344 2650; x_wconf 89' lang='lat' dir='ltr'>patet:</span> <span class='ocrx_word' id='word_1_375' title='bbox 1381 2603 1406 2618; x_wconf 88' lang='lat'><em>“</em></span> <span class='ocrx_word' id='word_1_376' title='bbox 1421 2600 1495 2652; x_wconf 92' lang='lat' dir='ltr'>qui</span> <span class='ocrx_word' id='word_1_377' title='bbox 1512 2598 1678 2651; x_wconf 85' lang='lat' dir='ltr'>juravit</span> 
     </span>
     <span class='ocr_line' id='line_1_42' title="bbox 194 2657 1678 2712; baseline 0.003 -14"><span class='ocrx_word' id='word_1_378' title='bbox 194 2657 407 2710; x_wconf 87' lang='lat' dir='ltr'>Jehovae,</span> <span class='ocrx_word' id='word_1_379' title='bbox 433 2658 555 2698; x_wconf 91' lang='lat' dir='ltr'>vovit</span> <span class='ocrx_word' id='word_1_380' title='bbox 582 2658 682 2698; x_wconf 88' lang='lat' dir='ltr'>sorti</span> <span class='ocrx_word' id='word_1_381' title='bbox 707 2658 901 2710; x_wconf 87' lang='lat' dir='ltr'>Jacobi‚”</span> <span class='ocrx_word' id='word_1_382' title='bbox 923 2659 1143 2712; x_wconf 84' lang='lat' dir='ltr'>significat</span> <span class='ocrx_word' id='word_1_383' title='bbox 1166 2662 1544 2702; x_wconf 90' lang='lat' dir='ltr'>asseverationem</span> <span class='ocrx_word' id='word_1_384' title='bbox 1571 2663 1678 2702; x_wconf 88' lang='lat' dir='ltr'>irre-</span> 
     </span>
     <span class='ocr_line' id='line_1_43' title="bbox 195 2719 1678 2774; baseline 0.004 -15"><span class='ocrx_word' id='word_1_385' title='bbox 195 2719 446 2760; x_wconf 88' lang='lat' dir='ltr'>vocabilem</span> <span class='ocrx_word' id='word_1_386' title='bbox 494 2733 646 2760; x_wconf 87' lang='lat' dir='ltr'>coram</span> <span class='ocrx_word' id='word_1_387' title='bbox 696 2721 905 2767; x_wconf 91' lang='lat' dir='ltr'>Domino,</span> <span class='ocrx_word' id='word_1_388' title='bbox 952 2722 1025 2774; x_wconf 90' lang='lat' dir='ltr'>qui</span> <span class='ocrx_word' id='word_1_389' title='bbox 1072 2722 1339 2774; x_wconf 81' lang='lat' dir='ltr'>“Jehovah&#39;&#39;</span> <span class='ocrx_word' id='word_1_390' title='bbox 1383 2731 1571 2764; x_wconf 87' lang='lat' dir='ltr'>vocatur</span> <span class='ocrx_word' id='word_1_391' title='bbox 1618 2738 1678 2764; x_wconf 80' lang='lat' dir='ltr'>ex</span> 
     </span>
     <span class='ocr_line' id='line_1_44' title="bbox 198 2782 1677 2836; baseline 0.004 -14"><span class='ocrx_word' id='word_1_392' title='bbox 198 2782 362 2822; x_wconf 90' lang='lat' dir='ltr'>Divino</span> <span class='ocrx_word' id='word_1_393' title='bbox 393 2782 436 2822; x_wconf 90' lang='lat' dir='ltr'>in</span> <span class='ocrx_word' id='word_1_394' title='bbox 469 2783 632 2834; x_wconf 83' lang='lat' dir='ltr'>primis,</span> <span class='ocrx_word' id='word_1_395' title='bbox 661 2789 706 2823; x_wconf 89' lang='lat' dir='ltr'>et</span> <span class='ocrx_word' id='word_1_396' title='bbox 736 2783 898 2824; x_wconf 88' lang='lat' dir='ltr'>“sortis</span> <span class='ocrx_word' id='word_1_397' title='bbox 922 2783 1109 2836; x_wconf 89' lang='lat' dir='ltr'>Jacobi&#39;&#39;</span> <span class='ocrx_word' id='word_1_398' title='bbox 1134 2799 1193 2826; x_wconf 86' lang='lat' dir='ltr'>ex</span> <span class='ocrx_word' id='word_1_399' title='bbox 1222 2786 1385 2827; x_wconf 91' lang='lat' dir='ltr'>Divino</span> <span class='ocrx_word' id='word_1_400' title='bbox 1415 2788 1459 2827; x_wconf 90' lang='lat' dir='ltr'>in</span> <span class='ocrx_word' id='word_1_401' title='bbox 1492 2786 1677 2834; x_wconf 81' lang='lat' dir='ltr'>ultimis,</span> 
     </span>
     <span class='ocr_line' id='line_1_45' title="bbox 196 2844 1678 2900; baseline 0.003 -15"><span class='ocrx_word' id='word_1_402' title='bbox 196 2845 240 2885; x_wconf 90' lang='lat' dir='ltr'>in</span> <span class='ocrx_word' id='word_1_403' title='bbox 266 2845 424 2898; x_wconf 88' lang='lat' dir='ltr'>quibus</span> <span class='ocrx_word' id='word_1_404' title='bbox 451 2844 612 2885; x_wconf 89' lang='lat' dir='ltr'>Divina</span> <span class='ocrx_word' id='word_1_405' title='bbox 638 2847 842 2897; x_wconf 89' lang='lat' dir='ltr'>potentia</span> <span class='ocrx_word' id='word_1_406' title='bbox 867 2853 936 2887; x_wconf 90' lang='lat' dir='ltr'>est</span> <span class='ocrx_word' id='word_1_407' title='bbox 963 2848 1006 2887; x_wconf 87' lang='lat' dir='ltr'>in</span> <span class='ocrx_word' id='word_1_408' title='bbox 1032 2861 1113 2888; x_wconf 88' lang='lat' dir='ltr'>suo</span> <span class='ocrx_word' id='word_1_409' title='bbox 1139 2848 1298 2900; x_wconf 87' lang='lat' dir='ltr'>pleno:</span> <span class='ocrx_word' id='word_1_410' title='bbox 1340 2849 1424 2890; x_wconf 81' lang='lat' dir='ltr'>“Si</span> <span class='ocrx_word' id='word_1_411' title='bbox 1450 2851 1678 2890; x_wconf 87' lang='lat' dir='ltr'>intravero</span> 
     </span>
     <span class='ocr_line' id='line_1_46' title="bbox 196 2907 1678 2964; baseline 0.004 -17"><span class='ocrx_word' id='word_1_412' title='bbox 196 2907 313 2948; x_wconf 88' lang='lat' dir='ltr'>intra</span> <span class='ocrx_word' id='word_1_413' title='bbox 339 2908 582 2948; x_wconf 89' lang='lat' dir='ltr'>tentorium</span> <span class='ocrx_word' id='word_1_414' title='bbox 609 2908 767 2948; x_wconf 88' lang='lat' dir='ltr'>domus</span> <span class='ocrx_word' id='word_1_415' title='bbox 798 2922 938 2957; x_wconf 85' lang='lat' dir='ltr'>meae,</span> <span class='ocrx_word' id='word_1_416' title='bbox 968 2910 1001 2950; x_wconf 84' lang='lat' dir='ltr'>si</span> <span class='ocrx_word' id='word_1_417' title='bbox 1027 2911 1273 2952; x_wconf 86' lang='lat' dir='ltr'>ascendero</span> <span class='ocrx_word' id='word_1_418' title='bbox 1300 2925 1431 2964; x_wconf 86' lang='lat' dir='ltr'>super</span> <span class='ocrx_word' id='word_1_419' title='bbox 1456 2913 1678 2964; x_wconf 89' lang='lat' dir='ltr'>spondam</span> 
     </span>
    </p>
   </div>
  </div>
 </body>
</html>
