1962 3334
524 289 528 292 ’
586 308 1128 349 CAP.1x.‚vr:Rs.2.—N.
1152 298 1318 353 538[a].
1380 293 1392 345 f
1587 311 1696 352 1339

213 422 484 463 restauratio
515 421 734 462 ecclesiae
765 427 811 462 et
843 418 1076 461 doctrinae
1106 419 1385 474 significatur
1415 434 1494 473 per
1528 419 1694 460 “habi-

212 484 327 525 tari”
349 490 396 524 et
425 483 683 524 “aedificari
701 483 735 534 ;”
766 483 1000 536 dissipatio
1022 482 1242 523 malorum
1270 489 1316 524 et
1342 482 1556 523 falsorum
1578 496 1695 536 quae

211 547 269 587 ab
293 546 487 594 infernis,
515 560 566 587 ac
599 547 767 586 tutatio
798 546 855 586 ab
886 545 986 594 illis,
1015 544 1293 598 significatur
1317 559 1396 598 per
1424 546 1695 586 “exsiccare

211 607 426 659 abyssum
453 613 499 647 et
524 606 752 647 arefacere
773 606 932 646 fluvios
945 606 965 620 ”
982 617 1032 655 (ut
1050 616 1173 655 supra).
1229 605 1387 646 Simile
1409 605 1695 659 significatur

210 668 330 721 apud
356 667 636 716 Samariam,

272 755 385 788 Israel
406 757 604 788 “transibit
620 766 684 796 per
706 766 805 788 mare
816 756 1030 796 ·ang·ustiae,
1051 756 1116 788 sed
1135 756 1311 796 percutiet
1330 756 1367 787 in
1387 755 1479 787 mari
1498 754 1638 793 fluctus,
1658 760 1695 787 et

382 800 659 831 exsiccabuntur
669 810 797 831 omnes
809 800 1073 840 profunditates
1084 799 1254 837 fluminis,
1272 806 1307 830 et
1320 799 1509 840 dejicietur
1525 799 1695 839 superbia

382 843 566 881 Aschuris,
585 850 620 874 et
636 843 785 874 baculus
803 843 960 883 Aegypti
977 843 1121 874 recedet
1132 842 1149 855 ’'
1167 845 1212 882 (x.
1227 844 1298 882 11):

208 926 329 979 quod
347 923 444 966 milli
466 926 539 979 qui
561 926 604 966 in
622 926 738 966 veris
755 939 814 966 ex
836 925 957 966 bono
974 932 1078 966 sunt
1098 925 1234 966 tutati
1256 939 1283 966 a
1306 925 1502 966 Domino
1519 925 1691 973 vivent,

208 989 393 1031 tametsi
428 988 540 1028 falsa
575 989 633 1028 ab
669 988 848 1028 infernis
885 988 1260 1035 circumfundunt,
1297 987 1577 1040 significatur
1613 1001 1693 1041 per

207 1050 327 1103 quod
343 1054 370 1070 ‘⁸
383 1050 522 1090 Israel
541 1050 750 1090 transibit
768 1063 846 1103 per
864 1063 1000 1099 mare,
1021 1056 1067 1090 et
1085 1050 1308 1103 percutiet
1326 1051 1370 1090 in
1385 1048 1689 1098 mari‘fluStus,

207 1119 254 1153 et
271 1112 619 1153 exsiccabuntur
633 1125 791 1152 omnes
809 1112 1138 1164 profunditates
1156 1112 1348 1152 fluminis
1364 1112 1398 1163 ;”
1412 1126 1490 1165 per
1507 1116 1532 1131 “
1546 1112 1690 1153 Israe-

207 1174 328 1215 lem'’
354 1174 669 1227 intelliguntur
693 1175 768 1227 qui
798 1175 842 1214 in
868 1175 984 1215 veris
1016 1189 1075 1215 ex
1100 1175 1222 1215 bono
1249 1181 1368 1223 sunt,
1396 1188 1476 1228 per
1499 1174 1692 1215 “mare'’

207 1226 482 1290 significatur
499 1236 716 1277 infernum
739 1243 785 1277 et
803 1250 937 1277 omne
955 1236 1114 1277 falsum
1138 1237 1256 1285 inde,
1277 1251 1355 1290 per
1375 1235 1572 1277 “fluetus
1594 1250 1691 1277 ma-

205 1299 263 1339 ris
274 1298 294 1314 ”
315 1298 624 1352 significantur
648 1300 1019 1340 ratiocinationes
1045 1314 1104 1339 ex
1130 1299 1252 1339 falsis
1279 1306 1441 1340 contra
1466 1313 1586 1348 vera,
1611 1313 1691 1353 per

209 1361 476 1401 “exsiccare
502 1374 660 1402 omnes
690 1361 1020 1414 profunditates
1045 1362 1237 1402 fluminis
1249 1362 1268 1376 ”
1294 1361 1573 1414 significatur
1599 1363 1689 1402 dis-

206 1423 349 1476 sipare
371 1425 522 1463 omnia
542 1423 653 1464 falsa
679 1423 784 1464 mali
811 1425 948 1464 etiam
975 1424 1276 1477 profundiora,
1304 1424 1537 1465 “flumen'’
1561 1424 1690 1464 Nilus

205 1485 429 1538 significat
455 1485 749 1526 scientificum
775 1486 963 1526 falsum:
998 1501 1134 1540 quare
1161 1487 1373 1540 sequitur,
1398 1487 1517 1540 quod
1544 1486 1688 1539 “deji-

205 1548 346 1588 cietur
366 1549 571 1601 superbia
594 1548 828 1596 Aschuris,
848 1555 894 1589 et
916 1548 1101 1589 baculus
1125 1548 1330 1602 Aegypti
1352 1550 1534 1590 recedet
1553 1549 1586 1599 ;‘’
1612 1563 1691 1602 per

208 1614 234 1629 ‘⁸
248 1609 503 1650 Aschurem
520 1610 539 1625 ’‘
557 1610 833 1663 significatur
854 1612 1143 1651 ratiocinatio
1165 1625 1223 1651 ex
1246 1611 1368 1651 falsis
1386 1619 1545 1652 contra
1568 1625 1687 1658 vera,

205 1678 252 1712 et
288 1685 367 1725 per
405 1671 746 1725 “Aegyptum'’
783 1672 1079 1713 scientificum
1115 1673 1392 1726 applicatum
1430 1675 1487 1714 ad
1526 1673 1687 1714 confir-

206 1734 371 1774 manda
387 1734 498 1774 falsa
514 1749 523 1784 ;
560 1739 584 1754 “
597 1735 803 1787 superbia
818 1735 1037 1775 Aschuris
1050 1735 1069 1750 ”
1084 1750 1198 1788 quae
1216 1736 1449 1788 dejicietur
1463 1735 1689 1789 significat

205 1797 429 1849 propriam
461 1796 814 1849 intelligentiam
846 1811 904 1837 ex
936 1811 1024 1850 qua
1055 1799 1358 1846 ratiocinatio,
1387 1806 1433 1839 et
1463 1799 1688 1839 “baculus

206 1858 443 1911 Aegypti”
469 1859 541 1912 qui
567 1859 749 1899 recedet
773 1859 998 1912 significat
1025 1861 1279 1913 potentiam
1302 1875 1416 1914 quae
1442 1862 1687 1902 ratiocina-

205 1921 317 1963 tioni
353 1921 530 1961 accedit
567 1935 646 1974 per
680 1921 927 1962 scientifica
958 1936 1072 1975 quae
1110 1922 1395 1975 applicantur
1431 1924 1488 1963 ad
1525 1923 1686 1964 confir-

205 1982 431 2023 mandum.
491 1982 629 2036 Apud
654 1982 934 2031 Ezechielem,

271 2070 342 2102 “In
359 2070 417 2102 die
434 2080 504 2111 quo
521 2071 760 2102 descensurus
777 2078 832 2103 est
849 2072 885 2103 in
904 2072 1095 2110 infernum.
1108 2073 1230 2113 lugere
1246 2073 1387 2112 faciam,
1398 2075 1567 2115 obtegam
1581 2084 1689 2115 super

378 2123 421 2145 eo
438 2115 610 2155 abyssum
622 2114 638 2125 '¹
656 2116 762 2154 (xxxi.
784 2116 853 2154 15):

190 2199 317 2240 haec
341 2199 396 2240 de
419 2199 653 2240 Pharaone
680 2206 726 2240 et
749 2199 972 2248 Aschure,
997 2207 1043 2241 et
1070 2215 1148 2254 per
1172 2202 1525 2243 “Pharaonem'’
1546 2204 1686 2256 signi-

204 2260 363 2302 ficatur
388 2261 531 2302 simile
562 2262 682 2315 quod
714 2276 792 2315 per
821 2262 1169 2316 “Aegyptum,”
1195 2277 1358 2317 nempe
1390 2265 1687 2306 scientificum

204 2324 441 2364 destruens
468 2337 621 2364 verum
654 2324 874 2364 ecclesiae
906 2338 984 2377 per
1015 2326 1367 2378 applicationem
1399 2328 1455 2367 ad
1486 2328 1611 2376 salsa,
1639 2336 1686 2368 et

205 2399 283 2438 per
316 2386 641 2427 “Aschurem'’
673 2386 951 2439 significatur
987 2389 1274 2429 ratiocinatio
1316 2403 1374 2430 ex
1406 2390 1519 2440 illis;
1567 2391 1687 2443 quod

204 2447 268 2488 illi
289 2449 362 2501 qui
385 2448 502 2489 tales
525 2449 789 2501 dejicientur
810 2450 853 2489 in
876 2450 1094 2490 infernum
1119 2451 1192 2491 ubi
1215 2451 1324 2491 talia
1346 2452 1457 2492 falsa
1478 2459 1524 2493 et
1547 2454 1686 2493 ratio-

204 2510 319 2550 cinia
352 2525 411 2550 ex
444 2510 565 2551 falsis
600 2518 717 2560 sunt,
751 2511 1030 2564 significatur
1062 2526 1140 2566 per
1174 2514 1293 2566 quod
1322 2514 1607 2555 “descendet
1641 2516 1686 2555 in

167 2571 419 2617 ,infernum
461 2579 506 2613 et
547 2574 791 2626 obtegetur
827 2574 992 2626 abysso
1009 2574 1044 2624 ;”
1082 2575 1185 2615 inde
1223 2577 1360 2615 etiam
1398 2583 1527 2629 patet
1566 2577 1686 2630 quod

206 2634 432 2686 “abyssus
444 2634 463 2649 ”
485 2636 541 2675 sit
565 2635 782 2676 infernum
806 2636 878 2676 ubi
905 2643 950 2676 et
978 2636 1095 2677 unde
1120 2637 1231 2678 falsa
1254 2638 1374 2679 mali.
1434 2638 1571 2692 Apud
1593 2639 1684 2679 Mi-

202 2696 340 2745 clzam,

278 2786 373 2818 Deus
405 2788 635 2826 “rever-tetur,
655 2789 883 2820 miserebitur
899 2790 1024 2827 nostri,
1041 2791 1237 2831 supprimet
1255 2792 1461 2832 iniquitates
1480 2798 1633 2828 nostraS.
1649 2797 1685 2823 et

378 2831 541 2871 projiciet
559 2833 593 2863 in
613 2833 873 2872 profunditates
892 2834 1000 2865 maris
1017 2835 1139 2865 omnia
1156 2842 1300 2875 peccata
1312 2835 1330 2846 ''
1348 2842 1471 2867 nostra
1488 2836 1561 2874 (vii.
1580 2836 1651 2875 19):

203 2918 303 2971 quia
324 2919 687 2973 “profunditates
712 2922 883 2970 maris,''
902 2935 1041 2976 aeque
1064 2936 1114 2964 ac
1140 2925 1366 2978 “abyssi,''
1384 2932 1488 2967 sunt
1511 2925 1684 2967 inferna
