1962 3334
587 273 692 306 CAP.
716 273 797 314 XL,
819 273 958 306 VERs.
985 272 1154 317 15.-N.
1175 260 1345 318 684[c'z].
1486 280 1490 282 ἡ
1604 264 1708 316 1813

292 387 312 402 “
324 387 402 419 Rex
419 386 663 429 Judaeorum”
682 386 826 427 (Asatth.
843 386 949 418 xxvii.
969 395 1019 424 11,
1037 394 1089 427 29,
1107 394 1159 425 37,
1175 395 1216 425 41
1232 395 1239 424 ;
1263 386 1348 417 Luc.
1365 385 1459 417 xxiii.
1480 394 1551 425 1-4,
1568 385 1710 426 35-4o):

227 472 274 507 et
299 465 416 519 apud
441 465 708 514 Jolzannem,

294 541 314 556 ⁴⁸
324 540 423 572 Dixit
437 540 662 578 Nathanael,.
677 565 685 572 .
698 539 771 581 siju
786 549 825 572 es
841 539 949 571 Filius
962 539 1042 577 Dei,
1058 539 1135 571 Rex
1149 538 1292 571 Israelis
1302 538 1321 551 '’
1338 536 1466 579 (i.·[1149
1484 536 1543 581 [B.
1557 539 1602 571 A.
1616 536 1710 580 48]);

225 635 272 670 et
304 629 406 682 quia
439 627 694 676 “Un&u5,”
722 627 1004 676 “Christus‚”
1033 627 1291 668 “Messias”
1316 633 1362 668 et
1398 626 1580 675 “Rex,”
1606 633 1711 667 sunt

227 705 493 745 synonyma,
517 691 618 732 ideo
639 691 775 731 etiam
800 694 825 710 “
843 690 980 730 Filius
1004 690 1087 730 Dei
1104 690 1138 740 ;’‘
1163 696 1210 730 et
1233 689 1409 743 singula
1430 689 1507 730 illa
1529 690 1711 730 nomina

227 755 271 794 in
286 768 420 795 sensu
434 753 651 806 spirituali
665 752 921 806 significant
939 753 1151 794 Divinum
1166 753 1338 793 Verum
1358 767 1366 793 :
1395 753 1515 806 quod
1536 752 1678 792 “Rex
1691 752 1711 766 ”

226 814 337 855 illud
363 814 588 867 significet
613 815 822 855 videatur
846 828 982 867 supra
1006 824 1051 863 (n.
1075 825 1138 866 31,
1158 823 1248 866 553.
1264 813 1391 866 625);
1423 813 1544 867 quod
1570 814 1709 854 etiam

229 876 406 917 “Filius
443 876 565 924 Dei,“
601 883 670 917 est
707 877 810 929 quia
848 876 991 916 “filii’'
1027 876 1072 916 in
1104 876 1260 916 Verbo
1296 875 1552 928 significant
1590 889 1708 921 vera.

226 939 330 979 inde
355 939 531 979 “Filius
558 939 671 979 Dei”
692 938 914 992 significat
941 939 1152 979 Divinum
1179 938 1376 989 Verum;
1419 938 1539 992 quod
1568 938 1711 979 “filii”

225 999 482 1053 significent
499 1014 621 1047 vera,
637 1000 846 1040 videatur
863 1013 996 1053 supra
1015 1010 1061 1048 (n.
1080 999 1186 1048 166).
1235 999 1391 1040 Simile
1413 1000 1552 1040 etiam
1570 1000 1709 1052 signi-

224 1060 383 1102 ficatur
429 1074 507 1114 per
549 1061 815 1102 “Christum
826 1061 844 1076 ”
885 1068 931 1102 et
976 1075 1054 1114 per
1097 1061 1384 1102 “Messiam.’'
1454 1060 1588 1114 Quod
1633 1074 1712 1114 per

225 1123 493 1164 “Christum
506 1123 525 1138 ''
569 1123 843 1176 significetur
891 1124 1103 1164 Divinum
1149 1123 1320 1165 Verum
1365 1130 1547 1164 constat
1591 1124 1711 1177 apud

224 1186 516 1235 Mazsszaeum,

303 1275 450 1307 “Nolite
467 1276 586 1307 vocari
604 1276 717 1307 Rabbi
731 1286 738 1314 ;
762 1286 854 1308 unus
870 1282 926 1308 est
941 1282 1060 1308 vester
1077 1274 1222 1315 Βοᾶὶοῐ,
1240 1276 1403 1308 Christus
1414 1276 1433 1288 ’'
1449 1276 1559 1317 (xxiii.
1577 1277 1629 1317 8):

225 1383 304 1424 per
328 1371 490 1411 “rabbi
501 1371 519 1386 ”
546 1378 591 1411 et
616 1370 916 1412 “doctorem'’
939 1371 1215 1424 significatur
1240 1372 1410 1413 docens
1436 1372 1621 1421 Verum,
1646 1373 1711 1414 ita

224 1432 450 1474 abstracte
491 1432 694 1475 doc'trina
733 1434 854 1483 Veri,
898 1448 948 1475 ac
989 1436 1033 1475 in
1073 1447 1283 1487 supremo
1323 1448 1457 1475 sensu
1498 1435 1709 1476 Divinum

224 1496 410 1545 Verum,
430 1496 548 1550 quod
571 1504 640 1537 est
664 1497 892 1548 Christus;
925 1498 1045 1551 quod
1068 1497 1189 1538 solus
1211 1499 1268 1538 sit
1292 1498 1502 1538 Divinum
1522 1498 1707 1547 Verum,

223 1559 490 1611 intelligitur
507 1573 585 1612 per
605 1559 796 1601 “Nolite
815 1561 964 1601 vocari
987 1560 1134 1600 Rabbi
1151 1575 1160 1611 ;
1193 1574 1305 1600 unus
1327 1567 1396 1602 est
1415 1568 1566 1602 vester
1587 1562 1710 1602 Doc-

224 1627 310 1670 tor,
338 1621 578 1662 Christus.”
637 1622 774 1675 Apud
801 1623 1008 1671 eundem,

291 1709 446 1741 “Videte
464 1720 509 1741 ne
529 1711 606 1751 quis
626 1720 690 1742 vos
710 1711 875 1748 seducat;
901 1712 1002 1742 multi
1022 1713 1118 1743 enim
1135 1713 1280 1744 venient
1297 1714 1362 1744 sub
1383 1714 1530 1745 nomine
1550 1725 1641 1753 meo,
1659 1716 1710 1747 di-

400 1759 531 1790 centes,
554 1753 630 1793 Ego
649 1764 727 1785 sum
746 1754 920 1792 Christus,
937 1761 972 1786 et
995 1755 1128 1787 multos
1148 1757 1326 1788 seducent.
1365 1781 1372 1789 .
1388 1782 1395 1788 .
1409 1757 1460 1789 ‚Si
1481 1759 1559 1798 quis
1579 1759 1708 1790 dixerit

397 1797 509 1834 vobis,
525 1797 613 1828 Ecce
630 1797 685 1828 hic
701 1804 756 1828 est
773 1797 944 1835 Christus,
958 1805 1018 1829 aut
1035 1799 1093 1836 ibi,
1111 1809 1156 1830 ne
1173 1800 1303 1831 credite
1320 1810 1327 1838 ;
1351 1808 1498 1840 surgent
1515 1802 1610 1833 enim
1627 1802 1709 1834 falsi

399 1839 542 1878 Christi,
556 1846 590 1871 et
607 1840 686 1871 falsi
705 1841 899 1881 prophetae
912 1841 929 1852 ''
947 1840 1054 1881 (xxiv.
1073 1840 1135 1883 [4,]
1153 1851 1180 1881 5,
1199 1851 1250 1881 23.
1269 1852 1330 1882 24,
1354 1845 1466 1876 Alarc.
1480 1846 1550 1876 xiii.
1565 1846 1685 1885 21-23)
1702 1857 1709 1878 :

224 1927 334 1968 haec
361 1941 450 1968 non
482 1928 779 1981 intelligenda
811 1936 915 1970 sunt
947 1930 1068 1983 quod
1100 1929 1335 1972 surrecturi
1367 1933 1441 1986 qui
1473 1947 1519 1973 se
1551 1932 1709 1974 dicturi

225 1989 451 2032 Christum
482 1997 558 2032 aut
591 1991 808 2039 Christos,
842 1992 921 2033 sed
953 1993 1025 2046 qui
1056 1993 1328 2035 falsificaturi
1353 2002 1463 2036 'sunt
1490 1996 1706 2045 Verbum,

224 2059 269 2094 et
306 2052 464 2094 dicturi
501 2054 620 2107 quod
657 2054 742 2095 hoc
779 2061 856 2095 aut
893 2055 1002 2095 illud
1039 2057 1096 2097 sit
1134 2057 1344 2098 Divinum
1382 2058 1568 2108 Verum,
1606 2073 1708 2100 cum

225 2129 314 2156 non
346 2117 428 2166 sit;
467 2117 529 2157 illi
562 2118 634 2170 qui
665 2118 775 2158 falsa
806 2132 864 2158 ex
898 2118 1053 2159 Verbo
1084 2119 1364 2170 confirmant,
1393 2122 1708 2175 intelliguntur

223 2193 301 2232 per
334 2180 739 2231 “pseudochristos
757 2181 789 2230 ;'’
832 2187 878 2222 et
916 2182 989 2235 qui
1025 2182 1136 2222 falsa
1173 2182 1402 2225 dorstrinae
1440 2185 1705 2234 excludunt,

224 2255 302 2294 per
326 2243 782 2295 “pseudoprophetas
798 2243 831 2284 :³³
863 2246 1011 2296 agitur
1033 2246 1151 2285 enim
1173 2247 1215 2286 in
1242 2246 1355 2287 binis
1377 2247 1463 2288 illis
1486 2249 1706 2301 capitibus

224 2303 280 2344 de
325 2306 575 2345 successiva
615 2308 870 2347 vastatione
916 2307 1148 2357 ecclesiae,
1190 2310 1253 2350 ita
1297 2310 1352 2351 de
1396 2310 1706 2353 falsificatione

225 2363 381 2413 Verbi,
414 2373 460 2407 et
491 2367 678 2407 tandem
710 2368 766 2408 de
797 2368 1116 2420 profanatione
1145 2371 1239 2411 veri
1269 2372 1387 2412 inde.
1446 2383 1524 2420 (Sed
1543 2384 1622 2413 haee
1641 2394 1708 2413 am-

224 2428 306 2465 plius
320 2429 475 2466 explicata
487 2431 653 2459 videantur
664 2431 695 2459 in
708 2432 846 2460 Arcanis
859 2433 1053 2466 Caelestibus,
1064 2443 1095 2463 n.
1109 2435 1300 2471 3353-3356,
1311 2440 1341 2463 et
1353 2444 1385 2465 n.
1395 2437 1601 2474 3897—3901.)
1642 2426 1705 2467 Et

225 2480 327 2532 quia
365 2480 542 2521 “Filius
583 2482 667 2522 Dei
682 2482 700 2496 ''
737 2483 874 2522 etiam
915 2484 1138 2536 significat
1179 2485 1389 2527 Divinum
1431 2487 1616 2536 Verum,
1655 2495 1704 2529 ut

224 2542 360 2583 modo
386 2542 551 2584 dictum
578 2551 661 2593 est,
690 2545 791 2586 ideo
817 2546 1052 2599 aliquoties
1077 2547 1238 2589 dicitur

288 2637 477 2670 “Christus
496 2638 604 2671 Filius
623 2640 717 2671 Dei”
734 2640 785 2680 (ut
802 2642 930 2673 Matth.
950 2643 1043 2674 xxvi.
1061 2643 1102 2682 63
1117 2654 1124 2675 ε
1149 2645 1259 2676 Marc.
1278 2645 1346 2677 xiv.
1362 2643 1437 2677 [2161
1452 2658 1458 2678 :
1487 2646 1566 2678 Luc.
1582 2647 1625 2678 iv.
1639 2656 1679 2686 41
1696 2657 1704 2686 ;

396 2691 472 2722 cap.
489 2683 569 2714 xxii.
587 2684 629 2714 66
645 2684 690 2715 ad
707 2684 778 2716 fin.:
808 2685 889 2726 Jolz.
907 2686 952 2717 vi.
971 2687 1033 2726 69;
1058 2696 1133 2727 cap.
1150 2688 1196 2719 xi.
1215 2689 1266 2726 26,
1284 2697 1324 2727 27
1339 2699 1346 2727 ;
1371 2699 1444 2730 cap.
1462 2700 1518 2721 xx.
1538 2691 1601 2730 31).

225 2767 276 2807 In
302 2781 488 2817 summa,
516 2770 634 2822 quod
667 2771 886 2812 Dominus
917 2773 959 2812 in
992 2774 1160 2815 mundo
1186 2773 1329 2816 dictus
1355 2777 1484 2818 suerit
1514 2777 1701 2818 “Chris-

224 2829 335 2878 tus‚'’
369 2831 632 2880 “Messias,”
667 2833 912 2875 “Unctus”
948 2842 992 2876 et
1032 2836 1213 2886 “Rex,”
1244 2845 1340 2880 erat
1377 2840 1479 2892 quia
1515 2841 1558 2880 in
1596 2840 1701 2892 Ipso

223 2890 331 2933 Solo
356 2892 435 2934 fuit
462 2894 670 2936 Divinum
699 2895 872 2937 Bonum
899 2897 1048 2939 Divini
1074 2899 1271 2951 Amoris,
1295 2915 1352 2942 ex
1380 2916 1468 2955 quo
1495 2903 1699 2955 procedit
