1962 3334
582 266 687 300 ch’.
710 267 792 308 XL,
816 267 952 300 VERs.
982 267 1150 312 15.—N.
1171 257 1340 313 684[a].
1481 278 1484 279 ν
1597 258 1667 299 181
1682 269 1696 298 1

217 393 296 433 per
321 379 439 434 quod
471 379 739 433 intelligitur
764 380 884 434 quod
910 381 1061 422 omnia
1090 380 1147 421 ad
1179 380 1372 421 salutem
1398 379 1515 420 illius
1540 386 1703 433 optato

216 444 439 483 evenient.
514 442 740 495 Quoniam
784 443 959 483 caelum
1003 450 1074 484 est
1119 443 1293 484 caelum
1338 456 1398 483 ex
1443 444 1703 495 receptione

217 505 367 545 Divini
398 505 507 546 Veri
537 519 563 546 a
594 505 805 554 Domino,
839 506 1043 546 similiter
1073 506 1277 554 ecclesia,
1311 506 1414 546 ideo
1450 505 1624 546 caelum
1656 512 1702 545 et

217 569 408 610 ecclesia
438 570 482 609 in
509 569 734 609 communi
759 581 892 609 sensu
923 569 1191 621 intelligitur
1221 582 1301 622 per
1329 572 1555 620 “regnum
1589 567 1703 608 Dei''

216 639 262 673 et
289 645 367 684 per
394 636 620 684 “regnum
646 631 921 672 caelorum:”
957 645 1093 685 quare
1124 631 1187 671 illi
1219 631 1292 684 qui
1324 632 1544 684 recipiunt
1576 630 1703 670 Divi-

217 707 322 736 num
354 694 524 735 Verum
556 700 776 735 vocantur
806 708 832 734 a
864 694 1061 734 Domino
1090 693 1206 734 “filii
1238 693 1404 746 regni,”
1430 693 1548 746 apud
1578 693 1702 733 Mat-

217 758 404 807 thaeum,

283 863 408 904 “Ager
424 869 478 895 est
495 864 657 901 mundus,
675 873 815 895 semen.
828 868 928 894 ,sunt
945 862 1006 893 filii
1023 862 1134 903 regni,
1152 862 1287 894 zizania
1302 868 1386 894 sunt
1405 862 1466 893 filii
1486 862 1572 893 mali
1583 861 1601 873 ”
1617 862 1703 903 (xiii.

389 908 463 947 38):

216 1019 335 1073 quod
357 1019 624 1071 recipientes
644 1018 793 1058 Divini
811 1018 919 1058 Veri
941 1017 1254 1071 intelligantur
1276 1031 1354 1071 per
1373 1017 1525 1058 “filios
1547 1017 1704 1070 regni'’

217 1088 361 1134 patet,
386 1095 489 1122 nam
516 1081 678 1122 dicitur
703 1080 904 1122 “Semen
931 1088 1035 1122 sunt
1062 1080 1138 1120 filii
1164 1082 1304 1133 regni,
1333 1087 1380 1121 et
1406 1081 1573 1121 zizania
1599 1088 1703 1123 sunt

215 1144 292 1185 filii
329 1144 433 1185 mali
452 1144 485 1194 ;’‘
526 1158 604 1196 per
638 1144 861 1184 “semen”
892 1143 1160 1196 intelligitur
1192 1143 1405 1184 Divinum
1437 1143 1623 1192 Verum,
1658 1151 1704 1185 et

217 1221 296 1260 per
328 1207 537 1247 “zizania
550 1207 568 1221 ’'
599 1207 758 1247 falsum
794 1206 1035 1256 infernale;
1078 1212 1124 1246 et
1161 1213 1381 1246 vocantur
1421 1206 1572 1255 “filii‚”
1602 1208 1705 1261 quia

220 1269 333 1310 “filii
345 1269 364 1284 ’⁹
380 1271 424 1310 in
447 1269 588 1309 Verbi
610 1283 744 1310 sensu
766 1269 982 1321 spirituali
1005 1267 1260 1322 significant
1283 1283 1401 1317 vera,
1421 1283 1472 1310 ac
1495 1271 1538 1309 in
1561 1284 1703 1323 oppo-

217 1331 308 1371 sito
338 1344 473 1371 sensu
503 1330 631 1378 falsa,
662 1331 870 1371 videatur
900 1344 1035 1383 supra
1066 1340 1111 1378 (n.
1138 1329 1245 1379 166).
1304 1330 1548 1371 Praeterea
1583 1331 1703 1384 quod

221 1395 450 1445 “regnum
483 1391 597 1432 Dei”
629 1391 852 1444 significet
884 1391 1123 1432 ecclesiam
1155 1391 1303 1444 quoad
1335 1406 1441 1432 vera
1477 1406 1536 1432 ex
1568 1392 1702 1440 bono,

217 1458 264 1493 et
295 1467 474 1506 quoque
505 1453 699 1500 caelum,
731 1453 942 1493 videatur
972 1453 1114 1492 etiam
1146 1466 1281 1505 supra
1313 1455 1471 1504 (n.48):
1510 1460 1557 1494 et
1582 1454 1704 1507 quod

221 1517 447 1567 “regnum
475 1514 559 1554 Dei
590 1514 708 1566 apud
735 1515 963 1554 hominem
978 1513 997 1528 ''
1023 1513 1245 1566 significet
1272 1515 1315 1554 in
1348 1516 1462 1555 veris
1494 1529 1552 1555 ex
1585 1515 1706 1556 bono

218 1590 316 1617 esse
342 1590 368 1616 a
394 1577 603 1625 Domino,
631 1578 694 1617 ita
725 1578 769 1616 in
795 1577 1030 1630 sapientia,
1059 1584 1105 1617 et
1137 1577 1240 1617 inde
1272 1578 1316 1617 in
1343 1579 1548 1630 potentia
1574 1579 1704 1618 resis-

218 1639 344 1680 tendi
382 1639 503 1680 falsis
542 1646 588 1680 et
630 1640 771 1688 malis,
814 1646 860 1680 et
906 1640 966 1680 sic
1009 1640 1129 1693 quod
1173 1640 1431 1693 “regnare’‘
1472 1642 1529 1681 sit
1569 1641 1706 1681 solius

218 1699 418 1748 Domini,
445 1702 584 1741 etiam
611 1714 744 1753 supra
770 1711 816 1749 (n.
835 1711 946 1752 333).

298 1766 515 1822 684[a].
556 1768 733 1807 Dicitur
762 1767 884 1820 quod
918 1767 1076 1807 “faeta
1107 1774 1212 1808 sunt
1248 1781 1391 1820 regna
1422 1768 1577 1808 mundi
1609 1769 1706 1809 Do-

218 1832 326 1872 mini
351 1831 494 1871 nostri
519 1843 570 1869 ac
598 1828 764 1870 Christi
793 1828 934 1881 Ipsius
955 1828 988 1878 ;’'
1025 1835 1071 1868 et
1105 1842 1183 1881 per
1214 1829 1257 1868 id
1285 1829 1561 1882 significatur
1586 1831 1706 1883 quod

217 1900 324 1935 tunc
343 1894 582 1946 recipiatur
601 1893 812 1933 Divinum
832 1893 1008 1933 Bonum
1026 1906 1077 1933 ac
1097 1893 1308 1933 Divinum
1326 1893 1509 1942 Verum,
1526 1895 1707 1947 quando

218 1957 323 1998 mali
358 1971 384 1997 a
419 1957 547 1997 bonis
583 1956 779 2008 separati
816 1962 935 2004 sunt,
970 1962 1015 1996 et
1053 1956 1116 1996 illi
1153 1957 1196 1996 in
1234 1957 1451 1997 infernum
1489 1955 1705 2009 conje&i;

218 2027 325 2061 tunc
352 2020 470 2060 enim
497 2025 686 2072 possunt
713 2019 825 2059 caeli
852 2025 946 2059 tam
973 2020 1223 2072 superiores
1250 2033 1383 2072 quam
1409 2020 1637 2060 inferiores
1662 2021 1707 2060 in

217 2083 518 2124 illustratione
541 2096 654 2129 esse,
679 2088 725 2122 et
751 2082 855 2122 inde
878 2082 920 2121 in
944 2082 1233 2134 perceptione
1256 2082 1360 2122 boni
1388 2089 1434 2123 et
1457 2083 1562 2130 veri,
1587 2083 1707 2136 quod

218 2159 309 2186 non
341 2144 432 2185 fieri
458 2151 610 2198 potest
638 2145 848 2197 quamdiu
881 2144 985 2184 mali
1017 2143 1241 2197 conjunffi
1273 2151 1377 2185 sunt
1409 2145 1564 2195 bonis;
1603 2159 1707 2186 nam

220 2200 392 2248 tamdiu
418 2209 629 2248 interiora
654 2207 919 2259 angelorum
946 2208 1019 2260 qui
1051 2208 1094 2248 in
1126 2207 1404 2248 inferioribus
1436 2208 1571 2248 caelis
1603 2215 1708 2249 sunt

219 2284 308 2311 non
335 2277 524 2323 possunt
550 2270 723 2322 aperiri,
752 2270 832 2310 sed
856 2270 1000 2310 solum
1028 2271 1269 2318 exteriora,
1298 2277 1343 2310 et
1371 2271 1591 2311 Dominus
1618 2284 1708 2311 non

219 2340 380 2386 regnat
416 2334 460 2373 in
496 2333 699 2373 externis
732 2333 951 2384 separatis
988 2332 1044 2372 ab
1075 2333 1263 2373 internis
1300 2333 1418 2385 apud
1449 2334 1629 2386 spiritus
1661 2340 1708 2374 et

219 2388 436 2444 homines,
457 2396 535 2436 sed
557 2396 601 2435 in
625 2396 810 2435 internis
834 2402 879 2435 et
902 2409 960 2435 ex
985 2395 1070 2434 illis
1093 2395 1136 2434 in
1159 2397 1386 2446 externis;
1420 2410 1555 2449 quare
1578 2403 1707 2437 ante-

220 2471 354 2511 quam
391 2465 550 2510 aperta
580 2464 683 2498 sunt
717 2459 930 2497 interiora
961 2457 1227 2510 angelorum
1260 2458 1403 2499 ultimi
1435 2459 1559 2506 caeli,
1594 2474 1708 2513 quae

220 2527 325 2560 sunt
357 2520 602 2572 spiritualia
634 2527 679 2560 et
712 2520 940 2567 caelestia,
975 2534 1064 2560 non
1097 2520 1206 2560 illud
1238 2521 1412 2562 caelum
1450 2523 1512 2562 ita
1542 2521 1708 2563 factum

220 2589 290 2623 est
322 2595 509 2635 regnum
543 2583 724 2622 Domini
756 2583 870 2622 sicut
902 2590 1005 2635 post
1037 2584 1369 2635 separationem
1400 2585 1618 2625 malorum
1651 2585 1707 2625 ab

220 2644 319 2685 illis.
381 2644 554 2684 Dicitur
576 2645 695 2697 quod
722 2650 900 2697 “regna
923 2646 1077 2686 mundi
1099 2644 1216 2686 facta
1242 2647 1331 2687 sint
1359 2647 1540 2687 Domini
1567 2648 1709 2687 nostri

221 2714 266 2748 et
294 2706 458 2748 Christi
486 2707 668 2759 Ipsius,''
692 2721 742 2748 ac
770 2721 848 2760 per
873 2708 1155 2749 “Dominum
1170 2709 1187 2723 ’²
1209 2709 1267 2749 ibi
1295 2710 1563 2762 intelligitur
1589 2711 1707 2751 idem

221 2770 340 2823 quod
373 2782 449 2821 per
477 2767 761 2821 “'Jehovam’'
794 2771 835 2810 in
870 2770 1028 2811 Veteri
1061 2771 1360 2813 Testamento
1393 2780 1438 2813 et
1472 2787 1549 2825 per
1584 2774 1706 2813 “Pa-

221 2831 367 2872 trem''
389 2833 431 2872 in
460 2831 604 2878 Novo,
632 2846 790 2885 nempe
816 2833 1035 2874 Dominus
1059 2834 1207 2886 quoad
1232 2835 1383 2887 Ipsum
1409 2835 1633 2881 Divinum,
1659 2842 1707 2875 ct

221 2908 396 2947 quoque
422 2895 568 2948 quoad
598 2895 806 2936 Divinum
835 2895 1035 2946 Bonum;
1070 2910 1119 2937 ac
1148 2910 1225 2948 per
1250 2897 1544 2938 “Christum''
1572 2897 1706 2938 intel-
