1956 3328
650 274 778 306 ·CAP.
802 275 884 316 x1.,
906 275 1045 308 VERs.
1073 276 1241 320 19.—N.
1263 277 1359 321 704.
1448 283 1452 286 ·
1650 279 1757 322 1909

270 386 427 439 quibus
457 386 650 427 influxus
681 386 807 428 fieret
838 388 883 428 in
913 388 1118 429 inferiora
1147 389 1220 429 ubi
1251 395 1381 429 erant
1414 389 1543 429 mali:
1576 403 1635 430 ex
1667 389 1754 430 hoc

268 448 439 489 influxu
463 447 627 490 factum
654 456 723 490 est
750 450 870 503 quod
897 451 942 490 in
972 451 1263 500 inferioribus,
1291 452 1363 492 ubi
1391 451 1508 500 mali,
1538 443 1631 492 visa
1662 453 1754 492 sint

270 511 518 564 “fulguras
538 512 718 552 auditae
740 514 830 553 sint
854 517 879 532 ‘⁸
894 527 1029 554 voces
1055 520 1101 554 et
1128 514 1364 562 tonitrua,''
1386 521 1482 554 tum
1508 515 1628 567 quod
1650 513 1754 555 faffl

270 576 456 614 “terrae
481 574 670 623 motuS‚”
694 582 740 615 et
767 575 988 627 depluerit
1017 577 1264 629 “grando''
1325 577 1526 617 Influxus
1551 591 1575 617 e
1601 577 1751 624 caelis,

266 634 351 676 hoc
376 643 460 685 est,
488 650 565 689 per
590 637 742 695 caelos
772 651 799 678 a
829 638 1039 686 Domino,
1067 652 1157 679 non
1183 646 1253 679 est
1278 640 1359 679 nisi
1385 640 1548 680 amoris
1573 639 1679 680 boni
1705 648 1752 680 et

266 697 513 739 affeffionis
537 700 642 747 veri,
669 700 750 740 sed
775 702 964 741 vertitur
993 701 1068 742 ille
1098 703 1216 754 apud
1249 702 1392 742 malos
1422 703 1467 742 in
1500 702 1607 742 talia
1638 717 1752 756 quae

265 762 619 813 correspondent
644 762 821 803 illorum
847 763 975 803 malis
1006 771 1054 805 et
1084 764 1187 804 inde
1213 764 1347 813 falsis,
1375 766 1439 805 ita
1464 779 1577 818 quae
1604 778 1751 806 corre-

264 824 491 875 spondent
526 824 703 865 illorum
738 827 879 866 amori
919 826 1024 866 mali
1060 833 1107 867 et
1143 826 1364 868 affectioni
1400 827 1524 874 salsi:
1566 835 1614 869 et
1649 830 1751 882 quia

263 884 494 926 conflictus
534 894 580 927 et
620 888 779 928 turbae
819 890 1147 941 cogitationum
1191 897 1238 930 et
1282 891 1650 931 ratiocinationes
1690 906 1749 932 ex

262 948 391 988 malis
422 956 467 990 et
498 949 619 990 salsis
650 950 705 990 de
737 951 867 991 bonis
904 958 950 992 et
981 953 1097 992 veris
1128 953 1359 1001 ecclesiae,
1394 954 1436 993 in
1469 954 1626 1007 quibus
1658 954 1750 995 fue-

261 1017 380 1059 runt,
413 1013 767 1064 correspondent
802 1013 1123 1066 “fulguribus‚”
1157 1015 1418 1064 “vocibus,”
1448 1023 1495 1056 et
1529 1018 1749 1057 “tonitri-

260 1072 383 1122 bus,”
406 1075 509 1115 ideo
534 1075 644 1116 haec
677 1082 782 1116 sunt
813 1089 892 1128 per
919 1091 1032 1130 quae
1058 1077 1366 1130 significantur
1396 1078 1496 1118 illa:
1534 1079 1604 1119 hic
1631 1081 1750 1120 enim

261 1137 410 1189 agitur
434 1138 489 1178 de
516 1145 640 1178 statu
668 1138 792 1187 caeli,
819 1139 961 1192 qualis
986 1140 1156 1180 futurus
1181 1147 1250 1181 est
1282 1142 1487 1193 proxime
1512 1149 1618 1182 ante
1645 1142 1749 1183 ulti-

260 1211 383 1239 mum
413 1193 653 1252 judiciums
701 1200 834 1253 Quod
872 1200 1102 1242 conflictus
1138 1209 1185 1243 et
1226 1203 1384 1243 turbae
1417 1205 1746 1256 cogitationum

260 1267 308 1301 et
332 1263 697 1303 ratiocinationes
719 1277 778 1303 ex
801 1264 929 1304 malis
950 1271 997 1304 et
1018 1264 1140 1305 salsis
1162 1265 1218 1305 de
1243 1265 1374 1306 bonis
1395 1274 1442 1306 et
1464 1268 1579 1306 veris
1602 1267 1747 1308 eccle-

260 1323 352 1364 siae
378 1325 581 1366 existant
607 1326 726 1378 apud
752 1326 852 1366 illos
884 1327 957 1379 qui
988 1327 1171 1367 interius
1198 1328 1303 1368 mali
1329 1335 1447 1374 sunt,
1475 1336 1521 1369 et
1548 1331 1748 1370 exterius

258 1394 476 1439 apparent
508 1388 627 1435 boni,
654 1395 894 1442 postquam
926 1397 1083 1442 aperta
1113 1398 1216 1431 sunt
1248 1391 1424 1431 illorum
1457 1393 1669 1432 interiora
1699 1400 1746 1433 et

258 1449 412 1490 clausa
441 1452 681 1499 exteriora,
712 1459 781 1492 est
813 1466 871 1492 ex
903 1451 1111 1493 conflictu
1142 1448 1414 1494 interiorum
1434 1454 1611 1494 illorum
1642 1468 1745 1495 cum

257 1513 556 1553 exterioribus
592 1515 636 1554 in
668 1515 811 1566 primo
841 1521 964 1555 statu
995 1516 1317 1567 separationis;
1359 1517 1439 1556 sed
1471 1524 1519 1557 ut
1557 1518 1745 1569 primum

255 1577 485 1616 exteriora
509 1589 689 1628 prorsus
715 1577 866 1617 clausa
891 1584 1010 1625 sunt,
1039 1591 1090 1617 ac
1123 1578 1184 1618 illi
1215 1577 1357 1619 relicti
1382 1586 1486 1619 sunt
1513 1581 1602 1619 suis
1628 1581 1745 1620 inte-—

256 1637 456 1686 rioribus,
490 1646 596 1679 tunc
629 1646 777 1679 cessat
809 1638 1067 1690 confli&us;
1109 1648 1213 1681 sunt
1245 1642 1363 1681 enim
1395 1648 1503 1682 tunc
1535 1642 1668 1694 plane
1699 1643 1743 1682 in

256 1714 408 1742 amore
439 1702 507 1741 sui
538 1702 644 1741 mali
675 1709 721 1742 et
759 1703 802 1742 in
834 1701 1069 1743 affectione
1100 1704 1166 1743 sui
1196 1703 1307 1752 falsi,
1341 1711 1387 1744 et
1428 1705 1531 1744 inde
1563 1706 1607 1744 in
1639 1719 1745 1746 suae

254 1764 376 1804 vitae
396 1763 620 1816 jucundo;
653 1778 788 1817 quare
814 1771 921 1805 tunc
953 1779 1000 1805 se
1032 1765 1245 1818 dejiciunt
1276 1767 1318 1806 in
1350 1767 1570 1807 infernum
1596 1768 1652 1807 ad
1679 1769 1744 1808 sui

255 1826 435 1875 similes,
463 1827 583 1880 quod
608 1826 657 1867 fit
684 1827 755 1867 die
781 1827 926 1868 ultimi
947 1827 1112 1880 judicii.

332 1906 466 1951 703.
507 1898 586 1938 “ft
621 1902 763 1938 tert-ae
799 1899 1165 1951 motus.”—Qu0d
1209 1900 1436 1952 significet
1476 1902 1743 1942 mutationes

253 1965 400 1999 status
421 1960 570 2012 quoad
585 1959 665 2000 illa
690 1974 799 2013 quae
818 1960 929 2000 caeli
946 1967 988 2000 et
1007 1960 1206 2001 ecclesiae
1226 1968 1330 2002 sunt
1353 1963 1479 2014 apud
1494 1963 1607 2009 illos.
1632 1977 1741 2004 con-

253 2028 348 2062 stat
388 2036 447 2062 ex
489 2022 817 2075 significatione
857 2027 1041 2063 “terrae
1078 2024 1266 2071 motus,’‘
1302 2025 1421 2077 quod
1459 2027 1516 2066 sit
1550 2027 1743 2067 mutatio

255 2087 405 2122 status
434 2083 670 2131 ecclesiae,
703 2084 759 2123 de
794 2097 882 2137 qua
918 2097 1052 2136 supra
1083 2095 1262 2135 (n.400).
1322 2085 1455 2137 Quod
1489 2087 1534 2126 in
1570 2088 1741 2127 mundo

254 2144 471 2195 spirituali
498 2145 587 2185 sint
619 2151 778 2193 terrae,
807 2145 961 2190 colles,
990 2152 1182 2193 montes,
1211 2154 1256 2186 et
1288 2147 1406 2199 quod
1441 2147 1503 2187 illi
1534 2150 1738 2189 concuti-

252 2213 399 2255 antur,
418 2208 600 2260 quando
621 2215 766 2248 status
786 2208 1002 2248 ecclesiae
1019 2209 1137 2260 apud
1159 2208 1260 2249 illos
1283 2217 1483 2250 mutatur
1503 2211 1547 2250 in
1571 2211 1737 2252 malum

252 2275 300 2310 et
338 2269 383 2310 in
413 2269 585 2318 falsum,
613 2277 659 2310 et
699 2271 819 2323 quod
857 2271 920 2311 illi
959 2278 1105 2311 terrae
1131 2279 1281 2312 motus
1316 2273 1630 2326 intelligantur
1660 2289 1740 2327 per

255 2334 440 2373 “terrae
471 2340 621 2374 motus
634 2334 653 2347 ’'
685 2334 740 2374 de
777 2334 935 2388 quibus
966 2335 1128 2375 dicitur
1157 2336 1201 2375 in
1233 2335 1403 2384 Verbo,
1437 2338 1573 2377 etiam
1606 2352 1739 2391 supra

252 2403 298 2441 (11-
313 2403 408 2444 400,
422 2405 538 2446 499)-

329 2474 462 2518 704.
500 2465 579 2505 “ft
599 2466 760 2518 qnando
791 2466 1174 2519 magnast—Quod
1210 2467 1435 2520 significet
1454 2469 1634 2520 salsum
1665 2470 1736 2509 in·

244 2526 419 2577 fcrnale
444 2527 675 2567 destruens
700 2542 806 2568 vera
830 2535 873 2568 et
896 2528 1006 2568 bona
1032 2528 1241 2577 ecclesiae,
1269 2537 1452 2570 constat
1481 2545 1539 2570 ex
1567 2531 1735 2583 signifi-

250 2589 430 2630 catione
464 2590 772 2642 “grandini5,”
804 2591 923 2644 quod
960 2592 1018 2631 sit
1054 2591 1214 2631 salsum
1251 2592 1465 2633 infernale
1498 2594 1735 2633 destruens

250 2663 359 2690 vera
389 2649 609 2690 ecclesiae
639 2661 695 2698 <de
709 2670 773 2712 quq
786 2671 892 2699 supra.
908 2671 939 2691 n.
958 2661 1080 2703 503);
1117 2659 1162 2692 et
1193 2653 1295 2705 quia
1327 2653 1487 2693 dicitur
1521 2655 1735 2706 “grando

249 2710 455 2763 magna,”
477 2717 523 2751 et
549 2712 831 2764 “magnum’'
854 2713 1139 2765 praedicatur
1161 2714 1217 2754 de
1243 2714 1376 2760 bono,
1401 2722 1445 2754 et
1473 2715 1734 2755 “multum’'

249 2771 308 2811 de
347 2785 456 2811 Vero
495 2781 653 2820 (videatur
675 2783 769 2811 etiam
792 2793 897 2820 supra,
921 2793 951 2812 n.
981 2773 1167 2826 [652[a].]
1208 2774 1323 2826 696),
1364 2775 1469 2815 inde
1513 2777 1733 2827 “grando

255 2831 452 2884 magna”
478 2834 615 2873 etiam
647 2833 871 2886 significat
904 2834 1063 2874 falsum
1096 2835 1312 2875 infernale
1344 2836 1581 2876 destruens
1614 2837 1732 2876 bona

248 2893 481 2935 ecclesiae.
558 2894 691 2948 Quod
738 2903 917 2949 praeter
965 2896 1190 2950 “fulgura,
1238 2899 1438 2938 tonitrua
1487 2906 1531 2938 et
1583 2906 1730 2940 terrae
