1962 3334
613 255 718 299 cm».
740 266 803 307 x„
825 265 964 298 VERs.
983 265 1131 310 9.-N.
1151 254 1321 310 617[a].
1601 263 1707 308 1543

287 369 552 414 “Inveniemur
566 371 677 412 verba
692 386 763 418 tua,
777 370 827 412 ita
841 385 880 412 ut
895 379 1080 411 comedam
1099 389 1153 417 ea,
1170 385 1206 410 et
1221 379 1268 410 sit
1282 378 1439 411 Verbum
1454 384 1553 410 tuum
1567 378 1654 409 mihi
1671 378 1708 409 in

392 424 561 465 gaudium
578 430 614 455 et
630 424 667 455 in
684 424 855 455 laetitiam
872 423 990 455 cordis
1006 423 1076 455 mei
1086 422 1105 435 ’¹
1122 423 1192 463 (xv.
1213 423 1285 462 16):

217 512 291 554 hic
309 512 583 554 “comedere
595 511 616 527 ’'
634 511 870 552 manifeste
892 525 974 564 pro
996 510 1287 564 spiritualiter
1307 510 1565 559 comedere,
1588 509 1709 564 quod

217 582 290 617 est
320 575 447 624 scire,
474 575 703 628 percipere
724 581 782 615 ‘et
813 574 896 614 sibi
925 574 1241 626 appropriare;
1280 586 1384 614 nam
1416 573 1590 621 dicitur,
1619 577 1708 613 “ut

217 637 455 679 comedam
480 637 618 678 verba
642 643 734 685 tua,
756 643 804 677 et
829 637 888 677 sit
910 636 1113 676 Verbum
1140 642 1265 676 tuum
1292 636 1399 676 mihi
1424 637 1469 676 in
1495 631 1708 688 gaudium

217 707 265 741 et
302 699 522 741 laetitiam
559 700 705 740 cordis
724 698 759 749 ;'’
800 699 975 739 “verba
987 697 1007 714 ”
1041 698 1130 739 Dei
1166 697 1423 751 significant
1461 703 1707 752 praecepta

215 775 295 803 seu
320 761 484 802 Divina
508 762 644 803 Vera.
706 761 808 802 Hoc
834 760 980 802 simile
1006 767 1077 802 est
1103 774 1205 802 cum
1231 760 1318 801 illis
1343 774 1458 814 quae
1484 761 1706 802 Dominus

216 823 333 864 dixit
355 825 588 874 tentatori,

289 911 394 955 Quod
409 914 519 945 homo
532 923 605 945 non
622 924 642 945 e
659 924 751 955 pane
768 914 846 946 solo
863 914 970 952 vivat,
985 914 1076 945 “sed
1093 924 1138 945 ex
1150 914 1251 945 omni
1264 915 1374 945 verbo
1387 914 1481 955 quod
1498 913 1572 945 exit
1586 923 1632 945 ex
1647 922 1709 945 ore

390 957 457 988 Dei
467 957 486 968 ”
504 958 647 997 (Matth.
667 958 713 989 iv.
732 966 762 997 3,
779 966 822 997 4:
845 958 928 989 Luc.
946 958 990 989 iv.
1007 966 1050 996 4;
1073 957 1196 989 Deutr.
1215 957 1287 989 viii.
1304 961 1361 997 3);

215 1018 327 1063 tum,

281 1090 301 1104 ‘⁴
310 1089 366 1121 Ne
378 1090 578 1175 ‹szefmini
589 1090 705 1174 egbum
718 1090 776 1132 qui
790 1090 891 1131 perit,
905 1090 968 1122 sed
981 1090 1098 1122 cibum
1113 1090 1172 1131 qui
1185 1097 1306 1122 manet
1320 1090 1356 1121 in
1368 1090 1479 1121 vitam
1492 1096 1676 1122 aeternam
1687 1089 1707 1101 ’¹

436 1144 454 1164 o
479 1158 488 1165 .
505 1143 551 1165 vi.
568 1141 610 1172 27
636 1143 645 1172 ;

215 1218 360 1259 simile
385 1219 522 1259 etiam
548 1232 649 1260 cum
678 1219 862 1260 Domini
886 1219 1035 1260 verbis
1060 1219 1118 1260 ad
1145 1218 1403 1272 discipulos,

281 1301 488 1342 “Discipuli
512 1302 687 1340 dicebant,
714 1302 840 1340 Rabbi,
859 1303 947 1339 ede;
978 1302 1060 1343 Ipse
1084 1312 1171 1334 vero
1194 1303 1293 1341 dixit,
1314 1301 1442 1334 Cibum
1466 1302 1581 1333 habeo
1604 1312 1709 1343 quem

388 1346 503 1383 edam,
523 1355 627 1386 quem
647 1355 712 1377 vos
733 1346 898 1378 nescitis:
927 1346 1095 1378 dicebant
1113 1346 1278 1386 discipuli
1298 1347 1343 1377 ad
1367 1356 1407 1377 se
1427 1346 1592 1384 invicem,
1613 1345 1709 1378 Num

388 1389 468 1430 quis
491 1390 610 1420 attulit
634 1388 708 1430 Ipsi
731 1390 826 1430 quod
849 1390 1076 1422 comederet?
1122 1389 1221 1421 Dixit
1244 1390 1315 1420 illis
1334 1389 1450 1431 Jesus,
1472 1389 1583 1420 Cibus
1602 1399 1705 1421 meus

389 1438 444 1464 est
462 1439 501 1464 ut
518 1432 647 1464 faciam
667 1433 887 1464 voluntatem
909 1432 1027 1473 Ipsius
1047 1433 1106 1474 qui
1126 1433 1222 1464 misit
1243 1433 1315 1471 Me,
1333 1440 1368 1464 et
1387 1433 1567 1474 perficiam
1590 1432 1709 1474 Ipsius

353 1502 358 1506 .
389 1485 480 1517 opus
490 1475 508 1487 ”
524 1475 625 1518 (Joht
641 1476 687 1508 iv.
704 1478 826 1516 31-34)
837 1487 845 1508 :

215 1578 276 1606 ex
310 1563 380 1605 his
414 1564 551 1605 etiam
587 1570 716 1617 patet
750 1565 871 1618 quod
905 1564 1212 1606 “comedere'’
1242 1565 1287 1605 in
1324 1578 1458 1606 sensu
1489 1564 1709 1618 spirituali

214 1625 438 1680 significet
470 1627 667 1680 recipere
703 1627 942 1668 voluntate
983 1634 1030 1668 et
1070 1627 1231 1676 facere,
1268 1628 1386 1668 unde
1423 1625 1707 1680 conjunctim

216 1702 321 1731 nam
361 1689 581 1730 Dominus
621 1703 699 1743 per
737 1690 782 1730 id
822 1690 943 1743 quod
979 1690 1135 1731 fecerit
1174 1690 1384 1730 Divinam
1421 1690 1707 1730 voluntatem

216 1751 452 1805 conjunxit
466 1752 677 1794 Divinum
694 1753 815 1805 quod
837 1753 882 1792 in
905 1753 1012 1806 Ipso
1033 1766 1134 1793 cum
1155 1753 1367 1793 Humano
1389 1766 1484 1800 suo,
1502 1753 1566 1794 ita
1587 1752 1708 1806 quod

217 1813 430 1855 Divinum
469 1815 775 1867 appropriavit
814 1828 896 1855 suo
937 1815 1165 1856 Humano.
1241 1815 1343 1855 Huc
1385 1815 1523 1855 etiam
1558 1814 1708 1856 referri

217 1883 372 1931 potest

289 1965 396 2008 Quod
426 1965 602 1997 Dominus
630 1966 801 1997 cibaverit
825 1966 1039 2007 quinquiens
1063 1966 1162 1998 mille
1185 1966 1282 1998 viros
1311 1973 1452 2007 praeter
1478 1967 1646 1998 mulieres
1673 1973 1710 1999 et

390 2019 521 2050 pueros
539 2010 693 2050 quinque
713 2010 866 2050 panibus
886 2016 921 2041 et
939 2010 1078 2040 duobus
1100 2010 1264 2050 piscibus,
1282 2017 1317 2041 et
1336 2018 1525 2051 postquam
1545 2011 1710 2042 comede-

390 2059 471 2084 rant
486 2059 522 2084 et
538 2053 684 2084 saturati
702 2053 854 2090 fuerant,
868 2053 1077 2084 sustulerint
1094 2054 1281 2084 duodecim
1299 2054 1473 2094 cophinos
1486 2054 1710 2094 fragmento-

388 2105 467 2128 rum
483 2096 626 2134 (Matth.
645 2097 715 2127 xiv.
735 2104 864 2135 15-22;
892 2097 976 2138 Joh.
997 2097 1041 2127 vi.
1060 2104 1089 2135 5,
1111 2105 1160 2135 13,
1178 2099 1243 2135 23).

291 2139 336 2172 Et
359 2140 452 2181 quod
470 2140 641 2171 cibaverit
664 2147 789 2180 quater
812 2140 910 2171 mille
933 2140 1099 2171 homines
1124 2150 1169 2171 ex
1192 2146 1330 2181 septem
1354 2141 1506 2181 panibus
1529 2147 1565 2173 et
1587 2141 1709 2182 paucis

393 2183 550 2224 piscibus
566 2183 709 2223 (Matth.
726 2193 783 2214 xv.
801 2191 854 2222 32,
873 2183 961 2224 seq.)
978 2194 985 2215 z

216 2271 304 2314 hoc
325 2270 586 2312 miraculum
612 2269 778 2311 factum
810 2277 879 2312 est
911 2271 1014 2324 quia
1040 2271 1260 2312 Dominus
1292 2273 1411 2325 prius
1442 2272 1543 2313 illos
1568 2273 1707 2314 docu-

217 2340 329 2383 erat,
351 2340 399 2375 et
424 2334 526 2388 quia
547 2333 609 2374 illi
631 2332 882 2374 doctrinam
907 2333 1050 2386 Ipsius
1071 2342 1339 2387 receperunt
1364 2343 1412 2376 et
1434 2336 1516 2376 sibi
1538 2349 1702 2389 appro-

219 2396 503 2450 priaverunt;
541 2396 627 2436 hoc
659 2402 757 2437 erat
788 2396 909 2449 quod
941 2396 1231 2448 spiritualiter
1257 2398 1564 2449 comederint;
1601 2399 1706 2440 inde

220 2459 435 2500 naturalis
466 2473 567 2499 esus
598 2459 885 2513 sequebatur,
918 2472 1080 2511 nempe
1111 2473 1136 2500 e
1173 2460 1300 2501 caelo
1337 2461 1551 2502 influebat
1587 2463 1706 2515 apud

216 2521 319 2562 illos
354 2522 469 2562 sicut
506 2535 674 2562 manna
709 2521 828 2574 apud
867 2520 982 2562 filios
1020 2521 1213 2570 Israelis,
1251 2522 1338 2563 illis
1375 2523 1705 2575 nescientibus;

218 2596 322 2624 nam
354 2583 552 2625 Domino
583 2584 768 2624 volente
800 2585 991 2625 vertitur
1027 2585 1150 2625 cibus
1181 2585 1435 2638 spiritualiS,
1462 2587 1537 2639 qui
1567 2588 1705 2628 etiam

110 2641 112 2643 ’
160 2639 180 2659 ”
218 2644 350 2685 realis
371 2645 495 2685 cibus
516 2651 586 2686 est
608 2646 687 2686 sed
711 2647 848 2687 modo
873 2660 954 2699 pro
976 2647 1201 2699 spiritibus
1223 2654 1269 2688 et
1291 2648 1479 2701 angelis,
1502 2650 1547 2689 in
1574 2658 1704 2690 natu-

218 2705 372 2756 ralem,
394 2707 598 2749 similiter
623 2715 670 2749 ut
694 2709 738 2749 in
765 2722 976 2749 mannam
1003 2710 1160 2763 quovis
1182 2723 1327 2751 mane.
1388 2710 1540 2752 Simile
1567 2713 1706 2764 signi·

168 2823 170 2826 Ι
217 2768 376 2810 ficatur
400 2783 478 2823 per
505 2772 779 2812 “comedere
806 2784 968 2825 panem
994 2772 1038 2812 in
1064 2785 1208 2825 regno
1234 2773 1319 2813 Dei
1344 2774 1462 2826 apud
1484 2773 1666 2822 Lucam,

283 2859 476 2901 “Dispono
495 2861 598 2892 vobis
617 2871 794 2901 regnum..
810 2885 817 2892 .
831 2886 838 2892 .
853 2868 906 2892 .ut
925 2861 1120 2894 comedatis
1144 2868 1180 2894 et
1198 2863 1327 2894 bibatis
1352 2872 1459 2903 super
1478 2872 1604 2894 mensa
1623 2871 1704 2894 mea

390 2904 426 2936 in
444 2913 555 2945 regno
572 2914 652 2936 meo
664 2904 682 2916 ''
699 2905 794 2945 (xxii.
812 2912 863 2943 27,
883 2912 933 2945 29,
952 2905 1027 2945 30):
