1962 3334
650 246 756 279 cAP.
779 247 841 287 x.,
863 246 1002 279 VERs.
1022 237 1171 278 6.-Ν.
1192 236 1363 292 608[α].
1444 232 1450 238 '
1641 245 1747 291 1525

266 357 383 412 Quia
407 372 486 412 per
509 362 534 379 “
544 358 731 412 jurare,”
752 372 852 400 cum
878 373 905 399 a
927 359 1147 412 Jehovah,
1170 357 1449 412 significatur
1470 359 1634 400 Divina
1654 359 1751 401 Ve-

263 416 389 471 ritas,
415 422 518 463 ideo
543 422 706 463 dicitur
729 422 848 474 apud
871 421 1105 470 Davidem,

331 509 499 552 “Juravit
529 509 692 551 Jehovah
721 510 851 541 Davidi
875 510 1073 548 veritatem,
1097 520 1118 542 c
1149 520 1219 552 qua
1250 510 1295 542 Se
1327 520 1402 542 non
1426 508 1655 543 1¹1subdueit”
1678 510 1751 552 (Ps.

439 554 567 585 cxxxii.
587 553 649 593 11).

262 639 466 692 Jehovah
489 639 611 680 Deus
633 653 711 680 seu
737 639 958 680 Dominus
980 653 1207 693 nunquam
1228 639 1362 693 jurat,
1386 654 1478 681 non
1499 641 1619 681 enim
1641 653 1751 681 con-

264 702 389 743 venit
414 702 505 755 Ipsi
536 702 636 742 Deo
667 715 746 742 seu
771 701 962 742 Divinae
987 702 1185 743 Veritati
1205 702 1378 756 jurare;
1415 710 1462 744 at
1494 716 1596 744 cum
1628 703 1753 744 Deus

265 777 344 806 seu
384 765 548 805 Divina
583 764 767 806 Veritas
804 764 903 805 vult
946 765 1113 819 aliquid
1153 779 1306 807 coram
1347 766 1603 807 hominibus
1642 779 1752 807 con-

265 825 489 868 firmatum
515 827 695 875 habere,
721 833 828 868 tunc
855 827 932 867 illa
957 826 1255 876 confirmatio,
1282 829 1327 869 in
1353 828 1592 881 sphaeram
1618 835 1751 869 natu·

262 889 403 931 ralem
428 889 627 942 delapsa,
654 891 698 931 in
725 889 1028 943 juramentum
1060 904 1140 931 seu
1170 891 1214 931 in
1240 891 1484 944 juramenti
1514 891 1752 933 formulam

262 953 308 993 in
339 952 507 993 mundo
532 952 765 993 solennem
792 953 939 994 cadit:
977 954 1081 994 inde
1110 960 1239 1006 patet
1264 954 1386 1008 quod
1412 955 1597 995 tametsi
1629 954 1753 995 Deus

263 1028 481 1068 nusquam
498 1014 631 1068 jurat,
655 1029 792 1069 usque
814 1016 859 1056 in
876 1015 1017 1063 Verbi
1038 1029 1173 1057 sensu
1194 1016 1390 1066 litterae,
1408 1018 1482 1071 qui
1503 1031 1660 1058 sensus
1681 1023 1752 1059 est

262 1077 492 1124 naturalis,
519 1078 695 1119 dicatur
719 1078 840 1131 quod
860 1077 991 1131 juret.
1053 1078 1156 1120 Hoc
1188 1080 1341 1133 itaque
1367 1079 1648 1133 signifieatur
1673 1094 1753 1133 per
1809 1095 1812 1098 ·

265 1139 482 1192 “jurare,”
504 1153 604 1181 curn
627 1141 684 1182 de
707 1141 911 1194 jehovah
933 1155 1012 1182 seu
1034 1141 1247 1191 Domino,
1270 1144 1315 1183 in
1342 1143 1453 1184 locis
1474 1144 1752 1196 praeceden-

262 1202 396 1251 tibus,
422 1208 470 1244 et
495 1217 672 1257 quoque
697 1204 741 1244 in
767 1204 836 1244 his
860 1205 1154 1258 sequentibus
1171 1204 1382 1258 :—Apud
1413 1205 1618 1255 Esaiam,

328 1290 496 1334 “Juravit
514 1291 676 1333 Jehovah
693 1291 851 1324 zebaoth
874 1293 1035 1331 dicendo,
1053 1293 1089 1325 Si
1106 1303 1179 1325 non
1204 1294 1503 1335 quemadmodum
1524 1295 1689 1336 cogitavi,
1703 1295 1754 1327 ita

436 1335 594 1367 futurum
610 1335 693 1367 est”
710 1335 794 1375 (xiv⁴
808 1338 884 1376 24);

262 1409 381 1463 apud
405 1410 637 1458 Davidem,

329 1484 349 1498 ‘⁴
361 1483 486 1524 Pepigi
502 1484 628 1515 foedus
647 1482 770 1516 Elesto
794 1494 885 1523 meo,
902 1484 1018 1525 juravi
1043 1485 1174 1517 Davidi
1198 1495 1304 1518 servo
1324 1496 1442 1519 meo:.
1457 1512 1465 1519 .
1477 1512 1485 1519 .
1500 1486 1682 1525 Domine,
1699 1487 1753 1527 ju-

436 1528 524 1559 rasti
542 1527 670 1559 Davidi
688 1528 723 1559 in
741 1529 890 1560 veritate
904 1528 923 1540 ''
937 1529 1010 1568 (Ps.
1024 1529 1158 1560 lxxxix.
1174 1538 1207 1569 4,
1224 1530 1276 1569 36,
1291 1527 1371 1569 [²350
1385 1528 1447 1572 [B.
1462 1532 1507 1563 A.
1525 1539 1555 1570 3,
1570 1539 1621 1570 35,
1634 1529 1730 1573 49]);

264 1602 383 1656 apud
409 1604 615 1652 eundem,

448 1675 614 1717 “Juravit
629 1675 802 1717 Jehovah,
820 1682 855 1708 et
872 1687 946 1708 non
964 1678 1162 1718 paenitebit
1182 1677 1306 1719 Ipsum
1318 1678 1338 1690 '¹
1354 1678 1428 1719 (Ps.
1442 1689 1495 1711 cx.
1508 1679 1543 1719 4)
1561 1689 1568 1718 ;

265 1751 386 1805 apud
405 1751 688 1800 Ezechielem,

384 1823 533 1865 “Juravi
553 1824 626 1861 tibi,
643 1831 678 1856 et
694 1824 756 1855 inii
773 1824 900 1856 foedus
917 1822 1096 1867 [tecum],.
1110 1850 1119 1857 .
1132 1850 1140 1857 .
1155 1831 1208 1858 ‚ut
1225 1835 1324 1858 esses
1342 1825 1433 1858 Mihi
1444 1825 1463 1838 ’⁹
1480 1825 1563 1867 (xvi.
1576 1827 1609 1868 8)
1624 1836 1633 1866 ς

263 1899 382 1953 apud
405 1899 638 1947 Davidem,

610 1967 777 2007 “Quibus
793 1967 908 2007 juravi
925 1968 961 1999 in
978 1968 1031 1999 ira
1047 1967 1156 2000 mea”
1172 1968 1244 2008 (Ps.
1255 1979 1333 2001 xcv.
1349 1969 1423 2009 11),

264 2042 383 2096 apud
407 2042 609 2090 Esaiam,
810 2075 827 2091 .

329 2114 478 2157 “Juravi
496 2125 568 2146 non
587 2115 797 2147 transituras
816 2125 926 2156 aquas
945 2115 1082 2147 Noachi
1098 2117 1253 2157 amplius
1269 2127 1377 2158 super
1393 2124 1523 2150 terram
1534 2117 1553 2130 ’¹
1565 2118 1637 2159 (liv.
1651 2119 1707 2160 9);

263 2190 383 2244 apud
406 2190 584 2238 Lucam,

329 2262 415 2294 “Ad
431 2263 687 2294 recordandum
706 2263 858 2295 foederis
871 2262 986 2296 sancii
999 2264 1066 2301 sui,
1081 2264 1273 2305 juramenti
1286 2266 1380 2307 quod
1396 2265 1527 2307 juravit
1543 2267 1751 2300 Abrahamo

438 2307 529 2347 patri
547 2314 670 2338 nostro
682 2307 700 2317 ’¹
717 2307 752 2347 (i.
768 2315 818 2346 72,
834 2308 888 2346 73)
903 2317 910 2345 ;

263 2381 383 2435 apud
403 2381 636 2431 Davidem,

330 2453 500 2486 “Memor
515 2454 582 2485 fuit
598 2454 751 2486 foederis
769 2455 838 2486 sui.
853 2479 861 2486 .
875 2479 881 2486 .
897 2455 1007 2495 .quod
1023 2455 1155 2488 excidit
1172 2466 1252 2488 cum
1269 2457 1487 2495 Abrahamo,
1504 2464 1540 2489 et
1555 2457 1749 2498 juramenti

437 2498 492 2529 sui
509 2507 588 2529 cum
608 2498 738 2529 Isaco''
756 2498 891 2537 (Ps.cv.
908 2496 974 2540 [8,]
993 2498 1027 2539 9)
1042 2508 1050 2537 ;

264 2573 382 2626 apud
407 2573 668 2622 Jeremiam,

330 2647 350 2660 “
364 2645 413 2678 Ut
436 2647 613 2730 smoiiian3
636 2647 875 2687 juramentum
900 2648 995 2689 quod
1017 2647 1132 2689 juravi
1157 2649 1314 2690 patribus
1338 2650 1467 2682 vestris
1478 2649 1498 2662 ”
1521 2650 1580 2690 (xi.
1603 2659 1642 2689 5:
1673 2661 1749 2692 cap.

438 2699 543 2721 xxxu.
558 2698 599 2722 22
628 2700 635 2729 ;

268 2763 405 2818 [apud
429 2765 616 2819 Mosen‚]

331 2837 484 2870 “Terra.
498 2863 505 2870 .
519 2849 638 2879 .quam
662 2839 777 2880 juravi
801 2841 964 2872 daturum
988 2842 1147 2882 patribus
1170 2843 1299 2875 vestris
1309 2842 1327 2854 ''
1351 2843 1485 2882 (Deutr.
1501 2844 1521 2875 i.
1536 2851 1575 2883 35
1592 2853 1600 2880 ς
1624 2853 1699 2884 cap.
1712 2853 1746 2876 x.

440 2889 477 2913 11
493 2891 501 2921 ;
525 2891 598 2923 cap.
612 2883 657 2915 xi.
671 2893 701 2924 9,
716 2891 754 2915 21
770 2893 778 2923 ;
802 2894 876 2925 cap.
890 2884 985 2917 xxvi.
1000 2893 1029 2924 3,
1045 2893 1084 2925 15
1098 2895 1106 2925 ;
1129 2895 1204 2928 cap.
1216 2887 1312 2919 xxxi.
1326 2894 1390 2927 205
1414 2897 1488 2928 cap.
1506 2888 1623 2919 xxxiv.
1636 2887 1679 2927 4).
