1962 3334
295 270 403 311 1610
706 279 1041 313 APOCALYPSIS
1072 279 1370 313 EXPLICATA.

290 392 579 446 rosolymae''
594 399 713 442 sunt,
731 399 776 434 et
796 393 1055 447 spirituales
1067 393 1298 435 naturales
1315 394 1388 448 qui
1409 396 1434 414 “
1447 393 1490 433 in
1509 393 1728 434 suburbiis
1748 391 1783 433 :⁹⁹

290 470 370 510 per
394 456 640 497 “homines
666 463 713 497 et
740 456 943 497 bestias''
964 457 1282 510 intelliguntur
1307 458 1380 510 qui
1406 457 1450 497 in
1477 455 1783 509 intelligentia

291 526 337 560 et
365 519 469 559 inde
496 519 540 559 in
567 519 688 559 bono
714 520 839 560 vitae
863 526 996 570 sunt;
1030 534 1110 573 per
1138 520 1383 560 “homines
1399 519 1418 534 '’
1445 520 1517 572 qui
1543 520 1587 559 in
1613 518 1782 559 intelli-

291 582 462 635 gentia,
490 588 536 622 et
564 595 642 635 per
670 582 912 623 “bestias’‘
938 584 1011 636 qui
1042 584 1086 623 in
1119 581 1356 623 affectione
1382 582 1489 622 boni
1516 581 1710 622 naturali
1736 587 1783 622 et

289 645 395 685 inde
421 645 466 685 in
492 645 613 685 bono
639 645 774 686 vitae.

376 715 462 769 [ἰὴ]
507 715 680 757 Similia
707 715 1021 769 significantur
1046 729 1126 769 per
1151 716 1263 756 haec
1289 716 1334 756 in
1359 715 1650 768 Apocalypsi,

367 817 531 857 Angelus
550 817 638 858 “qui
663 827 804 848 mecum
825 817 1047 858 loquebatur,
1066 817 1244 848 calamum
1268 816 1425 848 habebat
1444 825 1603 854 aureum,
1623 822 1663 847 ut
1683 815 1784 847 meti-

466 867 564 892 retur
587 861 771 892 civitatem
782 860 799 873 ’'
826 861 952 892 Novae
979 860 1269 901 Hierosolymae,
1296 861 1314 874 “
1326 866 1448 900 portas
1472 860 1551 900 ejus
1579 866 1615 891 et
1642 869 1784 891 murum

466 904 544 944 ejus
559 914 582 941 ;.
597 929 605 936 .
619 929 626 936 .
641 910 692 936 .et
709 914 856 936 mensus
869 910 925 936 est
939 914 1080 935 murum
1091 928 1098 936 .
1113 929 1135 942 .,
1151 910 1294 935 centum
1312 904 1549 944 quadraginta
1561 909 1715 944 quatuor
1728 913 1786 934 cu-

466 948 635 987 bitorum,
653 958 743 989 quae
763 954 819 980 est
839 957 1009 979 mensura
1026 948 1193 985 hominis,
1211 949 1278 978 hoc
1296 955 1359 985 est,
1377 947 1496 987 angeli
1509 946 1526 958 '¹
1543 947 1626 987 (xxi.
1644 954 1693 985 15,
1709 947 1761 987 17)
1776 957 1784 979 z

291 1067 370 1107 per
404 1053 623 1094 “Novam
658 1052 1028 1106 Hierosolymam
1042 1052 1061 1067 '’
1087 1053 1226 1093 etiam
1259 1052 1332 1093 hic
1365 1051 1637 1105 intelligitur
1668 1065 1786 1092 nova

291 1116 499 1166 ecclesia,
527 1123 574 1157 et
607 1130 686 1170 per
714 1117 992 1157 “civitatem
1005 1115 1023 1131 '‘
1049 1114 1256 1156 doctrina
1281 1115 1400 1168 ejus;
1435 1129 1513 1168 per
1541 1121 1752 1155 “murum
1765 1114 1785 1129 ''

280 1180 386 1238 ¹ejus
433 1179 712 1232 significatur
748 1179 962 1220 Divinum
995 1179 1166 1220 Verum
1208 1185 1391 1229 tutans;
1434 1192 1512 1232 per
1552 1190 1784 1218 numerum

296 1248 518 1284 “centum
550 1243 854 1296 quadraginta
890 1242 1115 1296 quatuor''
1148 1241 1459 1295 significantur
1497 1242 1649 1282 omnia
1681 1254 1787 1281 vera

293 1313 340 1348 et
366 1306 486 1347 bona
512 1306 555 1346 in
579 1306 851 1359 complexu;
885 1306 956 1346 hic
985 1319 1194 1346 numerus
1221 1306 1385 1345 dicitur
1411 1319 1510 1345 esse
1535 1308 1786 1344 “mensura

294 1368 489 1408 hominis
521 1381 635 1420 quae
668 1376 738 1409 est
777 1368 968 1422 angeli‚’'
1001 1369 1122 1422 quod
1154 1381 1244 1408 non
1277 1368 1364 1408 dici
1401 1374 1557 1421 posset
1590 1367 1674 1407 nisi
1710 1380 1789 1420 per

297 1434 322 1450 ‘⁴
337 1443 595 1470 mensuram
609 1430 629 1445 ¹’
654 1430 988 1483 significaretur
1014 1430 1163 1483 quale.
1222 1440 1301 1479 (Sed
1322 1441 1362 1469 de
1382 1440 1430 1468 his
1450 1441 1492 1468 ad
1511 1440 1615 1477 ipsum
1631 1439 1738 1468 locum
1756 1438 1789 1467 in

293 1501 525 1540 sequentibus.)
583 1490 724 1543 Apud
745 1490 1034 1538 Ezechielem,

362 1592 480 1625 “Cum
513 1593 627 1624 exiret
650 1592 706 1623 vir
730 1592 789 1623 ille
814 1602 939 1623 versus
965 1598 1093 1629 ortum,
1116 1591 1151 1622 in
1173 1591 1275 1631 cujus
1300 1601 1410 1622 manu
1434 1590 1540 1629 linea,
1566 1599 1711 1622 mensus
1735 1597 1790 1622 est

470 1637 569 1668 mille
584 1646 647 1677 per
657 1636 781 1667 ulnam
797 1645 803 1671 ;
821 1636 904 1667 dein
919 1635 1073 1667 transire
1087 1635 1172 1666 fecit
1186 1645 1243 1666 me
1258 1644 1320 1675 per
1332 1644 1444 1675 aquas
1459 1644 1466 1672 ;
1486 1644 1601 1675 aquae
1613 1634 1766 1665 talorum
1782 1645 1788 1666 :

471 1690 618 1712 mensus
635 1690 721 1711 mox
734 1686 789 1711 est
806 1680 914 1717 mille,
930 1686 965 1710 et
979 1679 1135 1710 transire
1152 1678 1236 1710 fecit
1250 1688 1306 1709 me
1321 1688 1383 1718 per
1395 1687 1506 1718 aquas
1520 1688 1527 1715 ;
1552 1688 1665 1718 aquae
1679 1687 1791 1717 genu-

471 1735 554 1756 um:
581 1730 616 1756 et
635 1734 783 1755 mensus
804 1730 858 1755 est
882 1723 990 1761 mille,
1011 1729 1047 1754 et
1070 1723 1225 1754 transire
1249 1722 1335 1753 fecit
1355 1732 1412 1752 me
1433 1731 1495 1762 per
1515 1731 1651 1762 aquas;
1676 1731 1790 1762 aquae

471 1769 696 1800 lumborum:
732 1777 881 1799 mensus
912 1777 1038 1798 rursus
1065 1772 1119 1797 est
1144 1766 1240 1797 mille
1256 1775 1263 1804 ;
1295 1765 1425 1797 fluvius
1454 1775 1560 1806 quem
1590 1775 1662 1796 non
1691 1765 1790 1805 potui

472 1812 638 1850 transire,
655 1811 738 1852 quia
755 1812 851 1843 altae
869 1816 972 1842 erant
988 1820 1113 1850 aquae,
1132 1820 1244 1850 aquae
1263 1810 1470 1847 natationis,
1489 1809 1618 1840 fluvius
1636 1809 1695 1850 qui
1717 1818 1790 1839 non

472 1856 704 1888 transibatur.
736 1880 743 1887 .
758 1880 765 1887 .
780 1880 787 1886 .
803 1855 864 1887 ‚Et
881 1865 962 1886 ecce
980 1864 1089 1894 super
1106 1854 1184 1894 ripa
1201 1853 1298 1884 fluvii
1318 1854 1425 1884 arbor
1442 1853 1554 1884 multa
1569 1853 1653 1884 hinc
1671 1852 1769 1884 illinc
1784 1862 1791 1889 ;

477 1925 485 1932 .
500 1924 528 1932 ..
545 1906 595 1931 .et
612 1899 732 1930 omnis
750 1899 873 1930 anima
889 1898 1017 1929 vivens
1035 1908 1124 1938 quae
1143 1903 1270 1937 reptat,
1289 1903 1324 1928 et
1341 1906 1552 1938 quocunque
1570 1897 1710 1928 veniret
1729 1896 1792 1928 flu-

471 1944 563 1981 vius,
578 1943 697 1981 vivet;
722 1943 817 1974 unde
837 1942 874 1973 fit
892 1942 1000 1982 piscis
1018 1941 1150 1973 multus
1163 1941 1180 1952 ''
1198 1941 1308 1981 (xlvii.
1324 1949 1396 1979 3-5,
1413 1938 1476 1982 [7,]
1491 1943 1543 1981 9);

297 2057 376 2097 per
401 2043 513 2084 haec
547 2041 817 2083 describitur
842 2040 1073 2094 quomodo
1104 2038 1425 2092 intelligentia,
1454 2052 1570 2092 quae
1602 2044 1672 2078 est
1705 2037 1792 2077 illis

297 2107 371 2161 qui
403 2107 460 2147 ab
487 2105 694 2153 ecclesia,
724 2105 888 2145 crescit
923 2117 1002 2157 per
1028 2103 1338 2156 receptionem
1372 2101 1523 2141 Divini
1550 2100 1659 2141 Veri
1686 2114 1789 2154 pro·

298 2170 502 2211 cedentis
526 2183 552 2210 a
575 2169 799 2208 Domino:
835 2167 1049 2207 Divinum
1073 2165 1246 2206 Verum
1271 2165 1522 2218 procedens
1545 2178 1571 2204 a
1594 2163 1792 2204 Domino

299 2232 578 2286 significatur
604 2245 683 2285 per
708 2235 886 2284 “aquas
914 2235 1140 2270 exeuntes
1167 2229 1311 2269 desub
1334 2228 1486 2268 limine
1510 2227 1670 2267 domus
1693 2240 1791 2267 ver-

299 2310 372 2336 sus
404 2297 642 2342 orientem,
676 2300 723 2335 et
759 2293 1097 2334 descendentes
1134 2306 1160 2332 a
1199 2291 1341 2332 latere
1374 2291 1536 2331 domus
1568 2290 1735 2330 dextro
1766 2303 1792 2330 a

299 2359 483 2400 meridie
506 2357 769 2406 altaris,''‘ut
792 2357 955 2397 dicitur
972 2356 1015 2396 in
1039 2369 1171 2396 versu
1189 2356 1332 2408 primo
1350 2353 1467 2394 illius
1491 2353 1653 2406 capitis
1675 2367 1684 2403 ;
1711 2366 1791 2405 per

301 2421 591 2462 “orientem'’
610 2420 889 2474 significatur
911 2433 1038 2460 amor
1055 2419 1099 2459 in
1124 2418 1384 2465 Dominum,
1405 2417 1619 2470 quoniam
1642 2417 1790 2456 oriens

298 2486 342 2526 in
370 2484 498 2525 caelo
525 2490 595 2525 est
622 2484 696 2524 ubi
723 2483 947 2523 Dominus
974 2487 1164 2535 apparet
1192 2487 1240 2521 ut
1268 2479 1374 2530 Sol;
1409 2486 1455 2520 et
1485 2479 1644 2519 “latus
1675 2479 1791 2519 dex·

299 2556 418 2590 trum
431 2547 448 2562 ”
475 2548 579 2587 inde
606 2553 677 2587 est
704 2546 777 2586 ubi
805 2545 1019 2585 Divinum
1048 2545 1219 2585 Verum
1252 2544 1296 2583 in
1323 2543 1526 2583 maxima
1553 2542 1652 2582 luce
1678 2542 1790 2582 reci-

299 2612 431 2666 pitur,
460 2617 506 2651 et
543 2610 586 2650 id
629 2610 748 2650 latus
774 2615 964 2649 vocatur
996 2608 1233 2656 meridies;
1280 2620 1417 2659 quare
1455 2606 1594 2646 etiarn
1631 2605 1792 2645 dicitur

302 2678 366 2715 “a
393 2673 578 2714 meridie
604 2671 811 2713 altaris:'’
843 2671 1072 2724 quomodo
1095 2669 1400 2721 intelligentia
1427 2668 1590 2709 crescit
1618 2681 1696 2720 per
1721 2680 1790 2707 re-

300 2737 560 2791 ceptionem
589 2736 739 2775 Divini
766 2734 876 2775 Veri
903 2733 1194 2787 procedentis
1222 2746 1249 2772 a
1281 2732 1494 2780 Domino,
1523 2730 1791 2771 describitur

300 2814 378 2854 per
417 2798 625 2852 “aquas'’
664 2812 775 2852 quas
816 2797 1040 2845 transivit,
1076 2809 1191 2849 quae
1231 2795 1423 2848 primum
1464 2793 1789 2847 pertingebant

303 2863 399 2903 “ad
425 2862 583 2911 talos,’'
610 2867 772 2914 postea
796 2861 890 2901 “ad
916 2859 1104 2913 genua,”
1123 2865 1219 2899 tum
1246 2858 1341 2898 “ad
1367 2856 1584 2905 lumbos‚'’
1607 2862 1653 2897 et
1683 2861 1790 2896 tan-

300 2927 403 2967 dem
427 2931 557 2967 erant
578 2928 711 2966 “tam
730 2923 851 2965 altae
874 2929 922 2964 ut
942 2922 1120 2965 transiri
1139 2934 1229 2963 non
1248 2927 1436 2975 possent
1454 2920 1488 2971 ;''
1510 2933 1589 2974 per
1609 2922 1787 2972 “aquas
