<?xml version="1.0" encoding="UTF-8"?>
<!DOCTYPE html PUBLIC "-//W3C//DTD XHTML 1.0 Transitional//EN"
    "http://www.w3.org/TR/xhtml1/DTD/xhtml1-transitional.dtd">
<html xmlns="http://www.w3.org/1999/xhtml" xml:lang="en" lang="en">
 <head>
  <title>
</title>
<meta http-equiv="Content-Type" content="text/html;charset=utf-8" />
  <meta name='ocr-system' content='tesseract 3.04.00' />
  <meta name='ocr-capabilities' content='ocr_page ocr_carea ocr_par ocr_line ocrx_word'/>
</head>
<body>
  <div class='ocr_page' id='page_1' title='image "apocalypsisexpli03sweduoft_0223.png"; bbox 0 0 1962 3334; ppageno 0'>
   <div class='ocr_carea' id='block_1_1' title="bbox 632 219 1697 307">
    <p class='ocr_par' dir='ltr' id='par_1_1' title="bbox 632 219 1697 307">
     <span class='ocr_line' id='line_1_1' title="bbox 632 219 1697 307; baseline -0.001 -11"><span class='ocrx_word' id='word_1_1' title='bbox 632 263 740 297; x_wconf 85' lang='lat' dir='ltr'>CAP.</span> <span class='ocrx_word' id='word_1_2' title='bbox 762 263 825 305; x_wconf 66' lang='lat' dir='ltr'>x„</span> <span class='ocrx_word' id='word_1_3' title='bbox 848 262 986 296; x_wconf 80' lang='lat' dir='ltr'>VERS.</span> <span class='ocrx_word' id='word_1_4' title='bbox 1008 262 1155 307; x_wconf 83' lang='lat' dir='ltr'>7.—-N.</span> <span class='ocrx_word' id='word_1_5' title='bbox 1176 219 1278 293; x_wconf 63' lang='lat'>612.&gt;</span> <span class='ocrx_word' id='word_1_6' title='bbox 1575 253 1697 302; x_wconf 77' lang='lat'>‘1537</span> 
     </span>
    </p>
   </div>
   <div class='ocr_carea' id='block_1_2' title="bbox 380 369 1698 460">
    <p class='ocr_par' dir='ltr' id='par_1_2' title="bbox 380 369 1698 460">
     <span class='ocr_line' id='line_1_2' title="bbox 380 369 1698 460; baseline -0.005 -51"><span class='ocrx_word' id='word_1_7' title='bbox 380 382 522 427; x_wconf 71' lang='lat' dir='ltr'>terram,</span> <span class='ocrx_word' id='word_1_8' title='bbox 538 375 708 460; x_wconf 74' lang='lat' dir='ltr'>ju)dicabit</span> <span class='ocrx_word' id='word_1_9' title='bbox 723 376 847 408; x_wconf 88' lang='lat' dir='ltr'>orbem</span> <span class='ocrx_word' id='word_1_10' title='bbox 863 375 899 407; x_wconf 89' lang='lat' dir='ltr'>in</span> <span class='ocrx_word' id='word_1_11' title='bbox 914 374 1061 417; x_wconf 85' lang='lat' dir='ltr'>justitia,</span> <span class='ocrx_word' id='word_1_12' title='bbox 1078 381 1115 406; x_wconf 89' lang='lat' dir='ltr'>et</span> <span class='ocrx_word' id='word_1_13' title='bbox 1130 373 1285 416; x_wconf 85' lang='lat' dir='ltr'>populos</span> <span class='ocrx_word' id='word_1_14' title='bbox 1302 373 1339 404; x_wconf 86' lang='lat' dir='ltr'>in</span> <span class='ocrx_word' id='word_1_15' title='bbox 1353 372 1503 404; x_wconf 87' lang='lat' dir='ltr'>veritate</span> <span class='ocrx_word' id='word_1_16' title='bbox 1519 369 1613 403; x_wconf 87' lang='lat' dir='ltr'>sua’&#39;</span> <span class='ocrx_word' id='word_1_17' title='bbox 1625 369 1698 410; x_wconf 86' lang='lat' dir='ltr'>(Ps.</span> 
     </span>
     <span class='ocr_line' id='line_1_3' title="bbox 381 428 599 459; baseline 0 -7"><span class='ocrx_word' id='word_1_18' title='bbox 381 430 470 452; x_wconf 75' lang='lat' dir='ltr'>xcvi.</span> <span class='ocrx_word' id='word_1_19' title='bbox 482 428 512 456; x_wconf 81' lang='lat'>2.</span> <span class='ocrx_word' id='word_1_20' title='bbox 525 428 564 459; x_wconf 88' lang='lat'>13</span> <span class='ocrx_word' id='word_1_21' title='bbox 591 430 599 452; x_wconf 92' lang='lat'>:</span> 
     </span>
    </p>
   </div>
   <div class='ocr_carea' id='block_1_3' title="bbox 135 511 1700 568">
    <p class='ocr_par' dir='ltr' id='par_1_3' title="bbox 38 507 1700 571">
     <span class='ocr_line' id='line_1_4' title="bbox 135 511 1700 568; baseline 0.021 -18.957"><span class='ocrx_word' id='word_1_22' title='bbox 135 512 149 561; x_wconf 73' lang='lat' dir='ltr'>j</span> <span class='ocrx_word' id='word_1_23' title='bbox 183 552 185 554; x_wconf 80' lang='grc'><strong>,</strong></span> <span class='ocrx_word' id='word_1_24' title='bbox 211 514 384 568; x_wconf 77' lang='lat' dir='ltr'>agnitio</span> <span class='ocrx_word' id='word_1_25' title='bbox 413 521 461 555; x_wconf 82' lang='lat' dir='ltr'>et</span> <span class='ocrx_word' id='word_1_26' title='bbox 492 513 739 555; x_wconf 77' lang='lat' dir='ltr'>celebratio</span> <span class='ocrx_word' id='word_1_27' title='bbox 769 513 967 562; x_wconf 84' lang='lat' dir='ltr'>Domini,</span> <span class='ocrx_word' id='word_1_28' title='bbox 1001 525 1101 554; x_wconf 81' lang='lat' dir='ltr'>cum</span> <span class='ocrx_word' id='word_1_29' title='bbox 1138 511 1304 566; x_wconf 76' lang='lat' dir='ltr'>gaudio</span> <span class='ocrx_word' id='word_1_30' title='bbox 1335 511 1483 552; x_wconf 65' lang='lat' dir='ltr'>C0‘d55</span> <span class='ocrx_word' id='word_1_31' title='bbox 1514 515 1700 563; x_wconf 60' lang='lat' dir='ltr'>PmPoe‘</span> 
     </span>
    </p>
   </div>
   <div class='ocr_carea' id='block_1_4' title="bbox 0 0 160 3334">
    <p class='ocr_par' dir='ltr' id='par_1_4' title="bbox 0 0 160 3334">
     <span class='ocr_line' id='line_1_5' title="bbox 0 0 160 3334; baseline 0 0"><span class='ocrx_word' id='word_1_32' title='bbox 0 0 160 3334; x_wconf 95' lang='lat' dir='ltr'> </span> 
     </span>
    </p>
   </div>
   <div class='ocr_carea' id='block_1_5' title="bbox 208 573 1708 1740">
    <p class='ocr_par' dir='ltr' id='par_1_5' title="bbox 208 573 1708 1740">
     <span class='ocr_line' id='line_1_6' title="bbox 208 573 1702 630; baseline -0.004 -12"><span class='ocrx_word' id='word_1_33' title='bbox 208 577 454 618; x_wconf 88' lang='lat' dir='ltr'>adventum</span> <span class='ocrx_word' id='word_1_34' title='bbox 479 576 636 629; x_wconf 86' lang='lat' dir='ltr'>Ipsius,</span> <span class='ocrx_word' id='word_1_35' title='bbox 662 575 942 630; x_wconf 85' lang='lat' dir='ltr'>significatur</span> <span class='ocrx_word' id='word_1_36' title='bbox 962 589 1042 629; x_wconf 88' lang='lat' dir='ltr'>per</span> <span class='ocrx_word' id='word_1_37' title='bbox 1064 579 1089 596; x_wconf 80' lang='lat'>‘⁴</span> <span class='ocrx_word' id='word_1_38' title='bbox 1104 574 1301 616; x_wconf 89' lang='lat' dir='ltr'>Cantate</span> <span class='ocrx_word' id='word_1_39' title='bbox 1325 574 1540 627; x_wconf 88' lang='lat' dir='ltr'>Jehovae,</span> <span class='ocrx_word' id='word_1_40' title='bbox 1562 573 1702 613; x_wconf 91' lang='lat' dir='ltr'>bene-</span> 
     </span>
     <span class='ocr_line' id='line_1_7' title="bbox 208 635 1700 692; baseline -0.003 -12"><span class='ocrx_word' id='word_1_41' title='bbox 208 639 346 681; x_wconf 90' lang='lat' dir='ltr'>dicite</span> <span class='ocrx_word' id='word_1_42' title='bbox 371 639 539 680; x_wconf 90' lang='lat' dir='ltr'>nomini</span> <span class='ocrx_word' id='word_1_43' title='bbox 565 639 723 692; x_wconf 88' lang='lat' dir='ltr'>Ipsius,</span> <span class='ocrx_word' id='word_1_44' title='bbox 749 638 1067 691; x_wconf 86' lang='lat' dir='ltr'>evangelizate</span> <span class='ocrx_word' id='word_1_45' title='bbox 1100 638 1156 679; x_wconf 92' lang='lat' dir='ltr'>de</span> <span class='ocrx_word' id='word_1_46' title='bbox 1188 638 1260 678; x_wconf 91' lang='lat' dir='ltr'>die</span> <span class='ocrx_word' id='word_1_47' title='bbox 1291 638 1335 678; x_wconf 91' lang='lat' dir='ltr'>in</span> <span class='ocrx_word' id='word_1_48' title='bbox 1361 637 1481 678; x_wconf 90' lang='lat' dir='ltr'>diem</span> <span class='ocrx_word' id='word_1_49' title='bbox 1505 635 1700 676; x_wconf 90' lang='lat' dir='ltr'>salutem</span> 
     </span>
     <span class='ocr_line' id='line_1_8' title="bbox 209 698 1702 755; baseline -0.003 -12"><span class='ocrx_word' id='word_1_50' title='bbox 209 702 353 755; x_wconf 91' lang='lat' dir='ltr'>Ipsius</span> <span class='ocrx_word' id='word_1_51' title='bbox 370 701 404 753; x_wconf 89' lang='lat'>;”</span> <span class='ocrx_word' id='word_1_52' title='bbox 443 703 537 755; x_wconf 91' lang='lat' dir='ltr'>ipse</span> <span class='ocrx_word' id='word_1_53' title='bbox 576 702 800 743; x_wconf 87' lang='lat' dir='ltr'>adventus</span> <span class='ocrx_word' id='word_1_54' title='bbox 842 701 1110 742; x_wconf 85' lang='lat' dir='ltr'>describitur</span> <span class='ocrx_word' id='word_1_55' title='bbox 1140 714 1219 753; x_wconf 90' lang='lat' dir='ltr'>per</span> <span class='ocrx_word' id='word_1_56' title='bbox 1251 699 1494 753; x_wconf 76' lang='lat' dir='ltr'>“jehovah</span> <span class='ocrx_word' id='word_1_57' title='bbox 1524 699 1647 740; x_wconf 89' lang='lat' dir='ltr'>venit</span> <span class='ocrx_word' id='word_1_58' title='bbox 1667 698 1702 739; x_wconf 91' lang='lat'>:&#39;‘</span> 
     </span>
     <span class='ocr_line' id='line_1_9' title="bbox 208 761 1702 819; baseline -0.003 -13"><span class='ocrx_word' id='word_1_59' title='bbox 208 765 419 819; x_wconf 90' lang='lat' dir='ltr'>quoniam</span> <span class='ocrx_word' id='word_1_60' title='bbox 459 764 686 805; x_wconf 90' lang='lat' dir='ltr'>adventus</span> <span class='ocrx_word' id='word_1_61' title='bbox 726 764 871 818; x_wconf 90' lang='lat' dir='ltr'>Ipsius</span> <span class='ocrx_word' id='word_1_62' title='bbox 908 770 979 805; x_wconf 91' lang='lat' dir='ltr'>est</span> <span class='ocrx_word' id='word_1_63' title='bbox 1025 763 1207 818; x_wconf 88' lang='lat' dir='ltr'>quando</span> <span class='ocrx_word' id='word_1_64' title='bbox 1247 763 1454 804; x_wconf 90' lang='lat' dir='ltr'>ultimum</span> <span class='ocrx_word' id='word_1_65' title='bbox 1488 761 1702 815; x_wconf 90' lang='lat' dir='ltr'>judicium</span> 
     </span>
     <span class='ocr_line' id='line_1_10' title="bbox 208 824 1702 879; baseline -0.002 -11"><span class='ocrx_word' id='word_1_66' title='bbox 208 827 363 876; x_wconf 82' lang='lat' dir='ltr'>instat,</span> <span class='ocrx_word' id='word_1_67' title='bbox 390 827 492 868; x_wconf 89' lang='lat' dir='ltr'>ideo</span> <span class='ocrx_word' id='word_1_68' title='bbox 517 828 691 876; x_wconf 89' lang='lat' dir='ltr'>dicitur,</span> <span class='ocrx_word' id='word_1_69' title='bbox 719 831 745 847; x_wconf 91' lang='grc'>“</span> <span class='ocrx_word' id='word_1_70' title='bbox 766 826 905 868; x_wconf 88' lang='lat' dir='ltr'>Venit</span> <span class='ocrx_word' id='word_1_71' title='bbox 930 826 987 867; x_wconf 90' lang='lat' dir='ltr'>ad</span> <span class='ocrx_word' id='word_1_72' title='bbox 1008 826 1300 879; x_wconf 89' lang='lat' dir='ltr'>judicandum</span> <span class='ocrx_word' id='word_1_73' title='bbox 1327 833 1508 873; x_wconf 87' lang='lat' dir='ltr'>terram,</span> <span class='ocrx_word' id='word_1_74' title='bbox 1528 824 1702 878; x_wconf 91' lang='lat' dir='ltr'>judica-</span> 
     </span>
     <span class='ocr_line' id='line_1_11' title="bbox 210 887 1704 942; baseline -0.001 -12"><span class='ocrx_word' id='word_1_75' title='bbox 210 890 277 931; x_wconf 90' lang='lat' dir='ltr'>bit</span> <span class='ocrx_word' id='word_1_76' title='bbox 297 890 451 930; x_wconf 88' lang='lat' dir='ltr'>orbem</span> <span class='ocrx_word' id='word_1_77' title='bbox 474 891 519 931; x_wconf 90' lang='lat' dir='ltr'>in</span> <span class='ocrx_word' id='word_1_78' title='bbox 539 890 726 942; x_wconf 86' lang='lat' dir='ltr'>justitia,</span> <span class='ocrx_word' id='word_1_79' title='bbox 748 895 796 931; x_wconf 91' lang='lat' dir='ltr'>et</span> <span class='ocrx_word' id='word_1_80' title='bbox 820 889 1012 942; x_wconf 89' lang='lat' dir='ltr'>populos</span> <span class='ocrx_word' id='word_1_81' title='bbox 1033 890 1076 929; x_wconf 92' lang='lat' dir='ltr'>in</span> <span class='ocrx_word' id='word_1_82' title='bbox 1099 889 1291 930; x_wconf 89' lang='lat' dir='ltr'>veritate</span> <span class='ocrx_word' id='word_1_83' title='bbox 1308 888 1341 939; x_wconf 91' lang='lat'>;”</span> <span class='ocrx_word' id='word_1_84' title='bbox 1368 902 1447 942; x_wconf 92' lang='lat' dir='ltr'>per</span> <span class='ocrx_word' id='word_1_85' title='bbox 1463 892 1489 919; x_wconf 82' lang='lat'>·“</span> <span class='ocrx_word' id='word_1_86' title='bbox 1506 894 1671 929; x_wconf 88' lang='lat' dir='ltr'>terram</span> <span class='ocrx_word' id='word_1_87' title='bbox 1684 887 1704 901; x_wconf 90' lang='lat'>”</span> 
     </span>
     <span class='ocr_line' id='line_1_12' title="bbox 208 950 1703 1006; baseline -0.001 -13"><span class='ocrx_word' id='word_1_88' title='bbox 208 952 482 1006; x_wconf 78' lang='lat' dir='ltr'>&#39;intelligitur</span> <span class='ocrx_word' id='word_1_89' title='bbox 511 952 716 1002; x_wconf 91' lang='lat' dir='ltr'>ecclesia,</span> <span class='ocrx_word' id='word_1_90' title='bbox 749 966 830 1006; x_wconf 88' lang='lat' dir='ltr'>per</span> <span class='ocrx_word' id='word_1_91' title='bbox 856 952 1052 993; x_wconf 86' lang='lat' dir='ltr'>“orbem</span> <span class='ocrx_word' id='word_1_92' title='bbox 1064 951 1084 968; x_wconf 89' lang='lat'>’‘</span> <span class='ocrx_word' id='word_1_93' title='bbox 1115 951 1430 1004; x_wconf 87' lang='lat' dir='ltr'>intelliguntur</span> <span class='ocrx_word' id='word_1_94' title='bbox 1460 950 1522 992; x_wconf 92' lang='lat' dir='ltr'>illi</span> <span class='ocrx_word' id='word_1_95' title='bbox 1553 951 1597 991; x_wconf 90' lang='lat' dir='ltr'>in</span> <span class='ocrx_word' id='word_1_96' title='bbox 1628 963 1703 991; x_wconf 93' lang='lat' dir='ltr'>ec-</span> 
     </span>
     <span class='ocr_line' id='line_1_13' title="bbox 211 1014 1703 1069; baseline -0.002 -13"><span class='ocrx_word' id='word_1_97' title='bbox 211 1015 348 1056; x_wconf 85' lang='lat' dir='ltr'>clesia</span> <span class='ocrx_word' id='word_1_98' title='bbox 371 1016 445 1069; x_wconf 91' lang='lat' dir='ltr'>qui</span> <span class='ocrx_word' id='word_1_99' title='bbox 470 1016 514 1056; x_wconf 91' lang='lat' dir='ltr'>in</span> <span class='ocrx_word' id='word_1_100' title='bbox 542 1016 662 1056; x_wconf 91' lang='lat' dir='ltr'>bono</span> <span class='ocrx_word' id='word_1_101' title='bbox 687 1015 924 1056; x_wconf 87' lang='lat' dir='ltr'>charitatis</span> <span class='ocrx_word' id='word_1_102' title='bbox 949 1022 1069 1064; x_wconf 88' lang='lat' dir='ltr'>sunt,</span> <span class='ocrx_word' id='word_1_103' title='bbox 1094 1021 1142 1056; x_wconf 90' lang='lat' dir='ltr'>et</span> <span class='ocrx_word' id='word_1_104' title='bbox 1169 1028 1248 1068; x_wconf 92' lang='lat' dir='ltr'>per</span> <span class='ocrx_word' id='word_1_105' title='bbox 1271 1014 1500 1068; x_wconf 82' lang='lat' dir='ltr'>“populos</span> <span class='ocrx_word' id='word_1_106' title='bbox 1511 1014 1530 1029; x_wconf 94' lang='lat'>&#39;’</span> <span class='ocrx_word' id='word_1_107' title='bbox 1555 1015 1629 1067; x_wconf 92' lang='lat' dir='ltr'>qui</span> <span class='ocrx_word' id='word_1_108' title='bbox 1659 1014 1703 1054; x_wconf 90' lang='lat' dir='ltr'>in</span> 
     </span>
     <span class='ocr_line' id='line_1_14' title="bbox 211 1076 1701 1132; baseline -0.001 -13"><span class='ocrx_word' id='word_1_109' title='bbox 211 1079 327 1119; x_wconf 89' lang='lat' dir='ltr'>veris</span> <span class='ocrx_word' id='word_1_110' title='bbox 350 1079 482 1119; x_wconf 90' lang='lat' dir='ltr'>inde:</span> <span class='ocrx_word' id='word_1_111' title='bbox 515 1079 636 1132; x_wconf 93' lang='lat' dir='ltr'>quod</span> <span class='ocrx_word' id='word_1_112' title='bbox 663 1078 885 1119; x_wconf 88' lang='lat' dir='ltr'>adventus</span> <span class='ocrx_word' id='word_1_113' title='bbox 911 1078 1093 1119; x_wconf 88' lang='lat' dir='ltr'>Domini</span> <span class='ocrx_word' id='word_1_114' title='bbox 1118 1079 1176 1118; x_wconf 88' lang='lat' dir='ltr'>sit</span> <span class='ocrx_word' id='word_1_115' title='bbox 1202 1078 1383 1131; x_wconf 88' lang='lat' dir='ltr'>quando</span> <span class='ocrx_word' id='word_1_116' title='bbox 1404 1077 1610 1118; x_wconf 88' lang='lat' dir='ltr'>ultimum</span> <span class='ocrx_word' id='word_1_117' title='bbox 1632 1076 1701 1130; x_wconf 91' lang='lat' dir='ltr'>ju-</span> 
     </span>
     <span class='ocr_line' id='line_1_15' title="bbox 212 1140 1706 1194; baseline -0.001 -12"><span class='ocrx_word' id='word_1_118' title='bbox 212 1141 376 1183; x_wconf 89' lang='lat' dir='ltr'>dicium</span> <span class='ocrx_word' id='word_1_119' title='bbox 406 1142 562 1190; x_wconf 87' lang='lat' dir='ltr'>instat,</span> <span class='ocrx_word' id='word_1_120' title='bbox 588 1154 721 1194; x_wconf 89' lang='lat' dir='ltr'>supra</span> <span class='ocrx_word' id='word_1_121' title='bbox 759 1140 929 1183; x_wconf 62' lang='lat' dir='ltr'>dietum</span> <span class='ocrx_word' id='word_1_122' title='bbox 960 1148 1057 1192; x_wconf 82' lang='lat' dir='ltr'>est3</span> <span class='ocrx_word' id='word_1_123' title='bbox 1089 1148 1197 1182; x_wconf 90' lang='lat' dir='ltr'>tunc</span> <span class='ocrx_word' id='word_1_124' title='bbox 1229 1142 1347 1182; x_wconf 90' lang='lat' dir='ltr'>enim</span> <span class='ocrx_word' id='word_1_125' title='bbox 1379 1141 1706 1193; x_wconf 88' lang='lat' dir='ltr'>separabuntur</span> 
     </span>
     <span class='ocr_line' id='line_1_16' title="bbox 212 1203 1704 1256; baseline -0.001 -11"><span class='ocrx_word' id='word_1_126' title='bbox 212 1204 319 1245; x_wconf 88' lang='lat' dir='ltr'>mali</span> <span class='ocrx_word' id='word_1_127' title='bbox 347 1218 375 1245; x_wconf 90' lang='lat' dir='ltr'>a</span> <span class='ocrx_word' id='word_1_128' title='bbox 403 1204 546 1253; x_wconf 88' lang='lat' dir='ltr'>bonis,</span> <span class='ocrx_word' id='word_1_129' title='bbox 573 1218 650 1245; x_wconf 91' lang='lat' dir='ltr'>seu</span> <span class='ocrx_word' id='word_1_130' title='bbox 675 1204 783 1244; x_wconf 90' lang='lat' dir='ltr'>hirci</span> <span class='ocrx_word' id='word_1_131' title='bbox 819 1204 877 1245; x_wconf 89' lang='lat' dir='ltr'>ab</span> <span class='ocrx_word' id='word_1_132' title='bbox 902 1204 1072 1253; x_wconf 89' lang='lat' dir='ltr'>ovibus,</span> <span class='ocrx_word' id='word_1_133' title='bbox 1097 1211 1143 1245; x_wconf 93' lang='lat' dir='ltr'>et</span> <span class='ocrx_word' id='word_1_134' title='bbox 1175 1203 1280 1244; x_wconf 88' lang='lat' dir='ltr'>mali</span> <span class='ocrx_word' id='word_1_135' title='bbox 1306 1204 1623 1256; x_wconf 90' lang='lat' dir='ltr'>judicabuntur</span> <span class='ocrx_word' id='word_1_136' title='bbox 1647 1204 1704 1244; x_wconf 90' lang='lat' dir='ltr'>ad</span> 
     </span>
     <span class='ocr_line' id='line_1_17' title="bbox 212 1266 1706 1321; baseline -0.001 -13"><span class='ocrx_word' id='word_1_137' title='bbox 212 1267 446 1316; x_wconf 85' lang='lat' dir='ltr'>infernum,</span> <span class='ocrx_word' id='word_1_138' title='bbox 473 1280 524 1308; x_wconf 90' lang='lat' dir='ltr'>ac</span> <span class='ocrx_word' id='word_1_139' title='bbox 550 1267 656 1308; x_wconf 91' lang='lat' dir='ltr'>boni</span> <span class='ocrx_word' id='word_1_140' title='bbox 686 1267 743 1307; x_wconf 89' lang='lat' dir='ltr'>ad</span> <span class='ocrx_word' id='word_1_141' title='bbox 769 1267 973 1316; x_wconf 87' lang='lat' dir='ltr'>caelum;</span> <span class='ocrx_word' id='word_1_142' title='bbox 1005 1268 1091 1308; x_wconf 90' lang='lat' dir='ltr'>hoc</span> <span class='ocrx_word' id='word_1_143' title='bbox 1122 1281 1298 1321; x_wconf 88' lang='lat' dir='ltr'>quoque</span> <span class='ocrx_word' id='word_1_144' title='bbox 1325 1266 1602 1320; x_wconf 86' lang='lat' dir='ltr'>significatur</span> <span class='ocrx_word' id='word_1_145' title='bbox 1627 1280 1706 1319; x_wconf 90' lang='lat' dir='ltr'>per</span> 
     </span>
     <span class='ocr_line' id='line_1_18' title="bbox 214 1328 1707 1382; baseline 0.001 -13"><span class='ocrx_word' id='word_1_146' title='bbox 214 1328 376 1370; x_wconf 87' lang='lat' dir='ltr'>Esaiae</span> <span class='ocrx_word' id='word_1_147' title='bbox 392 1330 530 1371; x_wconf 87' lang='lat' dir='ltr'>verba</span> <span class='ocrx_word' id='word_1_148' title='bbox 547 1342 656 1370; x_wconf 87' lang='lat' dir='ltr'>mox</span> <span class='ocrx_word' id='word_1_149' title='bbox 674 1343 822 1382; x_wconf 91' lang='lat' dir='ltr'>supra,</span> <span class='ocrx_word' id='word_1_150' title='bbox 843 1333 868 1350; x_wconf 92' lang='grc'>“</span> <span class='ocrx_word' id='word_1_151' title='bbox 884 1330 940 1370; x_wconf 90' lang='lat' dir='ltr'>ad</span> <span class='ocrx_word' id='word_1_152' title='bbox 959 1329 1328 1382; x_wconf 88' lang='lat' dir='ltr'>proclamandum</span> <span class='ocrx_word' id='word_1_153' title='bbox 1348 1331 1466 1370; x_wconf 93' lang='lat' dir='ltr'>diem</span> <span class='ocrx_word' id='word_1_154' title='bbox 1481 1328 1707 1370; x_wconf 61' lang='lat' dir='ltr'>vindictae</span> 
     </span>
     <span class='ocr_line' id='line_1_19' title="bbox 214 1391 1704 1445; baseline 0.001 -13"><span class='ocrx_word' id='word_1_155' title='bbox 214 1391 315 1433; x_wconf 93' lang='lat' dir='ltr'>Deo</span> <span class='ocrx_word' id='word_1_156' title='bbox 346 1398 517 1441; x_wconf 91' lang='lat' dir='ltr'>nostro,</span> <span class='ocrx_word' id='word_1_157' title='bbox 549 1398 596 1433; x_wconf 91' lang='lat' dir='ltr'>et</span> <span class='ocrx_word' id='word_1_158' title='bbox 632 1392 690 1433; x_wconf 93' lang='lat' dir='ltr'>ad</span> <span class='ocrx_word' id='word_1_159' title='bbox 730 1392 1060 1433; x_wconf 89' lang='lat' dir='ltr'>consolandum</span> <span class='ocrx_word' id='word_1_160' title='bbox 1091 1406 1249 1433; x_wconf 89' lang='lat' dir='ltr'>omnes</span> <span class='ocrx_word' id='word_1_161' title='bbox 1286 1392 1495 1445; x_wconf 89' lang='lat' dir='ltr'>lugentes</span> <span class='ocrx_word' id='word_1_162' title='bbox 1512 1392 1546 1442; x_wconf 85' lang='lat'>;&#39;’</span> <span class='ocrx_word' id='word_1_163' title='bbox 1592 1393 1704 1433; x_wconf 87' lang='lat' dir='ltr'>haec</span> 
     </span>
     <span class='ocr_line' id='line_1_20' title="bbox 215 1454 1704 1508; baseline 0 -13"><span class='ocrx_word' id='word_1_164' title='bbox 215 1467 349 1495; x_wconf 88' lang='lat' dir='ltr'>causa</span> <span class='ocrx_word' id='word_1_165' title='bbox 372 1461 443 1495; x_wconf 93' lang='lat' dir='ltr'>est</span> <span class='ocrx_word' id='word_1_166' title='bbox 468 1455 587 1508; x_wconf 92' lang='lat' dir='ltr'>quod</span> <span class='ocrx_word' id='word_1_167' title='bbox 613 1455 686 1495; x_wconf 92' lang='lat' dir='ltr'>ubi</span> <span class='ocrx_word' id='word_1_168' title='bbox 715 1455 771 1496; x_wconf 91' lang='lat' dir='ltr'>de</span> <span class='ocrx_word' id='word_1_169' title='bbox 798 1454 961 1496; x_wconf 89' lang='lat' dir='ltr'>ultimo</span> <span class='ocrx_word' id='word_1_170' title='bbox 983 1455 1149 1508; x_wconf 90' lang='lat' dir='ltr'>judicio</span> <span class='ocrx_word' id='word_1_171' title='bbox 1173 1456 1337 1508; x_wconf 88' lang='lat' dir='ltr'>agitur,</span> <span class='ocrx_word' id='word_1_172' title='bbox 1365 1456 1502 1496; x_wconf 90' lang='lat' dir='ltr'>etiam</span> <span class='ocrx_word' id='word_1_173' title='bbox 1528 1455 1704 1496; x_wconf 88' lang='lat' dir='ltr'>dicatur</span> 
     </span>
     <span class='ocr_line' id='line_1_21' title="bbox 218 1512 1657 1572; baseline 0 -14"><span class='ocrx_word' id='word_1_174' title='bbox 218 1517 604 1570; x_wconf 87' lang='lat' dir='ltr'>“evangelizare‚&#39;’</span> <span class='ocrx_word' id='word_1_175' title='bbox 630 1524 678 1558; x_wconf 91' lang='lat' dir='ltr'>ut</span> <span class='ocrx_word' id='word_1_176' title='bbox 704 1531 880 1572; x_wconf 90' lang='lat' dir='ltr'>quoque</span> <span class='ocrx_word' id='word_1_177' title='bbox 909 1518 954 1558; x_wconf 92' lang='lat' dir='ltr'>in</span> <span class='ocrx_word' id='word_1_178' title='bbox 980 1519 1271 1571; x_wconf 85' lang='lat' dir='ltr'>sequentibus</span> <span class='ocrx_word' id='word_1_179' title='bbox 1297 1519 1341 1558; x_wconf 89' lang='lat' dir='ltr'>in</span> <span class='ocrx_word' id='word_1_180' title='bbox 1366 1518 1407 1558; x_wconf 85' lang='lat' dir='ltr'><em>A</em></span> <span class='ocrx_word' id='word_1_181' title='bbox 1410 1512 1657 1571; x_wconf 50' lang='lat' dir='ltr'>pocafitpsij</span> 
     </span>
     <span class='ocr_line' id='line_1_22' title="bbox 283 1610 1705 1653; baseline 0 -10"><span class='ocrx_word' id='word_1_182' title='bbox 283 1610 392 1643; x_wconf 83' lang='lat' dir='ltr'>“Vidi</span> <span class='ocrx_word' id='word_1_183' title='bbox 411 1611 519 1643; x_wconf 85' lang='lat' dir='ltr'>alium</span> <span class='ocrx_word' id='word_1_184' title='bbox 538 1612 709 1652; x_wconf 87' lang='lat' dir='ltr'>angelum</span> <span class='ocrx_word' id='word_1_185' title='bbox 728 1612 912 1643; x_wconf 87' lang='lat' dir='ltr'>volantem</span> <span class='ocrx_word' id='word_1_186' title='bbox 938 1612 974 1643; x_wconf 90' lang='lat' dir='ltr'>in</span> <span class='ocrx_word' id='word_1_187' title='bbox 1000 1612 1118 1643; x_wconf 89' lang='lat' dir='ltr'>medio</span> <span class='ocrx_word' id='word_1_188' title='bbox 1137 1612 1236 1648; x_wconf 81' lang='lat' dir='ltr'>caeli,</span> <span class='ocrx_word' id='word_1_189' title='bbox 1256 1613 1448 1644; x_wconf 86' lang='lat' dir='ltr'>habentem</span> <span class='ocrx_word' id='word_1_190' title='bbox 1471 1612 1705 1653; x_wconf 87' lang='lat' dir='ltr'>Evangelium</span> 
     </span>
     <span class='ocr_line' id='line_1_23' title="bbox 391 1655 1707 1696; baseline 0.001 -10"><span class='ocrx_word' id='word_1_191' title='bbox 391 1661 586 1693; x_wconf 84' lang='lat' dir='ltr'>aeternum,</span> <span class='ocrx_word' id='word_1_192' title='bbox 613 1655 659 1686; x_wconf 92' lang='lat' dir='ltr'>ad</span> <span class='ocrx_word' id='word_1_193' title='bbox 683 1655 1003 1695; x_wconf 86' lang='lat' dir='ltr'>evangelizandum</span> <span class='ocrx_word' id='word_1_194' title='bbox 1027 1656 1271 1687; x_wconf 86' lang='lat' dir='ltr'>habitantibus</span> <span class='ocrx_word' id='word_1_195' title='bbox 1295 1666 1402 1696; x_wconf 92' lang='lat' dir='ltr'>super</span> <span class='ocrx_word' id='word_1_196' title='bbox 1421 1663 1524 1694; x_wconf 85' lang='lat' dir='ltr'>terra,</span> <span class='ocrx_word' id='word_1_197' title='bbox 1549 1663 1584 1687; x_wconf 88' lang='lat' dir='ltr'>et</span> <span class='ocrx_word' id='word_1_198' title='bbox 1608 1657 1707 1687; x_wconf 88' lang='lat' dir='ltr'>omni</span> 
     </span>
     <span class='ocr_line' id='line_1_24' title="bbox 391 1699 1708 1740; baseline 0.001 -11"><span class='ocrx_word' id='word_1_199' title='bbox 391 1699 490 1738; x_wconf 82' lang='lat' dir='ltr'>genti</span> <span class='ocrx_word' id='word_1_200' title='bbox 509 1705 545 1730; x_wconf 86' lang='lat' dir='ltr'>et</span> <span class='ocrx_word' id='word_1_201' title='bbox 561 1699 666 1730; x_wconf 88' lang='lat' dir='ltr'>tribui</span> <span class='ocrx_word' id='word_1_202' title='bbox 685 1705 721 1730; x_wconf 87' lang='lat' dir='ltr'>et</span> <span class='ocrx_word' id='word_1_203' title='bbox 740 1699 882 1739; x_wconf 86' lang='lat' dir='ltr'>linguae</span> <span class='ocrx_word' id='word_1_204' title='bbox 898 1705 934 1730; x_wconf 87' lang='lat' dir='ltr'>et</span> <span class='ocrx_word' id='word_1_205' title='bbox 949 1699 1094 1740; x_wconf 88' lang='lat' dir='ltr'>populo,</span> <span class='ocrx_word' id='word_1_206' title='bbox 1109 1699 1285 1731; x_wconf 88' lang='lat' dir='ltr'>dicentem</span> <span class='ocrx_word' id='word_1_207' title='bbox 1301 1709 1389 1730; x_wconf 90' lang='lat' dir='ltr'>voce</span> <span class='ocrx_word' id='word_1_208' title='bbox 1410 1709 1550 1739; x_wconf 79' lang='lat' dir='ltr'>magna,</span> <span class='ocrx_word' id='word_1_209' title='bbox 1568 1699 1708 1731; x_wconf 84' lang='lat' dir='ltr'>Timete</span> 
     </span>
    </p>
   </div>
   <div class='ocr_carea' id='block_1_6' title="bbox 392 1741 1707 1825">
    <p class='ocr_par' dir='ltr' id='par_1_6' title="bbox 392 1741 1707 1825">
     <span class='ocr_line' id='line_1_25' title="bbox 392 1741 1707 1825; baseline 0.001 -52"><span class='ocrx_word' id='word_1_210' title='bbox 392 1741 520 1825; x_wconf 43' lang='lat' dir='ltr'>geum,</span> <span class='ocrx_word' id='word_1_211' title='bbox 537 1748 573 1773; x_wconf 90' lang='lat' dir='ltr'>et</span> <span class='ocrx_word' id='word_1_212' title='bbox 593 1742 677 1774; x_wconf 89' lang='lat' dir='ltr'>date</span> <span class='ocrx_word' id='word_1_213' title='bbox 703 1741 777 1790; x_wconf 81' lang='lat' dir='ltr'>Ipsi</span> <span class='ocrx_word' id='word_1_214' title='bbox 799 1743 962 1782; x_wconf 86' lang='lat' dir='ltr'>gloriam,</span> <span class='ocrx_word' id='word_1_215' title='bbox 981 1743 1064 1784; x_wconf 89' lang='lat' dir='ltr'>quia</span> <span class='ocrx_word' id='word_1_216' title='bbox 1087 1743 1186 1774; x_wconf 86' lang='lat' dir='ltr'>venit</span> <span class='ocrx_word' id='word_1_217' title='bbox 1202 1743 1292 1774; x_wconf 89' lang='lat' dir='ltr'>hora</span> <span class='ocrx_word' id='word_1_218' title='bbox 1310 1743 1432 1783; x_wconf 89' lang='lat' dir='ltr'>judicii</span> <span class='ocrx_word' id='word_1_219' title='bbox 1458 1743 1575 1783; x_wconf 87' lang='lat' dir='ltr'>Ipsius</span> <span class='ocrx_word' id='word_1_220' title='bbox 1588 1742 1606 1755; x_wconf 86' lang='lat'>&#39;’</span> <span class='ocrx_word' id='word_1_221' title='bbox 1623 1743 1707 1783; x_wconf 89' lang='lat' dir='ltr'>(xiv.</span> 
     </span>
     <span class='ocr_line' id='line_1_26' title="bbox 415 1793 480 1824; baseline 0.015 -1"><span class='ocrx_word' id='word_1_222' title='bbox 415 1810 423 1823; x_wconf 77' lang='grc'><em>»</em></span> <span class='ocrx_word' id='word_1_223' title='bbox 438 1793 456 1824; x_wconf 97' lang='grc'>7</span> <span class='ocrx_word' id='word_1_224' title='bbox 472 1809 480 1817; x_wconf 86' lang='grc'><em>·</em></span> 
     </span>
    </p>
   </div>
   <div class='ocr_carea' id='block_1_7' title="bbox 221 1871 1708 2048">
    <p class='ocr_par' dir='ltr' id='par_1_7' title="bbox 221 1871 1708 2048">
     <span class='ocr_line' id='line_1_27' title="bbox 221 1871 1708 1927; baseline 0.001 -13"><span class='ocrx_word' id='word_1_225' title='bbox 221 1871 356 1927; x_wconf 85' lang='lat' dir='ltr'>Quod</span> <span class='ocrx_word' id='word_1_226' title='bbox 386 1886 486 1914; x_wconf 90' lang='lat' dir='ltr'>cum</span> <span class='ocrx_word' id='word_1_227' title='bbox 518 1872 615 1914; x_wconf 90' lang='lat' dir='ltr'>finis</span> <span class='ocrx_word' id='word_1_228' title='bbox 640 1872 857 1914; x_wconf 88' lang='lat' dir='ltr'>ecclesiae</span> <span class='ocrx_word' id='word_1_229' title='bbox 888 1874 1044 1922; x_wconf 85' lang='lat' dir='ltr'>instat,</span> <span class='ocrx_word' id='word_1_230' title='bbox 1070 1873 1455 1927; x_wconf 88' lang='lat' dir='ltr'>evangelizabitur</span> <span class='ocrx_word' id='word_1_231' title='bbox 1486 1874 1708 1915; x_wconf 88' lang='lat' dir='ltr'>adventus</span> 
     </span>
     <span class='ocr_line' id='line_1_28' title="bbox 221 1936 1708 1991; baseline 0 -13"><span class='ocrx_word' id='word_1_232' title='bbox 221 1936 417 1986; x_wconf 89' lang='lat' dir='ltr'>Domini,</span> <span class='ocrx_word' id='word_1_233' title='bbox 444 1937 581 1977; x_wconf 91' lang='lat' dir='ltr'>etiam</span> <span class='ocrx_word' id='word_1_234' title='bbox 606 1937 663 1977; x_wconf 90' lang='lat' dir='ltr'>ab</span> <span class='ocrx_word' id='word_1_235' title='bbox 689 1937 795 1990; x_wconf 91' lang='lat' dir='ltr'>Ipso</span> <span class='ocrx_word' id='word_1_236' title='bbox 821 1936 1018 1978; x_wconf 90' lang='lat' dir='ltr'>Domino</span> <span class='ocrx_word' id='word_1_237' title='bbox 1048 1938 1332 1990; x_wconf 83' lang='lat' dir='ltr'>praedicitur,</span> <span class='ocrx_word' id='word_1_238' title='bbox 1359 1938 1478 1990; x_wconf 88' lang='lat' dir='ltr'>apud</span> <span class='ocrx_word' id='word_1_239' title='bbox 1501 1937 1708 1991; x_wconf 82' lang='lat' dir='ltr'>Evange-</span> 
     </span>
     <span class='ocr_line' id='line_1_29' title="bbox 221 1998 367 2048; baseline 0 -8"><span class='ocrx_word' id='word_1_240' title='bbox 221 1998 367 2048; x_wconf 84' lang='lat' dir='ltr'>listas,</span> 
     </span>
    </p>
   </div>
   <div class='ocr_carea' id='block_1_8' title="bbox 288 2087 1711 2173">
    <p class='ocr_par' dir='ltr' id='par_1_8' title="bbox 288 2087 1711 2173">
     <span class='ocr_line' id='line_1_30' title="bbox 288 2087 1711 2128; baseline 0 -8"><span class='ocrx_word' id='word_1_241' title='bbox 288 2089 308 2102; x_wconf 82' lang='lat'>‘¹</span> <span class='ocrx_word' id='word_1_242' title='bbox 320 2087 583 2120; x_wconf 83' lang='lat' dir='ltr'>Praedicabitur</span> <span class='ocrx_word' id='word_1_243' title='bbox 597 2088 665 2119; x_wconf 91' lang='lat' dir='ltr'>hoc</span> <span class='ocrx_word' id='word_1_244' title='bbox 684 2087 919 2128; x_wconf 82' lang='lat' dir='ltr'>Evangelium</span> <span class='ocrx_word' id='word_1_245' title='bbox 937 2088 1037 2128; x_wconf 89' lang='lat' dir='ltr'>regni</span> <span class='ocrx_word' id='word_1_246' title='bbox 1058 2088 1093 2119; x_wconf 92' lang='lat' dir='ltr'>in</span> <span class='ocrx_word' id='word_1_247' title='bbox 1108 2094 1184 2119; x_wconf 83' lang='lat' dir='ltr'>toto</span> <span class='ocrx_word' id='word_1_248' title='bbox 1204 2089 1300 2125; x_wconf 89' lang='lat' dir='ltr'>orbe,</span> <span class='ocrx_word' id='word_1_249' title='bbox 1318 2088 1354 2119; x_wconf 90' lang='lat' dir='ltr'>in</span> <span class='ocrx_word' id='word_1_250' title='bbox 1371 2089 1616 2120; x_wconf 88' lang='lat' dir='ltr'>testimonium</span> <span class='ocrx_word' id='word_1_251' title='bbox 1635 2099 1711 2121; x_wconf 89' lang='lat' dir='ltr'>om-</span> 
     </span>
     <span class='ocr_line' id='line_1_31' title="bbox 395 2129 1710 2173; baseline 0.002 -11"><span class='ocrx_word' id='word_1_252' title='bbox 395 2132 500 2163; x_wconf 86' lang='lat' dir='ltr'>nibus</span> <span class='ocrx_word' id='word_1_253' title='bbox 515 2132 692 2172; x_wconf 82' lang='lat' dir='ltr'>gentibus,</span> <span class='ocrx_word' id='word_1_254' title='bbox 709 2138 744 2163; x_wconf 91' lang='lat' dir='ltr'>et</span> <span class='ocrx_word' id='word_1_255' title='bbox 763 2137 848 2162; x_wconf 89' lang='lat' dir='ltr'>tunc</span> <span class='ocrx_word' id='word_1_256' title='bbox 864 2131 984 2163; x_wconf 87' lang='lat' dir='ltr'>veniet</span> <span class='ocrx_word' id='word_1_257' title='bbox 1000 2131 1080 2163; x_wconf 86' lang='lat' dir='ltr'>finis</span> <span class='ocrx_word' id='word_1_258' title='bbox 1092 2131 1111 2143; x_wconf 88' lang='lat'>¹’</span> <span class='ocrx_word' id='word_1_259' title='bbox 1124 2129 1303 2173; x_wconf 75' lang='lat' dir='ltr'>([Mattl1.]</span> <span class='ocrx_word' id='word_1_260' title='bbox 1316 2132 1409 2163; x_wconf 85' lang='lat' dir='ltr'>xxiv.</span> <span class='ocrx_word' id='word_1_261' title='bbox 1425 2141 1464 2171; x_wconf 80' lang='lat'>14</span> <span class='ocrx_word' id='word_1_262' title='bbox 1478 2142 1486 2171; x_wconf 85' lang='lat'>;</span> <span class='ocrx_word' id='word_1_263' title='bbox 1510 2133 1623 2165; x_wconf 89' lang='lat' dir='ltr'>Marc.</span> <span class='ocrx_word' id='word_1_264' title='bbox 1637 2134 1710 2165; x_wconf 89' lang='lat' dir='ltr'>xiii.</span> 
     </span>
    </p>
   </div>
   <div class='ocr_carea' id='block_1_9' title="bbox 397 2172 589 2217">
    <p class='ocr_par' dir='ltr' id='par_1_9' title="bbox 397 2172 589 2217">
     <span class='ocr_line' id='line_1_32' title="bbox 397 2172 589 2217; baseline -0.01 -1"><span class='ocrx_word' id='word_1_265' title='bbox 397 2175 428 2213; x_wconf 74' lang='lat'>8.</span> <span class='ocrx_word' id='word_1_266' title='bbox 443 2185 474 2216; x_wconf 76' lang='lat'>9.</span> <span class='ocrx_word' id='word_1_267' title='bbox 490 2172 589 2217; x_wconf 87' lang='lat'>[10])-</span> 
     </span>
    </p>
   </div>
   <div class='ocr_carea' id='block_1_10' title="bbox 166 2262 1710 2318">
    <p class='ocr_par' dir='ltr' id='par_1_10' title="bbox 166 2262 1710 2318">
     <span class='ocr_line' id='line_1_33' title="bbox 166 2262 1710 2318; baseline 0.001 -14"><span class='ocrx_word' id='word_1_268' title='bbox 166 2285 172 2294; x_wconf 78' lang='lat'>=</span> <span class='ocrx_word' id='word_1_269' title='bbox 224 2262 358 2317; x_wconf 82' lang='lat' dir='ltr'>Quod</span> <span class='ocrx_word' id='word_1_270' title='bbox 389 2264 612 2304; x_wconf 87' lang='lat' dir='ltr'>adventus</span> <span class='ocrx_word' id='word_1_271' title='bbox 648 2263 830 2304; x_wconf 89' lang='lat' dir='ltr'>Domini</span> <span class='ocrx_word' id='word_1_272' title='bbox 865 2263 1179 2316; x_wconf 86' lang='lat' dir='ltr'>intelligantur</span> <span class='ocrx_word' id='word_1_273' title='bbox 1209 2277 1287 2317; x_wconf 90' lang='lat' dir='ltr'>per</span> <span class='ocrx_word' id='word_1_274' title='bbox 1319 2264 1710 2318; x_wconf 86' lang='lat' dir='ltr'>“evangelizatio-</span> 
     </span>
    </p>
   </div>
   <div class='ocr_carea' id='block_1_11' title="bbox 224 2326 1710 2442">
    <p class='ocr_par' dir='ltr' id='par_1_11' title="bbox 224 2326 1710 2442">
     <span class='ocr_line' id='line_1_34' title="bbox 225 2326 1710 2382; baseline 0.002 -15"><span class='ocrx_word' id='word_1_275' title='bbox 225 2326 358 2368; x_wconf 89' lang='lat' dir='ltr'>nem”</span> <span class='ocrx_word' id='word_1_276' title='bbox 383 2333 430 2368; x_wconf 90' lang='lat' dir='ltr'>et</span> <span class='ocrx_word' id='word_1_277' title='bbox 453 2326 836 2379; x_wconf 81' lang='lat' dir='ltr'>“Evangelium‚”</span> <span class='ocrx_word' id='word_1_278' title='bbox 857 2333 1068 2367; x_wconf 91' lang='lat' dir='ltr'>constare</span> <span class='ocrx_word' id='word_1_279' title='bbox 1095 2327 1231 2367; x_wconf 88' lang='lat' dir='ltr'>etiam</span> <span class='ocrx_word' id='word_1_280' title='bbox 1258 2334 1411 2380; x_wconf 89' lang='lat' dir='ltr'>potest</span> <span class='ocrx_word' id='word_1_281' title='bbox 1437 2342 1495 2368; x_wconf 87' lang='lat' dir='ltr'>ex</span> <span class='ocrx_word' id='word_1_282' title='bbox 1519 2342 1710 2382; x_wconf 90' lang='lat' dir='ltr'>sequen-</span> 
     </span>
     <span class='ocr_line' id='line_1_35' title="bbox 224 2388 907 2442; baseline -0.001 -12"><span class='ocrx_word' id='word_1_283' title='bbox 224 2389 343 2430; x_wconf 91' lang='lat' dir='ltr'>tibus</span> <span class='ocrx_word' id='word_1_284' title='bbox 368 2389 477 2430; x_wconf 88' lang='lat' dir='ltr'>locis</span> <span class='ocrx_word' id='word_1_285' title='bbox 493 2388 702 2442; x_wconf 76' lang='lat' dir='ltr'>z—Apud</span> <span class='ocrx_word' id='word_1_286' title='bbox 727 2389 907 2438; x_wconf 87' lang='lat' dir='ltr'>Lucam,</span> 
     </span>
    </p>
   </div>
   <div class='ocr_carea' id='block_1_12' title="bbox 289 2461 1710 2609">
    <p class='ocr_par' dir='ltr' id='par_1_12' title="bbox 289 2461 1710 2609">
     <span class='ocr_line' id='line_1_36' title="bbox 289 2461 1710 2524; baseline 0.003 -11"><span class='ocrx_word' id='word_1_287' title='bbox 289 2481 450 2522; x_wconf 84' lang='lat' dir='ltr'>Angelus</span> <span class='ocrx_word' id='word_1_288' title='bbox 472 2480 592 2524; x_wconf 90' lang='lat' dir='ltr'>[dixit]</span> <span class='ocrx_word' id='word_1_289' title='bbox 617 2482 662 2514; x_wconf 88' lang='lat' dir='ltr'>ad</span> <span class='ocrx_word' id='word_1_290' title='bbox 686 2461 905 2520; x_wconf 77' lang='lat' dir='ltr'>Zachariam,</span> <span class='ocrx_word' id='word_1_291' title='bbox 931 2482 1038 2523; x_wconf 82' lang='lat' dir='ltr'>“Ego</span> <span class='ocrx_word' id='word_1_292' title='bbox 1062 2493 1140 2514; x_wconf 91' lang='lat' dir='ltr'>sum</span> <span class='ocrx_word' id='word_1_293' title='bbox 1169 2482 1322 2518; x_wconf 86' lang='lat' dir='ltr'>Gabriel.</span> <span class='ocrx_word' id='word_1_294' title='bbox 1351 2491 1451 2516; x_wconf 90' lang='lat' dir='ltr'>stans</span> <span class='ocrx_word' id='word_1_295' title='bbox 1476 2495 1595 2516; x_wconf 85' lang='lat' dir='ltr'>coram</span> <span class='ocrx_word' id='word_1_296' title='bbox 1622 2485 1710 2523; x_wconf 87' lang='lat' dir='ltr'>Deo,</span> 
     </span>
     <span class='ocr_line' id='line_1_37' title="bbox 398 2525 1710 2609; baseline 0.004 -53"><span class='ocrx_word' id='word_1_297' title='bbox 398 2525 599 2609; x_wconf 44' lang='lat' dir='ltr'>arisai-sque</span> <span class='ocrx_word' id='word_1_298' title='bbox 623 2536 701 2558; x_wconf 91' lang='lat' dir='ltr'>sum</span> <span class='ocrx_word' id='word_1_299' title='bbox 725 2532 764 2558; x_wconf 91' lang='lat' dir='ltr'>ut</span> <span class='ocrx_word' id='word_1_300' title='bbox 787 2526 913 2567; x_wconf 88' lang='lat' dir='ltr'>loquar</span> <span class='ocrx_word' id='word_1_301' title='bbox 928 2526 973 2558; x_wconf 87' lang='lat' dir='ltr'>ad</span> <span class='ocrx_word' id='word_1_302' title='bbox 998 2534 1042 2564; x_wconf 85' lang='lat' dir='ltr'>te,</span> <span class='ocrx_word' id='word_1_303' title='bbox 1060 2533 1096 2558; x_wconf 90' lang='lat' dir='ltr'>et</span> <span class='ocrx_word' id='word_1_304' title='bbox 1114 2527 1159 2559; x_wconf 91' lang='lat' dir='ltr'>ad</span> <span class='ocrx_word' id='word_1_305' title='bbox 1183 2528 1500 2568; x_wconf 86' lang='lat' dir='ltr'>evangelizandum</span> <span class='ocrx_word' id='word_1_306' title='bbox 1525 2529 1590 2560; x_wconf 91' lang='lat' dir='ltr'>tibi</span> <span class='ocrx_word' id='word_1_307' title='bbox 1613 2529 1710 2561; x_wconf 91' lang='lat' dir='ltr'>hoc&#39;’</span> 
     </span>
    </p>
   </div>
   <div class='ocr_carea' id='block_1_13' title="bbox 227 2643 580 2698">
    <p class='ocr_par' dir='ltr' id='par_1_13' title="bbox 227 2643 580 2698">
     <span class='ocr_line' id='line_1_38' title="bbox 227 2643 580 2698; baseline 0.003 -13"><span class='ocrx_word' id='word_1_308' title='bbox 227 2643 346 2698; x_wconf 88' lang='lat' dir='ltr'>apud</span> <span class='ocrx_word' id='word_1_309' title='bbox 370 2645 580 2694; x_wconf 89' lang='lat' dir='ltr'>eundern,</span> 
     </span>
    </p>
   </div>
   <div class='ocr_carea' id='block_1_14' title="bbox 293 2722 1711 2768">
    <p class='ocr_par' dir='ltr' id='par_1_14' title="bbox 293 2722 1711 2768">
     <span class='ocr_line' id='line_1_39' title="bbox 293 2722 1711 2768; baseline 0.005 -15"><span class='ocrx_word' id='word_1_310' title='bbox 293 2722 483 2763; x_wconf 84' lang='lat' dir='ltr'>“Angelus</span> <span class='ocrx_word' id='word_1_311' title='bbox 507 2723 594 2755; x_wconf 87' lang='lat' dir='ltr'>dixit</span> <span class='ocrx_word' id='word_1_312' title='bbox 618 2724 830 2764; x_wconf 87' lang='lat' dir='ltr'>pastoribus,</span> <span class='ocrx_word' id='word_1_313' title='bbox 856 2723 910 2755; x_wconf 91' lang='lat' dir='ltr'>Ne</span> <span class='ocrx_word' id='word_1_314' title='bbox 934 2724 1066 2763; x_wconf 82' lang='lat' dir='ltr'>timete,</span> <span class='ocrx_word' id='word_1_315' title='bbox 1086 2734 1167 2757; x_wconf 88' lang='lat' dir='ltr'>ecce</span> <span class='ocrx_word' id='word_1_316' title='bbox 1190 2727 1397 2767; x_wconf 86' lang='lat' dir='ltr'>evangelizo</span> <span class='ocrx_word' id='word_1_317' title='bbox 1415 2727 1518 2759; x_wconf 92' lang='lat' dir='ltr'>vobis</span> <span class='ocrx_word' id='word_1_318' title='bbox 1542 2728 1711 2768; x_wconf 83' lang='lat' dir='ltr'>gaudium</span> 
     </span>
    </p>
   </div>
   <div class='ocr_carea' id='block_1_15' title="bbox 400 2767 1712 2855">
    <p class='ocr_par' dir='ltr' id='par_1_15' title="bbox 400 2767 1712 2855">
     <span class='ocr_line' id='line_1_40' title="bbox 401 2767 1712 2809; baseline 0.005 -12"><span class='ocrx_word' id='word_1_319' title='bbox 401 2775 581 2806; x_wconf 83' lang='lat' dir='ltr'>magnum,</span> <span class='ocrx_word' id='word_1_320' title='bbox 599 2767 692 2808; x_wconf 90' lang='lat' dir='ltr'>quod</span> <span class='ocrx_word' id='word_1_321' title='bbox 709 2767 768 2799; x_wconf 87' lang='lat' dir='ltr'>fiet</span> <span class='ocrx_word' id='word_1_322' title='bbox 787 2768 885 2799; x_wconf 90' lang='lat' dir='ltr'>omni</span> <span class='ocrx_word' id='word_1_323' title='bbox 902 2768 1045 2808; x_wconf 88' lang='lat' dir='ltr'>populo,</span> <span class='ocrx_word' id='word_1_324' title='bbox 1063 2768 1146 2809; x_wconf 85' lang='lat' dir='ltr'>quia</span> <span class='ocrx_word' id='word_1_325' title='bbox 1161 2775 1264 2801; x_wconf 79' lang='lat' dir='ltr'>natus</span> <span class='ocrx_word' id='word_1_326' title='bbox 1281 2776 1336 2801; x_wconf 89' lang='lat' dir='ltr'>est</span> <span class='ocrx_word' id='word_1_327' title='bbox 1349 2771 1452 2802; x_wconf 89' lang='lat' dir='ltr'>vobis</span> <span class='ocrx_word' id='word_1_328' title='bbox 1465 2771 1571 2803; x_wconf 88' lang='lat' dir='ltr'>hodie</span> <span class='ocrx_word' id='word_1_329' title='bbox 1591 2771 1712 2804; x_wconf 80' lang='lat' dir='ltr'>Salva-</span> 
     </span>
     <span class='ocr_line' id='line_1_41' title="bbox 400 2810 1574 2855; baseline 0.004 -14"><span class='ocrx_word' id='word_1_330' title='bbox 400 2815 466 2847; x_wconf 84' lang='lat' dir='ltr'>tor,</span> <span class='ocrx_word' id='word_1_331' title='bbox 483 2810 541 2851; x_wconf 90' lang='lat' dir='ltr'>qui</span> <span class='ocrx_word' id='word_1_332' title='bbox 558 2816 612 2842; x_wconf 92' lang='lat' dir='ltr'>est</span> <span class='ocrx_word' id='word_1_333' title='bbox 629 2810 791 2843; x_wconf 85' lang='lat' dir='ltr'>Christus</span> <span class='ocrx_word' id='word_1_334' title='bbox 810 2810 997 2850; x_wconf 90' lang='lat' dir='ltr'>Dominus,</span> <span class='ocrx_word' id='word_1_335' title='bbox 1011 2812 1047 2843; x_wconf 90' lang='lat' dir='ltr'>in</span> <span class='ocrx_word' id='word_1_336' title='bbox 1067 2813 1153 2844; x_wconf 85' lang='lat' dir='ltr'>urbe</span> <span class='ocrx_word' id='word_1_337' title='bbox 1172 2812 1349 2845; x_wconf 86' lang='lat' dir='ltr'>Davidis&#39;’</span> <span class='ocrx_word' id='word_1_338' title='bbox 1368 2814 1415 2854; x_wconf 89' lang='lat' dir='ltr'>(ii.</span> <span class='ocrx_word' id='word_1_339' title='bbox 1432 2822 1482 2853; x_wconf 90' lang='lat'>10,</span> <span class='ocrx_word' id='word_1_340' title='bbox 1498 2814 1551 2855; x_wconf 91' lang='lat'>11)</span> <span class='ocrx_word' id='word_1_341' title='bbox 1565 2824 1574 2854; x_wconf 86' lang='lat'>;</span> 
     </span>
    </p>
   </div>
   <div class='ocr_carea' id='block_1_16' title="bbox 230 2883 578 2938">
    <p class='ocr_par' dir='ltr' id='par_1_16' title="bbox 230 2883 578 2938">
     <span class='ocr_line' id='line_1_42' title="bbox 230 2883 578 2938; baseline 0.003 -13"><span class='ocrx_word' id='word_1_342' title='bbox 230 2883 348 2938; x_wconf 80' lang='lat' dir='ltr'>apud</span> <span class='ocrx_word' id='word_1_343' title='bbox 373 2884 578 2936; x_wconf 89' lang='lat' dir='ltr'>eundem,</span> 
     </span>
    </p>
   </div>
  </div>
 </body>
</html>
