1962 3334
0 1159 14 1204 ξ

15 2448 18 2451 ⁴
16 2430 21 2433 ι
0 2236 21 2406 'fflwvw
0 1741 19 2228 γ’τ-ὟΤΤΤ-ΓὙ“ἸΨΨ’7Π”
0 1670 16 1733 *λυ
10 1612 16 1617 .
12 1571 18 1573 ,

596 266 702 299 CAP.
726 267 808 307 XL,
832 267 970 300 VERS.
999 268 1169 311 15.—N.
1191 260 1287 312 685.
1478 263 1481 265 ’
1578 260 1680 312 1825

197 377 544 432 itaseparatam
575 394 602 420 a
631 379 865 429 charitate,
902 381 1065 421 “avis’'
1096 382 1213 422 enim
1250 381 1473 434 significat
1505 383 1680 434 cogita-

197 441 367 482 tionem
398 442 454 482 de
485 443 599 482 veris
632 442 772 483 Verbi
802 457 854 483 ac
886 442 1167 484 intellectum
1200 458 1368 492 eorum,
1402 458 1515 497 quae
1550 445 1682 485 “avis

196 503 578 545 abominationum
592 503 610 519 ”
641 504 689 545 fit
721 505 900 558 quando
932 519 1021 546 non
1053 506 1200 560 aliqua
1231 505 1407 547 affectio
1439 507 1680 559 spiritualis

196 566 288 605 veri
319 573 389 607 est
420 580 532 620 quae
564 567 758 608 illustrat
789 574 836 608 et
868 568 1004 609 docet
1030 583 1198 617 verum,
1227 569 1305 609 sed
1337 569 1473 610 modo
1504 567 1680 610 affectio

196 629 411 669 naturalis
447 644 559 683 quae
595 637 664 670 est
702 638 885 683 propter
919 632 1097 680 famam,
1136 632 1340 685 gloriam,
1380 633 1596 672 honorem
1633 638 1679 672 et

195 690 392 741 lucrum;
425 707 538 745 quae
564 691 752 742 affectio,
776 694 880 746 quia
899 701 969 734 est
991 694 1232 743 infernalis,
1257 702 1327 735 est
1349 694 1676 742 abominabilis,

195 755 406 806 quoniam
432 756 535 795 inde
561 769 680 796 mere
707 755 845 796 falsa:
882 760 967 797 “et
994 771 1132 810 usque
1158 758 1215 797 ad
1242 759 1677 798 consummationem

194 822 240 856 et
262 816 459 857 decisum
484 818 673 859 stillabit
699 831 831 871 super
856 819 1249 860 devastationem‘’
1275 820 1497 873 significat
1522 828 1677 861 extre-

195 891 316 918 mum
353 879 444 931 ejus
477 881 656 933 quando
693 881 800 921 nihil
831 882 924 922 Veri
960 888 1007 922 et
1045 881 1146 922 fidei
1182 883 1387 935 amplius,
1421 889 1465 923 et
1498 883 1678 936 quando

194 940 400 981 ultimum
436 941 662 994 judicium.
739 942 872 996 Quod
917 944 1026 985 haec
1073 945 1231 985 ultima
1275 946 1391 997 apud
1432 945 1675 993 Danielem,

194 1002 422 1055 praedicta
440 1005 527 1045 sint
547 1005 601 1045 de
620 1005 705 1046 fine
725 1006 957 1047 Ecclesiae
976 1006 1273 1056 Christianae,
1294 1014 1421 1060 patet
1448 1022 1473 1048 a
1497 1008 1677 1048 Domini

192 1066 338 1107 verbis
361 1068 479 1120 apud
504 1068 795 1117 Matthaeum,

258 1155 376 1187 “Cum
394 1157 552 1188 videritis
572 1158 876 1190 abominationem
894 1159 1126 1190 desolationis
1147 1158 1363 1199 praedictam
1384 1170 1406 1191 a
1427 1160 1577 1191 Daniele
1597 1170 1679 1200 pro·

365 1201 481 1240 pheta,
499 1208 653 1232 stantem
671 1202 706 1232 in
724 1202 803 1233 loco
820 1201 956 1240 samsto,
975 1203 1032 1244 qui
1050 1203 1135 1243 legit
1151 1203 1442 1235 animadvertat”
1460 1204 1566 1243 (xxiv.
1587 1205 1639 1243 15)
1655 1214 1662 1242 ;

192 1309 295 1336 nam
322 1296 364 1336 in
397 1310 451 1336 eo
477 1297 625 1349 capite
651 1289 799 1349 agitur
825 1298 881 1337 de
907 1299 1295 1338 consummatione
1323 1299 1503 1347 saeculi,
1531 1300 1595 1340 ita
1621 1301 1676 1340 de

191 1360 444 1399 successiva
475 1361 730 1400 vastatione
764 1360 995 1401 Ecclesiae
1033 1360 1340 1411 Christianae;
1383 1375 1517 1414 quare
1550 1363 1676 1415 hujus

191 1422 407 1463 ecclesiae
433 1422 688 1463 devastatio
720 1436 798 1475 per
828 1423 905 1463 illa
934 1424 1071 1463 verba
1099 1424 1216 1476 apud
1248 1424 1476 1464 Danielem
1507 1425 1674 1466 intelli-

190 1484 326 1536 gitur.
384 1494 486 1531 (Quid
508 1499 614 1523 autem
638 1495 670 1523 in
693 1504 788 1523 sensu
807 1495 959 1532 spirituali
983 1505 1040 1532 per
1063 1496 1116 1524 illa
1138 1496 1341 1532 significatur,
1363 1497 1554 1533 explicatum
1575 1502 1621 1525 est
1644 1498 1676 1526 in

189 1547 327 1576 Ananis
345 1547 538 1581 Caelestibus,
554 1556 584 1576 n.
598 1548 703 1585 3652.)
762 1537 837 1577 Ex
873 1538 941 1577 his
978 1551 1095 1577 nunc
1133 1545 1346 1578 constare
1383 1545 1538 1591 potest
1568 1540 1674 1592 quid

190 1597 466 1650 significatur
498 1611 576 1650 per
607 1599 726 1651 quod
756 1603 932 1651 “regna
963 1599 1116 1639 mundi
1147 1597 1264 1639 facta
1295 1601 1384 1639 sint
1417 1599 1598 1640 Domini
1629 1607 1676 1641 et

190 1659 355 1701 Christi
387 1661 529 1713 Ipsius
547 1661 579 1711 ;''
616 1663 781 1713 pariter
812 1662 916 1714 quid
949 1675 1027 1714 per
1061 1662 1282 1702 “Domini
1314 1662 1571 1703 Christum”
1597 1677 1675 1704 seu

192 1722 457 1764 “Christum
481 1724 692 1764 Domini”
718 1724 836 1776 apud
861 1724 1038 1772 Lucam,
1663 1723 1666 1727 ’

262 1814 419 1846 Simeoni
439 1815 678 1854 “responsum
695 1812 828 1844 factum
846 1820 900 1845 est
919 1824 939 1844 a
957 1814 1081 1853 spiritu
1102 1813 1238 1852 saneto,
1256 1824 1328 1845 non
1346 1815 1505 1846 visurum
1522 1822 1674 1847 mortem

361 1864 550 1898 antequam
568 1858 702 1888 videret
719 1857 899 1889 Christum
919 1857 1064 1888 Domini
1076 1857 1094 1869 '’
1112 1858 1158 1896 (ii.
1179 1859 1243 1898 26).

267 1933 402 2013 685.
440 1959 518 1999 “Et
537 1958 726 2012 regnabit
746 1958 786 1997 in
809 1959 981 1998 saecula
1004 1958 1500 2012 saeculorum.''——.Quod
1531 1961 1672 2013 signi-

188 2027 262 2061 cet
301 2020 540 2060 dominium
581 2020 731 2072 Ipsius
766 2026 850 2071 per
888 2019 1101 2059 Divinum
1153 2019 1310 2060 Verum
1350 2021 1395 2060 in
1435 2028 1671 2071 aeternum,

188 2089 371 2124 constat
393 2097 451 2123 ex
476 2083 801 2135 significatione
828 2082 1092 2134 “regnare‚”
1114 2096 1214 2123 cum
1237 2083 1292 2123 de
1317 2083 1527 2133 Domino,
1553 2086 1672 2139 quod

187 2145 246 2184 sit
263 2144 485 2184 dominari
508 2158 586 2196 per
602 2143 815 2183 Divinum
833 2143 1005 2183 Verum
1024 2155 1078 2190 (de
1091 2163 1155 2191 qua
1168 2155 1350 2194 sequitur);
1382 2152 1429 2186 et
1446 2159 1506 2186 ex
1528 2147 1670 2199 signi-

187 2204 396 2245 ficatione
430 2206 512 2244 “in
545 2204 724 2245 saecula
754 2205 1074 2253 saeculorum,”
1106 2206 1225 2258 quod
1258 2207 1315 2246 sit
1346 2207 1389 2246 in
1421 2214 1672 2248 aeternum.

189 2267 323 2320 Quod
352 2269 433 2307 “in
466 2267 644 2307 saecula
675 2267 989 2307 saeculorum‘’
1021 2269 1078 2308 sit
1109 2269 1151 2307 in
1184 2275 1431 2315 aeternum,
1465 2277 1535 2311 est
1567 2272 1670 2324 quia

187 2342 343 2370 sensus
376 2329 555 2369 litterae
588 2329 727 2370 Verbi
765 2337 835 2370 est
872 2331 1102 2378 naturalis,
1136 2332 1204 2371 cui
1241 2346 1398 2372 sensus
1429 2334 1670 2386 spiritualis

187 2392 539 2444 correspondet;
577 2406 734 2432 sensus
766 2393 982 2433 naturalis
1010 2393 1150 2434 Verbi
1182 2396 1387 2436 consistit
1421 2410 1479 2436 ex
1505 2397 1670 2438 talibus

187 2468 300 2508 quae
323 2455 365 2494 in
389 2455 562 2495 Natura
584 2462 701 2502 sunt,
722 2469 836 2508 quae
858 2457 900 2496 in
919 2469 1084 2508 genere
1102 2470 1149 2497 se
1172 2457 1366 2499 referunt
1384 2459 1440 2499 ad
1464 2466 1670 2512 tempora

186 2524 233 2557 et
256 2518 413 2568 spatia,
433 2517 578 2570 adque
597 2517 696 2557 loca
718 2526 763 2558 et
783 2531 1022 2570 personas;
1049 2533 1099 2559 ac
1122 2521 1337 2560 “saecula
1359 2522 1637 2563 saeculorum
1651 2522 1670 2538 '⁸

186 2587 291 2621 sunt
332 2587 599 2632 temporum,
639 2581 797 2634 quibus
834 2582 876 2621 in
918 2595 1050 2622 sensu
1091 2584 1307 2635 spirituali
1344 2586 1668 2638 correspondet

186 2649 445 2683 aeternum:
492 2643 634 2683 simile
671 2651 740 2684 est
777 2657 877 2684 cum
918 2647 1248 2697 “generatione
1285 2649 1670 2699 generationum‚”

187 2706 260 2746 ubi
291 2706 438 2758 agitur
469 2706 523 2746 de
557 2708 882 2759 propagatione
915 2706 1016 2748 fidei
1049 2714 1094 2748 et
1126 2709 1357 2750 charitatis
1388 2711 1430 2750 in
1463 2711 1668 2753 ecclesia.

187 2767 322 2820 Quod
350 2769 613 2820 “regnare‚’'
639 2782 739 2809 cum
771 2769 826 2809 de
860 2769 1070 2818 Domino,
1098 2771 1318 2824 significet
1345 2774 1563 2814 dominari
1590 2787 1670 2827 per

187 2830 398 2871 Divinum
431 2830 614 2880 Verum,
653 2838 722 2872 est
762 2833 864 2885 quia
897 2833 1210 2874 “dominium’'
1241 2836 1401 2876 dicitur
1437 2837 1492 2876 de
1530 2838 1665 2885 bono,

187 2906 238 2934 ac
268 2897 492 2946 “regnare
509 2893 526 2907 ⁷'
553 2894 607 2934 de
639 2908 771 2945 vero;
804 2907 907 2936 nam
940 2895 1160 2937 Dominus
1191 2898 1352 2939 dicitur
1376 2899 1668 2940 “Dominus”
