1962 3334
241 282 351 336 1516
656 291 986 328 APOCALYPSIS
1018 295 1316 328 EXPLICATA.

305 406 417 438 “Non
447 413 606 439 revertar
633 409 678 439 ad
712 409 933 449 perdendum
964 409 1231 451 Ephraimum:.
1247 416 1388 451 ...post
1415 410 1589 452 Jehovam
1618 412 1729 450 ibunt,

411 451 500 482 sicut
514 452 570 482 leo
585 453 709 492 rugiet,
724 453 806 493 quia
819 453 877 484 ille
891 454 1015 493 rugiet,
1030 460 1064 485 et
1078 464 1157 485 cum
1172 455 1308 485 honore
1322 456 1492 486 accedent
1510 455 1571 486 filii
1585 465 1606 486 a
1619 457 1708 487 mari
1721 465 1728 492 ;

409 505 489 526 cum
509 495 646 527 honore
666 496 861 528 advenient
881 498 971 528 sicut
990 498 1068 529 avis
1092 499 1137 528 ab
1157 498 1336 538 Aegypto,
1357 504 1392 529 et
1417 499 1507 529 sicut
1526 499 1691 531 columba
1710 510 1730 531 e

409 545 504 570 terra
523 539 717 579 Assyriae;
747 547 782 571 et
802 541 963 572 habitare
983 541 1111 572 faciam
1136 551 1198 573 eos
1223 551 1331 582 super
1354 542 1519 573 domibus
1544 543 1617 574 suis
1628 542 1646 554 ’¹
1666 543 1726 582 (xi.

411 580 474 624 [9,]
497 585 636 623 10211);

233 671 312 711 per
339 658 705 711 “Ephraimum”
731 659 1010 713 significatur
1042 661 1234 702 ecclesia
1264 661 1413 714 quoad
1445 660 1728 703 intellectum

232 722 351 773 Veri;
394 722 449 763 de
482 722 559 763 illa
595 723 746 776 itaque
784 725 1021 777 sequentia
1053 725 1288 765 dicuntur:
1336 729 1476 777 “post
1507 725 1728 778 Jehovam

231 784 325 825 ire’'
351 784 574 838 significat
602 786 750 826 colere
783 787 1029 827 Dominum
1057 794 1103 828 et
1134 789 1283 828 vivere
1316 788 1373 828 ab
1405 788 1536 841 Ipso;
1576 789 1728 829 “sicut

232 847 304 888 leo
337 849 484 901 rugiet
521 850 623 902 quia
659 849 734 890 ille
767 850 946 902 rugiet'’
978 850 1202 903 significat
1240 852 1514 892 tutationem
1551 851 1727 892 illorum

232 924 311 963 per
340 911 552 952 Divinum
581 911 777 962 Verum;
813 918 950 954 “cum
977 914 1148 954 honore
1175 914 1397 955 accedent
1425 914 1499 955 filii
1530 928 1556 955 a
1587 914 1729 955 mari”

232 973 456 1027 significat
475 974 594 1028 quod
617 975 674 1015 ad
697 975 937 1016 ecclesiam
955 977 1176 1017 accessuri
1199 978 1272 1030 qui
1294 978 1338 1017 in
1362 977 1555 1018 naturali
1576 977 1697 1018 bono
1717 990 1726 1017 :

233 1041 373 1078 “cum
399 1038 570 1078 honore
596 1038 843 1079 advenient
870 1040 986 1080 sicut
1019 1040 1111 1080 avis
1144 1040 1201 1079 ab
1226 1039 1478 1092 Aegypto”
1504 1039 1728 1093 significat

232 1102 562 1154 cogitationem
582 1115 735 1142 eorum
755 1102 1007 1143 naturalem
1030 1116 1089 1143 ex
1113 1101 1369 1143 scientificis
1388 1103 1503 1142 veris
1522 1116 1531 1153 ;
1565 1100 1729 1143 “avis‘'

231 1171 302 1205 est
340 1165 574 1218 cogitatio,
614 1172 659 1205 et
700 1165 1015 1219 “Aegyptus‘'
1053 1172 1122 1206 est
1165 1164 1459 1213 scientificum
1497 1165 1616 1218 quod
1658 1171 1729 1206 est

231 1228 436 1268 naturale
463 1240 640 1268 verum:
681 1231 766 1269 “et
793 1230 907 1269 sicut
933 1229 1143 1269 columba
1168 1242 1191 1269 e
1218 1235 1339 1269 terra
1364 1228 1580 1281 Assyriae
1592 1228 1611 1244 '’
1637 1229 1728 1281 sig-

232 1290 384 1332 nificat
417 1291 537 1344 quod
574 1291 659 1332 illis
692 1291 912 1332 rationale
949 1293 1115 1332 bonum
1148 1298 1194 1332 et
1226 1305 1407 1342 verum;
1453 1291 1729 1332 “columba”

231 1362 301 1396 est
319 1355 539 1396 rationale
558 1355 740 1403 bonum,
761 1362 806 1395 et
827 1359 851 1375 ‘⁴
865 1362 984 1395 terra
1007 1355 1223 1407 Assyriae
1239 1354 1258 1369 '’
1275 1361 1345 1395 est
1368 1354 1559 1395 ecclesia
1581 1355 1729 1409 quoad

230 1418 451 1459 rationale
477 1432 657 1459 verum:
699 1418 788 1472 (est
815 1419 933 1459 enim
960 1419 1078 1471 apud
1110 1418 1338 1459 hominem
1366 1418 1568 1459 naturale
1601 1425 1650 1459 ut
1681 1426 1728 1459 et

231 1481 451 1522 rationale
483 1482 650 1522 bonum
683 1489 728 1522 et
761 1495 941 1532 verum;
985 1481 1188 1522 naturale
1220 1488 1289 1521 est
1327 1481 1504 1522 inferius
1535 1495 1612 1522 seu
1644 1495 1727 1522 ex-

230 1547 367 1586 terius
394 1543 604 1598 spectans
627 1545 857 1594 mundum,
881 1545 1100 1585 rationale
1128 1552 1197 1585 est
1220 1546 1421 1598 superius
1443 1559 1522 1585 seu
1543 1546 1728 1586 interius

231 1607 510 1661 conjungens
533 1608 738 1649 naturale
767 1621 867 1648 cum
894 1608 1139 1660 spirituali;
1173 1607 1379 1649 naturale
1401 1614 1471 1649 est
1496 1608 1727 1661 “Aegyp-

230 1671 342 1720 tus,”
374 1671 594 1713 rationale
627 1678 697 1712 est
731 1671 988 1720 “Aschur,''
1020 1678 1066 1712 et
1103 1671 1332 1724 spirituale
1369 1678 1439 1712 est
1474 1670 1725 1725 “Israel:”)

233 1740 258 1755 “
271 1742 317 1776 et
334 1735 538 1776 habitare
554 1736 712 1776 faciam
732 1749 809 1776 eos
833 1749 964 1788 super
982 1735 1189 1776 domibus
1207 1736 1295 1775 suis
1308 1735 1327 1750 '¹
1345 1734 1569 1788 significat
1587 1736 1726 1775 vitam

231 1813 290 1839 ex
313 1798 551 1839 voluntate
573 1800 678 1839 boni
702 1806 747 1839 et
771 1813 830 1839 ex
853 1797 1088 1851 intellectu
1106 1799 1196 1839 veri
1216 1812 1224 1848 ;
1257 1811 1383 1838 mens
1401 1798 1596 1838 humana
1615 1811 1726 1851 quae

231 1876 291 1902 ex
323 1861 409 1902 illis
436 1863 659 1909 consistit,
687 1861 957 1915 intelligitur
983 1875 1062 1914 per
1090 1861 1351 1910 “domum,'’
1377 1868 1423 1902 et
1454 1862 1603 1902 vivere
1635 1862 1726 1915 sig-

232 1924 436 1966 nificatur
458 1939 536 1979 per
565 1925 845 1966 “habitare”
905 1924 1044 1978 Apud
1071 1924 1226 1973 Amos,

297 2015 408 2047 “Non
429 2015 535 2046 faciet
556 2015 733 2046 Dominus
753 2015 906 2057 Jehovih
930 2016 1088 2053 verbum,
1110 2015 1178 2046 nisi
1199 2015 1411 2046 revelaverit
1431 2025 1600 2046 arcanum
1622 2002 1726 2047 suu'm

406 2060 518 2090 servis
536 2060 610 2091 suis
628 2060 812 2099 prophetis
828 2069 834 2095 ;
860 2059 916 2090 leo
934 2059 1050 2099 rugiit.
1066 2059 1143 2100 quis
1161 2069 1233 2090 non
1255 2059 1403 2091 timeat?
1428 2059 1604 2090 Dominus
1621 2059 1727 2101 Jeho-

405 2103 466 2134 vih
484 2103 622 2134 locutus
640 2110 704 2141 est,
723 2103 801 2144 quis
820 2113 892 2134 non
911 2104 1099 2143 prophetet
1109 2102 1142 2134 ?‘’
1168 2102 1228 2143 (iii.
1248 2111 1276 2141 7,
1296 2104 1314 2134 8
1328 2103 1350 2142 :)

233 2183 361 2234 “non
399 2177 569 2220 [¹1faciet
612 2180 834 2220 Dominus
871 2179 1062 2232 Jehovih
1099 2180 1299 2227 verbum,
1339 2180 1421 2220 nisi
1458 2179 1726 2220 revelaverit

230 2251 444 2283 arcanum
471 2256 598 2282 suum
631 2243 770 2283 servis
803 2243 891 2282 suis
924 2242 1195 2295 prophetis‚''
1222 2241 1445 2295 significat
1477 2242 1597 2295 quod
1630 2242 1725 2283 Do-

231 2307 375 2346 minus
402 2306 573 2358 aperiat
600 2306 814 2346 interiora
839 2305 979 2346 Verbi
1007 2312 1053 2346 et
1076 2303 1307 2346 doctrinae
1334 2304 1420 2345 illis
1447 2306 1519 2358 qui
1545 2306 1588 2345 in
1610 2306 1726 2345 veris

229 2383 289 2409 ex
305 2369 425 2409 bono
440 2375 543 2409 sunt
562 2383 569 2418 ;
603 2382 682 2421 per
698 2368 936 2408 “revelare
952 2381 1163 2408 arcanum
1176 2367 1195 2383 '’
1209 2367 1485 2420 significatur
1502 2367 1725 2408 illustrare

230 2438 277 2472 et
310 2432 479 2484 aperire
513 2432 726 2472 interiora
758 2431 913 2479 Verbi,
947 2444 1025 2484 per
1058 2434 1248 2471 “servos
1280 2430 1526 2483 prophetas
1541 2430 1560 2445 '’
1586 2431 1724 2483 signi-

229 2494 422 2535 ficantur
447 2495 519 2547 qui
552 2495 595 2534 in
621 2495 737 2535 veris
764 2492 995 2534 doctrinae
1020 2500 1123 2534 sunt
1150 2500 1196 2534 et
1223 2494 1469 2546 recipiunt:
1511 2493 1621 2534 “leo
1652 2508 1724 2534 ru-

229 2558 327 2610 giit,
361 2558 457 2610 quis
495 2570 585 2597 non
618 2558 778 2597 timeat
794 2556 832 2597 ?'‘
873 2556 1096 2609 significat
1128 2562 1367 2609 potentem
1399 2555 1724 2596 revelationem

230 2628 276 2662 et
303 2621 715 2661 manifestationem
745 2620 896 2660 Divini
923 2619 1057 2670 Veri;
1092 2620 1352 2660 “Dominus
1377 2619 1571 2671 Jehovih
1598 2618 1723 2660 locu-

229 2691 303 2725 tus
334 2690 418 2731 est,
448 2684 544 2736 quis
577 2697 666 2723 non
699 2683 942 2736 prophetet
959 2683 996 2723 ?'’
1033 2682 1257 2735 significat
1289 2682 1598 2734 receptionem
1630 2681 1723 2734 ejus

229 2754 276 2788 et
295 2746 720 2787 manifestationem.
783 2746 1004 2802 Dominus
1022 2752 1210 2786 vocatur
1224 2748 1248 2765 “
1263 2745 1482 2785 Dominus
1499 2744 1689 2797 Jehovih
1704 2744 1724 2760 ”

229 2809 410 2864 quando
433 2810 581 2862 agitur
607 2809 662 2849 de
689 2809 823 2850 bono.
884 2808 1023 2861 Apud
1052 2807 1332 2856 Saclzarz‘am,

295 2899 314 2913 “
325 2899 404 2931 Vox
421 2898 574 2938 ejulatus
592 2905 786 2938 pastorum,
801 2898 896 2939 quod
910 2904 1050 2930 vastata
1067 2898 1112 2929 sit
1129 2897 1394 2937 magnificentia
1410 2907 1532 2929 eorum
1547 2907 1553 2933 ;
1579 2907 1650 2928 vox
1666 2907 1721 2927 ru-

402 2943 497 2983 gitus
518 2943 661 2974 leonum
682 2939 897 2984 [juvenum],
917 2943 1010 2984 quod
1028 2948 1169 2974 vastata
1189 2942 1234 2974 sit
1253 2942 1360 2973 elatio
1377 2940 1573 2983 Jordanis'’
1591 2941 1649 2982 (xi,
1667 2941 1719 2981 3):
