1962 3334
338 300 355 331 1
365 290 445 344 596
908 297 1249 331 APOCALYPsls.

777 740 1154 803 CAPUT
1241 739 1386 801 XI.

329 1019 543 1202 ET
568 1019 711 1067 datus
731 1030 807 1067 est
831 1019 948 1067 mihi
969 1019 1181 1067 calamus
1201 1018 1365 1066 similis
1390 1017 1578 1072 baculo,
1599 1028 1649 1066 et
1671 1035 1820 1082 ange-

531 1096 606 1144 lus
645 1096 830 1144 adstitit
867 1096 1048 1150 dicens,
1091 1097 1250 1159 Surge
1289 1106 1338 1143 et
1375 1095 1547 1142 metire
1585 1093 1823 1158 templum

535 1173 632 1221 Dei
658 1183 707 1220 et
731 1171 897 1227 altare,
924 1182 974 1219 et
998 1171 1261 1219 adorantes
1287 1172 1334 1219 in
1361 1189 1436 1219 eo.

400 1269 441 1299 2.
492 1250 555 1297 Et
590 1249 779 1303 atrium,
810 1248 944 1312 quod
981 1258 1123 1295 extra
1157 1247 1410 1311 templum,
1445 1248 1566 1312 ejice
1606 1247 1752 1301 foras,
1773 1258 1823 1294 et

329 1346 391 1376 ne
433 1326 548 1376 illud
590 1325 818 1379 metiaris,
856 1325 971 1388 quia
1012 1324 1179 1372 datum
1219 1335 1294 1372 est
1334 1325 1578 1388 gentibus,
1616 1334 1666 1372 et
1705 1324 1819 1371 civi-

326 1415 480 1453 tatem
528 1401 750 1451 sanotam
798 1401 1149 1450 conculcabunt
1196 1402 1448 1449 mensibus
1498 1401 1823 1465 quadraginta

326 1481 535 1528 duobus,

396 1574 438 1619 3.
487 1558 550 1605 Et
585 1557 712 1604 dabo
748 1556 940 1603 duobus
972 1555 1177 1603 testibus
1210 1556 1345 1609 meis,
1380 1565 1430 1603 et
1460 1554 1822 1618 prophetabunt

327 1635 501 1683 diebus
526 1633 655 1681 mille
681 1633 903 1680 ducentis
927 1633 1197 1696 sexaginta,
1223 1632 1556 1680 circuminduti
1581 1631 1744 1679 saccis.

394 1727 438 1771 4.
490 1711 559 1758 Hi
598 1720 711 1757 sunt
749 1710 874 1757 duae
915 1709 1088 1763 olivae,
1129 1720 1178 1756 et
1217 1709 1315 1756 duo
1354 1707 1655 1761 candelabra,
1695 1724 1820 1770 quae

326 1805 487 1836 coram
515 1788 628 1834 Deo
653 1797 812 1834 terrae
838 1786 1030 1834 stantia.

396 1865 438 1912 5.
488 1864 551 1911 Et
582 1864 621 1910 si
657 1863 764 1926 quis
798 1862 886 1910 illis
920 1862 1127 1910 voluerit
1161 1880 1351 1915 nocere,
1386 1862 1510 1926 ignis
1544 1862 1823 1925 egredietur

326 1958 390 1987 ex
409 1957 494 1988 ore
515 1939 718 1993 illorum,
740 1949 790 1986 et
808 1939 1064 1986 devorabit
1084 1939 1302 1986 inimicos
1322 1937 1510 1985 illorum
1529 1955 1538 1992 ;
1576 1948 1626 1985 et
1649 1937 1688 1984 si
1713 1937 1821 2000 quis

326 2016 413 2064 illis
438 2016 644 2064 voluerit
669 2033 859 2070 nocere,
887 2016 951 2063 ita
975 2026 1169 2078 oportet
1194 2014 1323 2062 illum
1351 2014 1516 2062 occidi.

394 2097 437 2141 6.
489 2093 557 2140 Hi
594 2093 779 2140 habent
810 2103 1107 2155 potestatem
1141 2091 1363 2139 claudere
1397 2090 1600 2144 caelum,
1634 2101 1687 2138 ut
1722 2108 1819 2138 non

325 2170 459 2233 pluat
488 2169 652 2233 pluvia
682 2170 729 2216 in
759 2169 932 2216 diebus
963 2168 1151 2216 illorum
1176 2167 1489 2231 prophetiae;
1532 2177 1581 2214 et
1604 2177 1817 2230 potesta-

324 2257 424 2294 tem
449 2246 634 2293 habent
657 2263 804 2309 super
829 2263 981 2308 aquas
1000 2255 1288 2292 convertere
1314 2243 1416 2291 illas
1442 2244 1488 2290 in
1515 2243 1818 2307 sanguinem,

324 2333 374 2370 et
402 2332 657 2385 percutere
683 2332 859 2369 terram
889 2322 1022 2369 omni
1051 2320 1210 2385 plaga,
1237 2320 1625 2383 quotiescunque
1650 2318 1815 2367 volue-

324 2399 430 2446 rint.

393 2487 435 2533 7.
485 2475 548 2521 Et
573 2492 681 2522 cum
702 2473 1002 2522 absolverint
1020 2473 1351 2538 testimonium
1377 2489 1535 2526 suum,
1555 2472 1715 2519 bestia
1739 2488 1815 2519 as-

324 2550 539 2598 cendens
560 2568 622 2598 ex
641 2551 820 2614 abysso
840 2551 981 2598 faciet
998 2549 1178 2598 bellum
1199 2566 1305 2597 cum
1331 2548 1431 2603 illis,
1453 2559 1502 2596 et
1521 2549 1682 2596 vincet
1701 2547 1816 2602 illos,

324 2638 373 2675 et
397 2627 584 2675 occidet
609 2627 727 2675 illos.

392 2706 435 2751 8.
485 2703 548 2750 Et
583 2721 787 2766 corpora
822 2703 1010 2751 illorum
1047 2720 1194 2766 super
1229 2701 1387 2765 platea
1423 2702 1554 2749 urbis
1591 2719 1814 2765 magnae,

323 2797 448 2843 quae
474 2790 673 2827 vocatur
697 2779 1000 2842 spiritualiter
1028 2779 1245 2826 Sodoma
1274 2789 1324 2826 et
1354 2779 1628 2842 Aegyptus,
1655 2778 1736 2825 ubi
1766 2788 1816 2825 et

325 2857 568 2904 Dominus
595 2867 759 2903 noster
782 2856 1035 2903 crucifixus
1061 2866 1147 2903 est.

391 2949 434 2991 9.
485 2933 547 2979 Et
576 2933 811 2980 videbunt
842 2950 903 2980 ex
933 2932 1121 2996 populis
1152 2942 1200 2980 et
1228 2933 1446 2979 tribubus
1477 2942 1527 2979 et
1555 2931 1730 2996 linguis
1764 2941 1814 2979 et
