1962 3334
269 287 375 343 1348
679 300 1010 334 APOCALYPSIS
1043 302 1343 334 EXPLICATA.

329 413 348 426 “
360 411 466 453 Impii
484 414 662 453 peribunt,
675 420 710 446 et
726 415 850 446 hostes
868 415 1028 457 Jehovae
1047 415 1138 447 sicut
1155 415 1271 455 gloria
1288 426 1464 456 agnorum
1483 422 1754 455 consumentur,

437 457 473 488 in
490 457 591 489 fumo
609 458 897 490 consumentur’'
914 459 986 498 (Ps.
1004 459 1136 490 xxxvii.
1155 459 1228 499 20):

262 542 383 595 quod
410 542 531 596 impii
558 549 603 584 et
631 543 788 584 hostes
813 544 1014 597 Jehovae
1041 548 1400 585 “consumentur
1425 544 1585 594 fumo,”
1611 545 1752 598 signi-

261 604 366 646 ficat
394 607 513 659 quod
541 608 723 659 perituri
749 621 827 660 per
852 607 963 648 falsa
989 607 1121 658 mali;
1158 609 1318 661 “impii
1333 608 1351 623 ’'
1375 609 1583 651 dicuntur
1608 609 1682 662 qui
1707 609 1751 649 in

260 667 395 716 falsis,
428 669 651 709 “hostes‘'
677 671 750 723 qui
782 671 826 710 in
858 670 1002 720 malis,
1028 677 1075 711 et
1104 669 1317 711 “fumus”
1343 677 1413 712 est
1445 671 1603 711 falsum
1631 670 1750 711 mali.

260 729 400 783 Apud
418 732 635 781 eundem,

328 820 563 852 “Secundum
590 821 774 862 impellere
794 822 943 861 fumum,
965 822 1150 863 impelles:
1181 823 1273 855 sicut
1297 823 1470 864 liquefieri
1491 833 1609 854 ceram
1629 833 1750 855 coram

435 865 528 904 igne,
548 865 716 905 peribunt
733 866 833 906 impii
852 876 972 897 coram
993 866 1099 898 Deo''
1117 867 1188 906 (Ps.
1206 867 1317 898 lxviii.
1335 875 1354 906 3
1374 865 1432 908 [B.
1452 868 1497 899 A.
1515 865 1585 909 2]):

259 949 468 990 interitus
495 951 732 1003 impiorum
755 958 1045 1004 comparatur
1076 952 1197 993 fumo
1229 954 1302 1006 qui
1334 953 1391 993 ab
1422 967 1524 993 aere
1555 952 1750 1005 impelli·
1797 946 1804 953 ⁶

259 1018 345 1060 tur,
370 1025 420 1052 ac
449 1025 578 1053 cerae
605 1027 718 1066 quae
742 1027 893 1054 coram
916 1015 1020 1067 igne
1048 1014 1270 1068 liquescit,
1295 1017 1398 1069 quia
1423 1015 1634 1056 “fumus''
1657 1015 1750 1068 sig-

259 1074 410 1115 nificat
438 1075 562 1124 salsa,
592 1083 637 1116 et
668 1077 824 1129 “ignis
837 1077 855 1092 '’
883 1077 1015 1118 mala.
1078 1077 1218 1131 Apud
1244 1078 1447 1126 Esaiam,

325 1169 454 1201 “Caeli
473 1171 565 1203 sicut
585 1172 706 1204 fumus
727 1179 956 1210 evanescent.
975 1179 1010 1205 et
1030 1179 1125 1205 terra
1145 1174 1237 1205 sicut
1254 1174 1367 1206 vestis
1384 1173 1613 1206 veterascet”
1629 1174 1677 1215 (li.
1696 1173 1749 1215 6):

258 1269 337 1308 per
371 1256 608 1297 “sumum’'
641 1259 779 1299 etiam
819 1258 889 1299 hic
923 1259 1202 1312 significatur
1237 1259 1412 1308 falsum,
1446 1274 1533 1313 quo
1565 1260 1749 1313 perituri

257 1326 362 1360 sunt
395 1321 467 1373 qui
499 1321 542 1360 in
570 1322 703 1374 priori
735 1321 890 1372 caelo;
929 1328 974 1362 et
1007 1336 1085 1375 per
1113 1325 1515 1363 “veterascentem
1540 1328 1716 1363 vestem
1730 1322 1749 1338 ’'

257 1382 535 1436 significatur
561 1397 715 1424 verum
742 1384 1027 1437 deperditum
1055 1399 1133 1438 per
1158 1385 1270 1425 falsa
1297 1385 1427 1425 mali:
1467 1386 1748 1438 comparatio

256 1445 306 1486 fit
333 1459 434 1486 cum
461 1446 581 1487 sumo
608 1453 912 1488 evanescente
939 1454 984 1488 et
1009 1461 1109 1488 cum
1136 1455 1264 1488 veste
1291 1454 1621 1496 veterascente,
1646 1448 1749 1501 quia

256 1511 621 1562 comparationes
653 1511 697 1549 in
730 1509 885 1550 Verbo
917 1511 1054 1550 etiam
1093 1517 1196 1551 sunt
1230 1511 1672 1563 correspondentiae,
1701 1516 1748 1551 et

255 1586 397 1625 aeque
423 1572 695 1625 significant.
757 1572 895 1626 Apud
920 1573 1181 1622 Hosclceam,

321 1660 500 1692 “Addunt
517 1671 674 1701 peccare,
694 1667 729 1693 et
748 1661 886 1693 faciunt
905 1662 974 1693 sibi
995 1661 1102 1693 fusile
1123 1672 1166 1694 ex
1183 1668 1334 1702 argento
1352 1672 1429 1700 suo,
1448 1662 1485 1693 in
1505 1662 1748 1702 intelligentia

429 1715 496 1736 sua
521 1705 627 1743 idola,
649 1715 739 1745 opus
760 1705 936 1737 artificum
958 1712 1072 1737 totum
1087 1715 1110 1742 ;.
1126 1731 1132 1737 .
1147 1731 1154 1738 .
1169 1712 1376 1746 ,propterea
1395 1711 1500 1737 erunt
1520 1706 1612 1737 sicut
1632 1706 1747 1737 nubes

429 1754 600 1786 matutae,
619 1755 654 1780 et
675 1750 766 1780 sicut
786 1759 846 1780 ros
867 1759 974 1780 mane
994 1749 1139 1787 cadens,
1157 1750 1312 1787 abiens„
1328 1774 1334 1781 .
1349 1774 1356 1780 .
1371 1759 1408 1781 .a
1428 1749 1570 1780 turbine
1591 1749 1748 1789 abigitur

429 1802 473 1823 ex
490 1802 584 1831 area,
603 1798 638 1824 et
658 1793 751 1824 sicut
768 1793 888 1824 fumus
906 1803 950 1824 ex
967 1792 1122 1824 fumario
1136 1792 1154 1804 ”
1172 1793 1258 1832 (xiii.
1278 1802 1306 1831 2,
1325 1793 1376 1832 3):

254 1881 318 1922 ita
345 1881 658 1921 describuntur
684 1879 952 1922 doctrinalia
984 1895 1098 1934 quae
1129 1895 1188 1921 ex
1221 1881 1399 1934 propria
1425 1880 1744 1934 intelligentia,

253 1945 297 1984 in
324 1944 482 1997 quibus
509 1944 628 1984 mala
660 1944 758 1984 falsi
790 1951 836 1985 et
868 1944 980 1984 salsa
1006 1944 1138 1994 mali3
1178 1945 1288 1985 talia
1314 1942 1580 1985 doctrinalia
1606 1944 1746 1997 signi-

253 2007 445 2048 ficantur
472 2021 549 2061 per
574 2007 756 2048 “fusilia
782 2022 841 2048 ex
868 2007 1092 2060 argento''
1115 2013 1161 2047 et
1189 2021 1267 2060 per
1296 2007 1458 2047 “idola
1476 2007 1510 2057 ;'’
1544 2010 1745 2059 “argen-

253 2078 350 2110 tum
383 2070 592 2111 illorum”
624 2070 849 2123 significat
885 2070 929 2110 id
967 2070 1087 2123 quod
1124 2084 1182 2110 ex
1215 2071 1393 2123 propria
1424 2069 1742 2122 intelligentia,

253 2146 304 2173 ac
335 2137 484 2186 “opus
517 2133 768 2174 artificum”
800 2132 1025 2186 significat
1056 2132 1207 2183 illam;
1245 2147 1381 2185 quare
1413 2133 1551 2172 etiam
1583 2132 1745 2173 dicitur

255 2197 347 2237 “In
385 2194 699 2249 intelligentia
728 2210 807 2236 sua
843 2196 1047 2237 fecerunt
1083 2196 1165 2236 sibi
1206 2195 1341 2244 idola,
1376 2209 1486 2248 opus
1522 2195 1744 2236 artificum

253 2266 402 2301 totum
421 2260 454 2300 ;”
495 2260 615 2313 quod
647 2259 723 2299 illa
755 2259 1039 2308 doctrinalia,
1072 2259 1175 2312 quia
1206 2258 1332 2307 falsa,
1362 2259 1606 2298 transitura
1637 2259 1742 2306 sint,

252 2322 532 2376 significatur
563 2336 642 2376 per
673 2322 794 2375 quod
828 2322 1054 2362 “abibunt
1087 2323 1202 2362 sicut
1238 2321 1382 2362 fumus
1413 2335 1472 2361 ex
1503 2321 1690 2362 fumario
1710 2321 1744 2372 ;”

252 2387 372 2440 quod
399 2387 537 2427 etiam
563 2386 716 2426 “sicut
744 2385 886 2426 nubes
913 2391 1132 2433 matutae,
1161 2385 1275 2426 sicut
1302 2399 1374 2425 ros
1401 2398 1533 2425 mane
1559 2385 1741 2434 cadens,

251 2456 298 2490 et
321 2450 437 2489 sicut
460 2463 519 2489 ex
538 2448 682 2497 area‚”
700 2455 769 2489 est
793 2449 895 2502 quia
914 2447 1106 2488 ecclesia
1129 2448 1172 2488 in
1195 2461 1275 2488 suo
1298 2449 1512 2501 principio
1535 2454 1605 2488 est
1628 2446 1743 2489 sicu't

251 2512 392 2552 nubes
416 2518 634 2559 matutae,
660 2511 775 2551 sicut
801 2525 873 2551 ros
898 2524 1029 2551 mane
1053 2511 1234 2559 cadens,
1258 2517 1304 2551 et
1332 2511 1446 2551 sicut
1470 2510 1742 2552 frumentum

250 2576 293 2615 in
331 2588 449 2622 area,
484 2588 561 2627 per
597 2588 711 2627 quae
749 2573 1061 2626 significantur
1096 2587 1202 2614 vera
1242 2573 1347 2613 boni
1385 2579 1430 2614 et
1468 2574 1587 2614 bona
1622 2574 1740 2624 veri;

250 2651 364 2691 quae
388 2644 542 2678 tamen
566 2637 819 2677 successive
843 2642 1080 2677 transeunt
1104 2642 1150 2677 et
1173 2642 1411 2677 vertuntur
1435 2637 1479 2676 in
1502 2636 1614 2676 falsa
1635 2636 1742 2677 mali

250 2706 296 2739 et
328 2700 372 2739 in
405 2699 525 2739 mala
555 2698 667 2739 falsi.
731 2699 813 2739 Per
842 2699 1078 2740 “fumum’'
1104 2699 1242 2739 etiam
1276 2698 1554 2752 significatur
1579 2698 1740 2740 falsum

249 2762 355 2803 alibi
380 2763 424 2803 in
450 2761 490 2802 A
493 2762 753 2815 pocalypsz}
785 2768 848 2811 ut,

315 2851 398 2882 “Ex
419 2850 507 2882 ore”
528 2861 702 2892 equorum
724 2851 865 2883 “exivit
885 2851 980 2891 ignis
1001 2858 1036 2883 et
1056 2851 1176 2883 fumus
1196 2858 1231 2882 et
1252 2851 1409 2891 sulphur,
1430 2857 1466 2883 et
1485 2861 1529 2883 ex
1551 2851 1608 2883 his
1629 2851 1740 2883 occisi

423 2900 507 2926 sunt
527 2895 633 2927 tertia
653 2905 734 2935 pars
754 2895 955 2934 hominurn,
976 2896 1021 2926 ab
1043 2896 1126 2936 igne
1152 2901 1187 2927 et
1206 2905 1228 2926 a
1247 2895 1346 2926 fumo
1367 2901 1402 2927 et
1421 2905 1443 2926 a
1461 2894 1659 2935 sulphure”
1679 2895 1739 2935 (ix.

425 2946 474 2977 17,
491 2939 565 2979 18);
