1962 3334
334 261 440 304 1794
743 261 1076 295 APOCALYPSIS
1108 264 1408 296 EXPLICATA.

328 374 496 414 bonum
524 375 703 424 amoris,
732 388 783 415 ac
814 375 1130 428 “prudentes’'
1157 377 1229 430 qui
1256 376 1454 428 habent;
1493 391 1610 427 nam,
1639 385 1687 419 ut
1720 378 1814 419 dic-

329 443 425 476 tum
459 443 543 485 est,
576 437 847 491 “lampades
861 439 879 453 ”
902 438 960 479 ibi
993 445 1097 479 sunt
1129 454 1235 480 vera
1267 439 1383 487 fidei,
1419 447 1465 481 et
1499 441 1718 481 “oleum''
1744 448 1814 482 est

328 499 496 540 bonum
528 502 705 540 amoris.
770 500 902 553 Quod
938 502 1204 554 “virgines'‘
1236 500 1527 555 [¹¹significent
1560 503 1813 552 ecclesiam,

326 569 396 603 est
423 564 525 616 quia
550 564 715 616 “virgo
731 563 750 578 ’'
773 570 819 604 et
845 563 1002 604 “filia'’
1030 566 1072 605 in
1096 565 1252 605 Verbo
1280 565 1504 618 significat
1532 565 1815 607 affectionem

325 626 431 666 boni
455 633 500 667 et
523 627 629 675 veri,
650 633 696 667 et
719 627 911 667 ecclesia
929 642 988 668 ex
1011 627 1088 668 illa
1109 626 1346 668 affectione
1365 635 1434 669 est
1458 629 1649 670 ecclesia
1669 644 1678 679 ;
1711 631 1815 671 inde

326 695 395 729 est
422 689 542 742 quod
570 689 770 742 plurimis
802 690 845 729 in
878 689 988 730 locis
1014 690 1191 731 dicatur
1220 690 1419 743 “virgo’'
1446 697 1492 731 et
1522 690 1647 731 “filia
1674 690 1814 732 [²]Zi0-

326 751 433 800 nis,”
459 752 623 804 “virgo
637 752 655 766 ”
678 758 756 793 aut
786 752 912 793 “filia
941 753 1332 806 Hierosolymae‚”
1357 754 1555 806 “virgo”
1581 761 1658 794 aut
1689 754 1816 795 “filia

327 814 537 855 Israelis'’
579 821 624 855 et
670 814 961 868 “Jehudae;''
1012 822 1057 856 et
1101 830 1179 869 per
1220 816 1320 856 illas
1363 816 1506 856 ubivis
1546 817 1816 870 intelligitur

325 877 531 918 ecclesia.
595 877 710 931 Quia
752 892 830 932 per
864 878 1091 919 “decem'’
1123 879 1435 932 significantur
1472 892 1644 929 omnes,
1679 887 1726 921 ut
1764 886 1811 921 et

325 940 470 989 multi,
497 941 599 981 ideo

399 1045 576 1078 Dominus
589 1046 632 1077 de
649 1047 793 1078 homine
807 1047 916 1078 nobili
935 1045 1095 1087 profecto
1114 1047 1147 1078 in
1163 1047 1346 1087 regionem
1361 1047 1596 1088 longinquam
1606 1045 1704 1086 dixit,v
1719 1049 1813 1089 quod

500 1091 680 1121 vocaverit
697 1091 817 1121 decem
837 1100 959 1121 servos
978 1100 1072 1128 suos,
1091 1097 1125 1122 et
1142 1091 1277 1122 dederit
1294 1091 1362 1122 illis
1379 1091 1501 1122 decem
1519 1091 1634 1122 minas
1651 1098 1689 1123 ut
1706 1102 1814 1131 nego-

499 1134 691 1171 tiarentur;
717 1141 751 1165 et
772 1141 960 1174 postquam
982 1134 1155 1173 negotiati
1176 1141 1268 1171 sunt,
1290 1144 1381 1165 unus
1402 1135 1490 1166 dixit
1510 1135 1602 1175 quod
1623 1135 1720 1166 mina
1739 1135 1815 1175 ejus

499 1178 634 1208 lucrata
650 1178 695 1208 sit
712 1178 833 1208 decem
853 1178 977 1215 minas,
993 1178 1047 1208 cui
1065 1178 1161 1215 dixit,
1179 1177 1395 1209 Potestatem
1410 1178 1556 1209 habebis
1574 1188 1680 1218 super
1693 1179 1814 1210 decem

498 1222 624 1257 urbes:
650 1227 685 1252 et
704 1221 880 1252 secundus
901 1222 998 1258 dixit,
1019 1221 1120 1252 Mina
1139 1228 1201 1252 tua
1220 1221 1303 1252 fecit
1323 1222 1477 1262 quinque
1497 1222 1623 1259 minas,
1641 1222 1696 1253 cui
1715 1222 1815 1260 dixit,

499 1265 553 1295 Tu
577 1271 654 1295 esto
679 1275 784 1304 super
804 1265 957 1305 quinque
981 1265 1110 1301 urbes:
1141 1271 1175 1295 et
1199 1265 1242 1296 de
1267 1266 1382 1303 tertio,
1404 1265 1462 1305 qui
1486 1265 1605 1305 posuit
1625 1266 1758 1296 minam
1779 1265 1815 1296 in

498 1308 651 1345 sudario,
670 1314 704 1339 et
722 1318 794 1339 non
815 1309 1016 1347 negotiatus
1035 1315 1097 1346 est,
1116 1309 1213 1346 dixit,
1232 1308 1362 1339 Tollite
1379 1309 1423 1339 ab
1441 1309 1501 1339 illo
1518 1308 1663 1346 minam,
1681 1315 1716 1340 et
1732 1309 1812 1340 date

497 1352 529 1383 ei
547 1352 604 1392 qui
622 1352 743 1383 decem
761 1351 876 1382 minas
893 1352 1000 1383 habet
1016 1351 1111 1392 (Luc.
1130 1352 1199 1383 xix.
1221 1360 1335 1391 12—14,
1357 1352 1470 1389 16-20,
1491 1351 1563 1391 24):

325 1456 444 1510 quod
471 1457 641 1496 numeri
667 1455 895 1496 “decem”
922 1462 968 1497 et
998 1457 1230 1510 “quinque
1245 1455 1264 1471 ”
1291 1457 1430 1497 etiam
1463 1456 1533 1497 hic
1562 1455 1810 1497 adhibean-

327 1526 412 1567 tur,
441 1525 510 1560 est
544 1532 679 1559 causa
710 1519 812 1572 quia
841 1519 1068 1559 “decem’'
1096 1518 1351 1571 significant
1380 1532 1538 1560 omnes
1570 1525 1615 1559 et
1648 1519 1812 1567 omnia,

327 1595 378 1622 ac
402 1582 633 1635 “quinque
649 1581 667 1596 '‘
685 1581 858 1634 aliquos
881 1587 927 1621 et
952 1581 1144 1634 aliquid:
1180 1596 1258 1634 per
1279 1581 1477 1621 “decem
1501 1595 1653 1621 servos
1666 1581 1684 1596 ''
1702 1595 1814 1634 quos

326 1644 465 1685 homo
507 1644 668 1684 nobilis
710 1642 933 1697 profectus
974 1644 1017 1683 in
1059 1645 1292 1697 regionem
1334 1643 1627 1697 longinquam
1668 1644 1725 1683 ad
1766 1657 1813 1684 se

324 1708 520 1761 vocavit,
548 1707 863 1760 intelliguntur
894 1720 1051 1747 omnes
1084 1708 1157 1760 qui
1189 1708 1232 1747 in
1266 1707 1448 1755 mundo,
1482 1707 1525 1747 in
1559 1708 1707 1760 specie
1740 1707 1812 1760 qui

325 1771 383 1811 ab
423 1770 641 1820 ecclesia;
690 1783 794 1810 nam
842 1784 919 1823 per
963 1769 1232 1810 “hominem
1274 1769 1503 1810 nobilem’'
1542 1769 1814 1822 intelligitur

327 1833 561 1882 Dominus,
590 1840 635 1874 et
663 1847 741 1886 per
770 1830 1131 1886 “profectionem
1158 1833 1202 1872 in
1229 1833 1460 1885 regionem
1489 1831 1814 1885 longinquam”

325 1896 595 1948 intelligitur
619 1896 763 1949 Ipsius
790 1896 937 1936 abitus
964 1909 987 1935 e
1014 1896 1197 1944 mundo,
1223 1901 1269 1935 et
1297 1901 1403 1935 tunc
1431 1895 1556 1948 quasi
1578 1895 1810 1935 absentia:

326 1973 404 2012 per
429 1962 454 1979 ‘⁴
470 1950 831 1999 decem'minas''
854 1972 964 2011 quas
987 1958 1145 1998 decem
1172 1958 1310 1998 servis
1337 1958 1461 1998 dedit
1489 1958 1545 1997 ad
1572 1958 1811 2010 negotian-

326 2022 446 2070 dum,
464 2020 774 2074 significantur
792 2034 949 2061 omnes
969 2021 1255 2073 cognitiones
1270 2020 1361 2061 veri
1380 2026 1425 2060 et
1443 2020 1548 2060 boni
1567 2034 1625 2060 ex
1642 2020 1810 2068 Verbo,

324 2097 426 2125 cum
463 2083 680 2124 facultate
719 2083 993 2136 percipiendi
1031 2083 1158 2133 illas;
1204 2096 1307 2123 nam
1349 2082 1548 2130 “1nina,’‘
1581 2096 1693 2135 quae
1731 2082 1811 2123 fuit

324 2153 564 2199 argentum
592 2152 637 2186 et
670 2147 873 2199 pecunia,
903 2145 1127 2198 significat
1155 2146 1444 2198 cognitiones
1471 2145 1562 2185 veri
1595 2151 1640 2185 et
1672 2145 1810 2185 sacul-

325 2215 469 2250 tatem
493 2210 781 2262 percipiendi,
807 2215 852 2249 et
879 2209 1171 2261 “negotiari”
1194 2208 1417 2261 significat
1441 2221 1702 2260 comparare
1729 2209 1811 2248 sibi

324 2286 402 2325 per
427 2272 526 2312 illas
549 2272 901 2325 intelligentiam
928 2278 974 2312 et
1002 2272 1298 2324 sapientiam:
1333 2270 1397 2311 illi
1424 2271 1495 2324 qui
1522 2271 1603 2310 sibi
1626 2284 1810 2323 compa-

323 2341 426 2375 rant
445 2335 650 2383 multam,
671 2334 989 2387 intelliguntur
1012 2348 1090 2387 per
1110 2338 1324 2374 “servum
1348 2334 1421 2386 qui
1443 2347 1501 2373 ex
1525 2333 1644 2372 mina
1667 2332 1810 2372 lucra-

324 2404 397 2438 tus
425 2404 494 2438 est
521 2398 678 2438 decem
707 2398 850 2437 minas
868 2397 901 2447 ;’'
938 2403 983 2438 et
1010 2396 1073 2436 illi
1099 2397 1171 2449 qui
1199 2396 1279 2435 sibi
1306 2401 1572 2449 comparant
1599 2395 1807 2448 aliquam,

324 2460 641 2513 intelliguntur
667 2474 745 2513 per
770 2460 895 2500 illum
921 2460 1035 2512 “qui
1061 2473 1120 2499 ex
1148 2459 1268 2499 mina
1295 2458 1491 2498 lucratus
1518 2464 1587 2498 est
1614 2458 1809 2510 quinque

324 2524 468 2564 minas
485 2523 519 2563 :”
551 2537 629 2576 per
649 2527 672 2543 “
687 2523 847 2563 urbes’'
869 2523 941 2570 ibi,
963 2536 1076 2575 quae
1099 2522 1234 2561 datae
1257 2521 1357 2569 illis,
1375 2520 1683 2574 significantur
1705 2534 1810 2560 vera

324 2584 569 2633 doctrinae,
595 2592 640 2626 et
664 2600 742 2638 per
767 2585 1034 2638 “possidere
1056 2583 1156 2624 illas
1169 2583 1187 2599 ’'
1206 2583 1483 2636 significatur
1506 2582 1810 2634 intelligentia

323 2655 369 2689 et
397 2649 632 2701 sapientia,
659 2655 704 2689 et
731 2649 836 2688 inde
863 2649 956 2688 vita
979 2653 1024 2687 et
1051 2647 1266 2687 felicitas:
1301 2646 1404 2686 inde
1431 2651 1559 2698 patet
1586 2645 1690 2698 quid
1717 2645 1808 2696 sig-

323 2711 528 2752 nificatur
550 2725 627 2764 per
652 2712 850 2751 “decem
875 2710 1005 2750 urbes
1021 2710 1039 2725 ’'
1062 2716 1108 2750 et
1135 2723 1213 2762 per
1239 2709 1470 2762 “quinque
1496 2708 1626 2748 urbes
1644 2707 1676 2747 :”
1709 2707 1810 2760 quia

322 2774 385 2814 illi
408 2774 480 2827 qui
504 2773 612 2813 nihil
638 2774 971 2826 intelligentiae
999 2773 1081 2812 sibi
1104 2777 1386 2824 comparant,
1412 2777 1515 2811 sunt
1539 2771 1652 2810 sicut
1678 2773 1702 2789 “
1719 2770 1806 2809 vir-

322 2836 452 2888 gines
483 2834 693 2883 stultae,'’
721 2846 774 2882 (de
790 2846 906 2882 quibus
922 2854 996 2873 mox
1009 2844 1129 2881 supra)
1155 2833 1229 2885 qui
1260 2832 1407 2872 solum
1438 2845 1545 2871 vera
1571 2830 1807 2883 possident

321 2897 540 2940 memoria
571 2902 617 2937 et
651 2909 740 2936 non
772 2897 879 2944 vita,
914 2895 958 2935 hi
991 2895 1281 2947 deprivantur
1313 2893 1399 2933 illis
1431 2898 1534 2945 post
1567 2903 1806 2932 excessum
