1962 3334
553 282 659 315 CAP.
682 281 764 322 XL,
787 280 925 313 VERS.
954 272 1122 312 18.—N.
1144 269 1313 323 696[a].
1464 268 1466 270 ’
1569 270 1674 322 1857

254 400 271 413 ‘¹
284 398 320 430 Si
339 398 409 430 duo
429 407 473 428 ex
492 396 594 428 vobis
613 395 861 427 consenserint
880 394 915 426 in
936 394 1082 425 nomine
1103 403 1183 425 meo
1203 403 1310 433 super
1328 399 1422 424 terra
1440 393 1484 424 de
1504 392 1603 423 omni
1624 402 1676 429 re,

360 450 604 482 quamcunque
622 439 795 479 petierint,
814 438 873 469 fiet
891 438 960 469 illis
977 447 998 468 a
1019 437 1124 468 Patre
1141 446 1231 474 meo,
1249 437 1309 476 qui
1329 437 1365 466 in
1386 436 1493 467 caelis
1514 442 1588 467 est:
1616 435 1675 466 ubi

360 484 456 516 enim
468 482 572 515 [¹]du0
588 489 648 513 aut
665 489 736 513 tres
747 482 951 521 congregati
969 487 1052 512 sunt
1069 481 1104 511 in
1122 481 1269 511 nomine
1283 490 1374 517 meo,
1387 479 1436 510 ibi
1453 489 1531 510 sum
1550 479 1586 509 in
1604 489 1677 510 me-

359 528 420 559 dio
436 537 558 558 eorum
570 526 588 538 '’
604 526 747 566 (Mami.
765 525 861 556 xviii.
881 533 930 564 19,
949 524 1023 564 20):

186 638 246 678 ibi
280 636 396 691 [per]
423 636 717 676 “consentire
747 636 790 675 in
824 635 1005 675 nomine
1038 633 1261 681 Domini,'’
1290 640 1336 674 et
1367 633 1675 686 “congregari

185 701 230 741 in
261 701 443 741 nomine
470 698 654 752 IpsiUS‚’'
680 712 770 739 non
796 697 1068 750 intelligitur
1094 698 1138 737 in
1165 697 1264 737 solo
1290 697 1486 744 nomine,
1518 697 1598 736 sed
1631 696 1675 735 in

185 762 273 803 illis
298 776 413 816 quae
439 762 620 802 Domini
647 768 775 810 sunt‚.
794 774 908 813 quae
935 766 1039 800 sunt
1066 773 1172 800 vera
1198 758 1300 799 fidei
1329 765 1375 799 et
1402 759 1522 799 bona
1547 771 1674 798 amo-

184 825 258 872 ris,
291 838 370 878 per
406 838 520 877 quae.
556 823 732 864 colitur.
795 822 930 875 Quod
963 821 1203 869 “timere,”
1235 835 1338 862 cum
1370 822 1427 862 de
1460 821 1673 868 Domino,

187 886 409 940 significet
436 886 585 927 colere
611 893 658 927 et
684 886 889 933 revereri,
914 891 984 925 est
1018 885 1120 938 quia
1150 885 1195 924 in
1221 884 1347 925 cultu
1378 891 1425 925 et
1457 885 1502 924 in
1529 885 1675 925 omni-

185 949 267 989 bus
303 948 396 1002 ejus
433 955 503 990 est
540 949 677 989 timor
712 946 894 988 sanstus
930 954 977 988 et
1014 947 1299 995 venerabilis,
1333 949 1408 1001 qui
1444 954 1515 988 est
1553 947 1674 1001 quod

185 1011 475 1052 honorandus
506 1012 579 1059 sit,
612 1018 659 1052 et
698 1024 788 1051 non
825 1010 918 1051 ullo
950 1010 1087 1050 modo
1125 1010 1401 1060 laedendus;
1446 1017 1516 1051 est
1555 1011 1674 1051 enim

186 1076 302 1116 sicut
343 1075 566 1116 infantum
610 1088 719 1127 erga
759 1080 987 1127 parentes,
1030 1080 1269 1126 parentum
1314 1087 1423 1126 erga
1463 1074 1673 1120 infantes,

185 1151 378 1178 uxorum
413 1151 528 1190 -erga
568 1139 771 1185 maritos,
814 1143 860 1178 et
902 1137 1167 1177 maritorum
1208 1150 1317 1189 erga
1357 1147 1536 1184 uxores,
1577 1144 1674 1178 tum

184 1201 300 1241 sicut
325 1201 571 1240 amicorum
598 1213 706 1252 erga
731 1201 915 1247 amicos,
944 1199 1062 1252 apud
1088 1213 1200 1252 quos
1233 1206 1303 1239 est
1331 1200 1467 1240 timor
1497 1213 1552 1240 ne
1579 1200 1673 1240 lae-

185 1263 350 1303 dantur
375 1268 421 1302 et
453 1276 630 1315 quoque
662 1260 919 1315 respe&us;
957 1261 1033 1302 ille
1064 1263 1201 1302 timor
1232 1275 1332 1302 cum
1365 1260 1572 1315 respectu
1604 1270 1674 1303 est

183 1325 229 1365 in
255 1325 378 1366 omni
404 1337 557 1365 amore
583 1331 629 1365 et
661 1325 704 1364 in
732 1325 855 1365 omni
880 1325 1093 1371 amicitia,
1122 1319 1237 1364 adeo
1263 1331 1311 1365 ut
1338 1338 1464 1364 amor
1490 1331 1536 1365 et
1563 1326 1674 1365 ami-

184 1388 291 1428 citia
321 1387 490 1440 absque
521 1387 603 1427 tali
640 1388 802 1428 timore
837 1393 885 1427 et
922 1385 1129 1440 respectu
1167 1388 1224 1427 sit
1264 1388 1390 1440 quasi
1427 1388 1552 1428 cibus
1584 1401 1674 1428 non

185 1449 356 1497 salitus,
397 1450 470 1502 qui
510 1456 580 1490 est
623 1449 841 1490 insulsus:
890 1449 996 1490 inde
1036 1463 1152 1489 nunc
1194 1456 1264 1490 est
1312 1450 1433 1503 quod
1477 1451 1676 1491 “timere

186 1511 459 1552 Dominum‘’
484 1513 542 1552 sit
568 1512 717 1553 colere
744 1513 898 1565 Ipsum
924 1526 983 1552 ex
1010 1512 1095 1553 tali
1121 1526 1288 1553 amore.
1351 1513 1529 1553 Dicitur
1554 1513 1675 1566 quod

185 1588 263 1628 per
295 1576 492 1615 “timere
529 1588 693 1615 nomen
727 1575 886 1616 tuum'’
918 1575 1197 1628 significetur
1227 1575 1377 1616 colere
1411 1576 1673 1624 Dominum,

184 1643 231 1678 et
263 1643 418 1678 tamen
449 1651 528 1690 per
561 1639 816 1678 “timentes
849 1638 1002 1690 Ipsum
1018 1637 1036 1652 ”
1062 1638 1381 1690 intelliguntur
1412 1638 1484 1678 hic
1517 1652 1676 1680 omnes

185 1700 259 1753 qui
290 1706 423 1740 extra
449 1699 689 1741 ecclesiam
716 1706 836 1748 sunt,
864 1700 1023 1753 quibus
1055 1706 1211 1740 tamen
1241 1701 1463 1741 Dominus
1489 1702 1675 1754 ignotus

185 1768 271 1810 est,
298 1776 358 1803 ex
385 1776 520 1803 causa
545 1764 648 1816 quia
674 1776 763 1803 non
787 1763 958 1803 habent
982 1762 1211 1813 Verbum;
1245 1763 1325 1803 sed
1352 1777 1490 1816 usque
1517 1777 1676 1805 omnes

185 1839 245 1866 ex
271 1825 358 1865 illis
383 1832 682 1879 acceptantur
707 1839 733 1866 a
760 1825 972 1873 Domino,
997 1827 1071 1878 qui
1097 1827 1154 1866 de
1182 1825 1282 1866 Deo
1304 1827 1451 1866 ideam
1477 1827 1675 1868 Humani

185 1887 371 1936 habent,
401 1888 523 1929 Deus
555 1889 675 1929 enim
706 1888 789 1928 sub
819 1888 963 1929 forma
996 1888 1210 1928 Humana
1240 1896 1310 1929 est
1339 1889 1586 1930 Dominus:
1626 1898 1675 1932 at

183 1964 292 1991 vero
323 1964 494 1999 ornnes,
529 1952 622 1992 sive
653 1952 772 1992 intra
803 1952 897 1991 sive
935 1958 1069 1992 extra
1100 1951 1341 1992 ecclesiam
1373 1953 1478 1999 sint,
1512 1955 1586 2006 qui
1618 1955 1674 1995 de

185 2013 285 2054 Deo
323 2027 413 2054 non
450 2015 566 2055 sicut
604 2015 660 2055 de
699 2014 898 2054 Homine
935 2015 1159 2067 cogitant,
1198 2015 1262 2055 illi
1303 2016 1408 2055 dum
1450 2017 1494 2056 in
1531 2018 1673 2058 vitam

184 2089 311 2116 suam
337 2077 615 2130 spiritualem
641 2078 842 2125 veniunt,
871 2077 991 2130 quod
1018 2076 1067 2117 fit
1099 2084 1204 2130 post
1231 2086 1558 2119 excessum'ex
1586 2079 1673 2121 hoc

171 2140 367 2187 cmundo,
396 2153 485 2180 non
518 2146 817 2193 acceptantur
848 2154 874 2180 a
907 2140 1120 2188 Domino,
1148 2142 1250 2194 quia
1282 2141 1346 2181 illi
1379 2155 1469 2182 non
1502 2142 1674 2184 habent

185 2201 382 2255 aliquam
413 2203 560 2243 ideam
593 2203 649 2243 de
682 2203 782 2243 Deo
809 2203 1178 2251 determinatam,
1208 2204 1287 2244 sed
1315 2205 1673 2253 interminatam,

185 2278 299 2318 quae
336 2265 459 2306 nulla
490 2272 587 2315 est;
631 2271 678 2306 et
712 2266 748 2305 si
785 2265 935 2318 aliqua
966 2266 1039 2313 sit,
1073 2280 1212 2319 usque
1245 2267 1517 2320 dissipatum
1560 2282 1675 2322 quae

185 2341 320 2368 causa
346 2334 415 2368 est
442 2328 562 2381 quod
587 2341 744 2368 omnes
771 2329 844 2381 qui
871 2342 895 2368 e
922 2329 1052 2368 terris
1080 2330 1124 2368 in
1151 2330 1367 2370 mundum
1394 2332 1675 2384 spiritualem

184 2390 386 2438 veniunt,
407 2392 595 2443 primum
614 2390 911 2443 explorentur
929 2390 1108 2443 qualem
1130 2392 1278 2432 ideam
1301 2394 1357 2433 de
1381 2393 1481 2434 Deo
1504 2394 1673 2435 habue-

185 2453 274 2493 rint
300 2459 346 2492 et
373 2466 525 2493 secum
550 2453 725 2503 ferunt;
759 2454 794 2493 si
822 2466 911 2493 non
939 2460 987 2494 ut
1014 2454 1070 2494 de
1099 2453 1312 2502 Homine,
1336 2457 1455 2508 quod
1483 2458 1673 2498 mittan-

186 2522 259 2555 tur
289 2515 346 2555 ad
378 2514 478 2555 loca
510 2514 818 2556 instruffionis
850 2522 896 2556 et
928 2516 1179 2557 doceantur
1209 2518 1329 2570 quod
1362 2518 1583 2560 Dominus
1615 2522 1674 2561 sit

187 2576 310 2617 Deus
347 2577 462 2618 caeli
497 2584 543 2618 et
576 2585 736 2625 terrae,
775 2585 822 2619 et
859 2579 979 2631 quod
1016 2592 1116 2619 cum
1154 2580 1210 2621 de
1242 2581 1355 2629 Deo,
1389 2583 1445 2623 de
1476 2582 1674 2624 Domino

186 2645 398 2692 oporteat
430 2641 646 2692 cogitare,
681 2647 727 2681 et
763 2641 883 2694 quod
915 2641 1080 2695 alioqui
1113 2656 1201 2683 non
1233 2643 1383 2698 aliqua
1414 2645 1528 2686 foret
1561 2659 1671 2686 con-

180 2699 352 2754 junftio
382 2715 483 2742 cum
521 2702 634 2750 Deo,
668 2710 714 2743 et
752 2703 855 2744 inde
893 2717 973 2744 nec
1012 2707 1293 2747 consociatio
1330 2720 1432 2747 cum
1464 2708 1669 2760 angelis;

187 2772 293 2805 tunc
313 2778 470 2805 omnes
487 2767 560 2818 qui
578 2767 718 2806 vitam
737 2766 973 2808 charitatis
991 2768 1218 2817 vixerunt,
1237 2771 1457 2823 recipiunt
1477 2772 1672 2812 instruc-

187 2828 359 2868 tionem
390 2841 440 2868 ac
475 2828 718 2868 Dominum
749 2829 932 2870 colunt:
975 2836 1023 2871 at
1057 2844 1215 2873 omnes
1246 2834 1319 2886 qui
1357 2834 1514 2874 dicunt
1546 2848 1595 2874 se
1626 2835 1671 2875 in

186 2889 274 2930 fide
299 2889 445 2939 fuisse,
470 2890 548 2931 sed
575 2904 664 2931 non
686 2891 862 2933 fuerunt
890 2893 932 2932 in
955 2893 1049 2934 vita
1075 2893 1190 2944 fidei,
1215 2909 1329 2948 quae
1355 2903 1424 2937 est
1452 2896 1670 2947 charitas,
