1962 3334
251 292 358 336 1350
660 286 995 327 APOCALYPSIS
1024 294 1326 328 EXPLICATA.

311 406 460 438 “Mittet
478 407 589 439 Filius
603 407 760 439 hominis
778 408 928 448 angelos
943 419 1037 447 suos,
1053 410 1112 450 qui
1131 410 1301 450 colligent
1319 420 1337 442 e
1355 420 1467 450 regno
1483 410 1599 451 Ipsius
1613 411 1738 443 omnia

418 450 644 490 offendicula,
663 458 698 483 et
715 462 777 483 eos
795 452 855 492 qui
873 452 1009 484 faciunt
1027 453 1264 493 iniquitatem,
1282 460 1317 485 et
1334 454 1478 485 mittent
1495 464 1557 486 eos
1575 455 1612 485 in
1630 455 1738 486 cami-

420 504 504 525 num
524 495 619 534 ignis
622 520 722 527 .....
734 495 774 526 In
790 497 1105 527 consummatione
1123 497 1257 527 saeculi
1276 497 1423 528 exibunt
1441 498 1570 537 angeli,
1585 504 1621 529 et
1637 508 1738 538 sepa-

418 539 547 569 rabunt
572 539 686 570 malos
712 549 730 570 e
756 539 875 570 medio
892 539 1080 579 justorum,
1106 546 1141 571 et
1166 540 1362 579 conjicient
1387 541 1469 572 illos
1494 541 1530 572 in
1555 541 1737 572 caminum

417 581 531 621 ignis;
558 582 606 612 ibi
623 582 690 613 erit
708 582 870 622 ploratus
889 589 924 614 et
943 583 1076 614 stridor
1091 583 1253 614 dentium
1266 583 1282 595 '¹
1297 584 1382 623 (xiii.
1400 593 1453 623 41,
1467 593 1519 623 42,
1533 593 1586 624 49,
1603 585 1677 624 50):

244 669 364 723 quod
392 668 463 709 hic
491 683 569 722 per
598 669 865 709 “caminum
893 670 1009 722 ignis
1022 669 1040 684 ''
1064 683 1141 710 seu
1167 670 1397 711 fornacem
1425 670 1739 723 intelligantur

244 732 428 780 inferna,
458 738 614 786 patet;
651 733 1024 773 “consummatio
1057 733 1256 773 saeculi’‘
1282 741 1352 774 est
1385 733 1593 774 ultimum
1620 740 1738 774 tem-

244 808 326 847 pus
353 794 588 843 ecclesiae,
615 795 796 848 quando
818 795 1058 847 judicium;
1092 796 1212 849 quod
1236 795 1342 837 tunc
1367 797 1473 837 mali
1496 797 1736 850 separandi

244 857 334 897 sint
362 871 387 897 a
410 857 553 906 bonis,
578 864 624 898 et
651 857 715 897 illi
741 859 785 897 in
808 858 1028 898 infernum
1052 858 1334 911 conjiciendi,
1360 859 1639 912 significatur
1660 874 1739 913 per

244 920 364 973 quod
400 920 591 973 “angeli
623 921 845 974 colligent
878 922 1030 962 omnia
1057 921 1340 971 offendicula,
1375 929 1421 963 et
1454 936 1532 963 eos
1564 923 1638 976 qui
1673 923 1738 963 fa-

244 983 368 1023 ciunt
401 983 727 1037 iniquitatem‚’'
760 990 806 1024 et
840 985 960 1037 quod
996 985 1312 1038 “separabunt
1345 985 1490 1025 malos
1528 999 1551 1026 e
1589 986 1738 1026 medio

239 1044 476 1097 justorum,
506 1053 551 1087 et
579 1047 681 1087 illos
708 1046 951 1099 conjicient
983 1048 1027 1087 in
1060 1049 1286 1088 caminum
1313 1048 1481 1100 ignis:'’
1518 1048 1738 1089 infernum

243 1115 432 1148 vocatur
462 1110 700 1149 “caminus
727 1110 843 1162 ignis
856 1109 874 1124 ”
901 1111 1005 1163 quia
1037 1117 1225 1163 apparet
1258 1111 1450 1163 ignitum
1483 1125 1542 1151 ex
1574 1111 1738 1151 amori-

243 1171 325 1212 bus
352 1173 416 1212 sui
445 1178 490 1213 et
518 1173 698 1224 mundi;
732 1173 851 1226 quod
881 1174 1104 1214 cruciatus
1136 1188 1195 1214 ex
1222 1174 1290 1214 his
1317 1174 1544 1214 amoribus
1570 1173 1737 1214 intelli-

244 1242 378 1288 gatur
405 1250 483 1289 per
508 1236 698 1288 “ignem
722 1236 1026 1284 infernalem,’‘
1049 1237 1256 1277 videatur
1282 1238 1325 1277 in
1353 1251 1488 1290 opere
1512 1236 1580 1277 De
1609 1236 1740 1278 Caelo

242 1303 285 1337 et
307 1297 490 1348 Inferna
507 1307 552 1345 (n.
570 1308 739 1346 566-575)-
801 1297 941 1350 Apud
963 1297 1256 1346 Malachiam,

311 1391 431 1437 “Ecce
450 1391 527 1422 dies
545 1392 695 1423 veniens
713 1392 854 1429 ardens,
873 1392 965 1423 sicut
985 1393 1159 1429 clibanus,
1179 1402 1249 1432 quo
1270 1399 1375 1424 erunt
1393 1402 1520 1424 omnes
1539 1392 1740 1424 insolenter

419 1442 610 1475 peccantes
624 1442 658 1467 et
676 1436 795 1467 omnis
810 1442 979 1476 operator
996 1437 1155 1467 malitiae
1170 1437 1322 1476 stipula:
1341 1442 1375 1467 et
1393 1436 1564 1468 accendet
1581 1446 1644 1467 eos
1661 1436 1738 1467 dies

420 1479 570 1510 veniens
583 1479 601 1490 ''
615 1479 675 1518 (iii.
694 1488 733 1520 19
749 1477 806 1521 [B.
821 1481 865 1511 A.
879 1480 922 1511 iv.
938 1477 1005 1520 1]):

244 1564 357 1606 haec
391 1578 568 1618 quoque
601 1563 720 1605 dicta
752 1571 856 1606 sunt
895 1565 950 1606 de
990 1565 1149 1606 ultimo
1182 1572 1388 1618 tempore
1421 1564 1656 1613 ecclesiae,
1690 1570 1737 1606 et

244 1628 300 1668 de
323 1628 483 1668 ultimo
504 1628 672 1680 judicio
699 1634 806 1668 tunc
828 1643 836 1678 ;
873 1629 1007 1668 “dies
1034 1628 1252 1669 veniens”
1276 1628 1361 1669 hoc
1390 1635 1435 1669 et
1463 1627 1572 1668 illud
1598 1628 1737 1680 signi-

244 1690 374 1731 ficat:
415 1705 493 1744 per
522 1691 786 1731 “clibanum
801 1691 819 1706 ‘⁹
847 1692 985 1732 etiam
1013 1691 1283 1744 intelligitur
1315 1691 1535 1732 infernum
1569 1691 1642 1731 ubi
1673 1691 1738 1732 illi

195 1772 199 1776 ·
245 1755 317 1807 qui
350 1753 620 1794 confirmant
655 1768 706 1794 se
739 1753 943 1795 doctrina
974 1755 1018 1794 in
1056 1754 1179 1794 falsis
1216 1760 1261 1794 et
1299 1755 1393 1794 vita
1430 1755 1474 1794 in
1512 1754 1641 1794 malis
1678 1768 1738 1795 ex

245 1818 473 1858 amoribus
500 1817 789 1858 terrestribus
813 1824 859 1858 et
887 1818 1140 1870 corporeis;
1175 1817 1294 1870 quod
1322 1817 1383 1857 illi
1411 1831 1469 1857 ex
1496 1817 1584 1857 suis
1610 1830 1737 1858 arno-

244 1880 363 1920 ribus
386 1881 569 1933 perituri
597 1881 699 1928 sint,
725 1880 995 1933 intelligitur
1021 1894 1099 1933 per
1125 1880 1244 1933 quod
1271 1883 1466 1920 “omnes
1489 1879 1740 1920 insolenter

246 1950 492 1997 peccantes
542 1950 587 1983 et
634 1944 780 1983 omnis
828 1950 1042 1996 operator
1089 1943 1288 1984 malitiae
1335 1944 1418 1983 erit
1465 1942 1643 1996 stipula,
1691 1949 1738 1983 et

248 2006 474 2047 accendet
501 2020 578 2047 eos
606 2006 810 2046 clibanus
828 2006 861 2056 ;''
902 2006 1189 2047 “insolenter
1220 2012 1466 2059 peccantes
1482 2005 1501 2020 ’'
1528 2011 1633 2046 sunt
1665 2005 1738 2058 qui

245 2068 516 2110 confirmant
541 2083 588 2109 se
611 2067 815 2109 dofflina
837 2070 880 2109 in
904 2069 1040 2117 falsis,
1057 2076 1104 2110 et
1122 2073 1372 2122 “operator
1387 2068 1586 2108 malitiae
1599 2067 1737 2108 ”sunt

245 2133 318 2190 qui
345 2131 616 2172 confirmant
644 2146 691 2172 se
718 2133 811 2172 vita
838 2133 880 2172 in
909 2132 1052 2172 malis.
1114 2131 1251 2184 Apud
1278 2130 1537 2179 Hosclzeam,

312 2222 330 2236 ‘⁴
342 2222 410 2253 Per
429 2222 603 2253 malitiam
625 2222 727 2253 su'am
746 2221 942 2253 laetificant
961 2231 1092 2261 regern,
1111 2227 1147 2252 et
1166 2230 1229 2260 per
1246 2221 1435 2253 mendacia
1453 2230 1518 2251 sua
1537 2220 1737 2260 principes;

420 2275 547 2296 omnes
562 2266 809 2296 adulterantes
824 2266 915 2296 sicut
929 2265 1091 2296 clibanus
1106 2265 1276 2295 incensus
1294 2274 1315 2295 a
1332 2265 1488 2304 pistore;
1513 2269 1632 2295 cessat
1645 2263 1738 2295 exci-

420 2315 516 2340 tator
535 2319 556 2340 a
576 2309 778 2347 subigendo
804 2318 963 2340 massam
988 2318 1101 2348 usque
1126 2308 1171 2339 ad
1195 2308 1512 2338 fermentationem
1538 2307 1627 2346 ejus.
1658 2331 1665 2338 .
1680 2331 1687 2338 .
1702 2332 1709 2338 .
1724 2331 1732 2339 .

421 2353 576 2394 Quando
591 2352 836 2383 converterint
851 2353 941 2383 sicut
952 2352 1115 2383 clibanus
1130 2351 1289 2382 animum
1305 2361 1409 2382 suum
1428 2351 1463 2381 in
1482 2350 1643 2381 insidiari
1661 2360 1736 2388 suo,

420 2402 495 2427 tota
507 2394 612 2427 nocte
624 2396 807 2426 dormiens
820 2396 933 2435 pistor
946 2405 1081 2432 eorum,
1097 2405 1203 2425 mane
1215 2395 1273 2425 ille
1287 2395 1417 2425 ardens
1430 2394 1521 2425 sicut
1533 2393 1627 2433 ignis
1638 2394 1738 2424 flam-

420 2450 501 2471 mae
517 2451 523 2471 :
549 2449 677 2470 omnes
691 2439 915 2470 incalescunt
929 2439 1023 2470 sicut
1041 2439 1213 2476 clibanus,
1229 2444 1263 2468 et
1281 2438 1472 2469 comedent
1487 2437 1624 2477 judices
1641 2446 1736 2476 suos,

421 2493 548 2514 omnes
569 2493 672 2521 reges
693 2492 817 2513 eorum
840 2482 979 2520 cadent,
1001 2492 1074 2513 non
1100 2482 1262 2513 clamans
1283 2481 1376 2512 inter
1400 2491 1464 2512 eos
1484 2481 1530 2512 ad
1556 2480 1627 2512 Me.
1657 2505 1665 2512 .
1680 2505 1687 2512 .
1701 2505 1709 2512 .
1723 2507 1732 2513 .

422 2526 592 2567 Ephraim
613 2524 730 2557 factus
745 2526 882 2566 collyra
900 2536 974 2556 non
993 2525 1198 2556 conversa’'
1213 2523 1321 2564 (mvii.
1338 2525 1434 2565 3-8):

246 2630 324 2670 per
350 2615 462 2656 haec
496 2616 540 2655 in
573 2628 706 2655 sensu
733 2614 951 2667 spirituali
978 2614 1291 2654 describuntur
1317 2612 1392 2652 filii
1417 2612 1588 2665 Jacobi,
1616 2611 1736 2665 quod

246 2693 306 2720 ex
343 2679 570 2719 amoribus
607 2678 673 2718 sui
710 2683 756 2717 et
795 2677 948 2717 mundi
980 2676 1290 2717 converterint
1323 2689 1455 2715 omne
1487 2675 1655 2715 bonum
1691 2675 1736 2714 in

248 2741 429 2789 malum,
451 2747 496 2781 et
519 2740 624 2780 inde
647 2753 781 2780 omne
800 2752 955 2779 verum
979 2739 1022 2779 in
1045 2738 1230 2779 falsum:
1265 2752 1342 2791 per
1362 2738 1584 2790 “regem’'
1602 2750 1735 2791 quem

247 2818 325 2857 per
347 2803 567 2844 malitiam
591 2801 856 2850 laetificant,
881 2801 1158 2854 significatur
1176 2814 1309 2841 omne
1331 2800 1491 2840 falsum
1515 2814 1574 2840 ex
1598 2799 1733 2848 malo,

250 2873 370 2908 “rex
383 2867 401 2882 '’
420 2868 538 2908 enim
563 2865 787 2919 significat
811 2878 965 2906 verum
989 2879 1047 2905 ex
1070 2865 1205 2911 bono,
1226 2863 1344 2922 acnin
1368 2863 1579 2916 opposito
1602 2874 1736 2902 sensu

247 2930 407 2971 falsum
440 2944 498 2971 ex
531 2929 680 2981 ma103
723 2935 770 2970 et
806 2942 886 2982 per
920 2927 1214 2981 “principes”
1247 2940 1358 2980 quos
1389 2939 1468 2979 per
1499 2924 1735 2965 mendacia
